4342 7459
940 1230 1196 1315 rnaunmum.
1665 1246 1722 1313 scr

408 1407 489 1481 Quid
509 1407 590 1467 enim
610 1405 705 1468 hahet
723 1404 921 1485 turpitudinis
940 1404 1073 1484 Appium
1091 1401 1253 1465 Claudium
1271 1403 1309 1462 ll.
1325 1402 1441 1465 Scauro
1460 1420 1532 1464 csse
1550 1403 1729 1464 inimicum‘l

408 1500 512 1575 Quid?
531 1518 608 1563 avus
627 1500 694 1562 eius
714 1500 746 1560 P.
766 1499 908 1560 Africano
928 1516 990 1558 non
1010 1498 1087 1559 initi
1118 1496 1222 1570 Quid?
1241 1496 1312 1558 mihi
1331 1496 1391 1576 ipsi
1410 1494 1493 1558 idem
1512 1496 1594 1558 iste?
1625 1495 1729 1569 Quid?

408 1612 466 1672 ego
485 1592 549 1654 illi‘l
591 1596 678 1667 Quae
703 1592 878 1652 inimicitiae
905 1590 1044 1652 dolorem
1071 1592 1194 1670 utrique
1223 1597 1362 1651 nostrum
1391 1590 1521 1651 tortasse
1550 1589 1726 1669 aliquando,

408 1686 547 1749 dedecus
558 1705 632 1748 vero
651 1694 735 1746 certe
756 1703 923 1764 numquam
950 1683 1129 1745 attulerunt.
1177 1685 1222 1746 33.
1252 1683 1432 1745 Successori
1455 1682 1604 1745 decessor
1621 1682 1729 1744 invidit

408 1789 440 1841 et
452 1780 547 1841 voluit
566 1798 637 1842 eum
658 1798 751 1858 quam
771 1779 904 1840 maxime
925 1779 1087 1850 offensum,
1108 1796 1170 1857 quo
1191 1779 1288 1855 magis
1307 1778 1405 1858 ipsius
1424 1778 1571 1839 memoria
1591 1777 1752 1843 excelle-s

408 1884 470 1935 ret:
493 1893 545 1935 res
564 1892 625 1935 nou
646 1872 738 1934 modo
759 1890 820 1933 uon
841 1870 1292 1947 abhorrensaconsuetudiue,
1313 1869 1370 1932 sed
1383 1872 1494 1932 usitata
1514 1870 1680 1931 etiamnum
1699 1879 1730 1931 et

407 1967 499 2029 valde
514 1975 697 2048 pervagata.
736 1969 845 2046 Neque
865 1986 938 2027 vero
959 1973 1021 2028 tam
1040 1968 1118 2027 haec
1137 1966 1204 2046 ipsa
1225 1966 1402 2044 quotidiana
1420 1983 1472 2026 res
1488 1966 1621 2046 Appium
1634 1963 1729 2027 Clau-

409 2059 492 2122 dium
512 2060 564 2124 illa
582 2062 770 2123 humanitate
792 2071 823 2123 et
842 2061 991 2141 sapientia
1013 2060 1185 2139 praeditum
1206 2079 1264 2140 per
1275 2078 1311 2120 se
1322 2062 1390 2140 ipsa
1404 2060 1562 2137 movisset,
1577 2059 1634 2120 nisi
1648 2059 1730 2120 hunc

409 2155 445 2216 C.
467 2153 598 2232 Claudii,
619 2156 721 2218 iratris
741 2156 801 2223 sui.
823 2156 1054 2234 competitorem
1073 2155 1139 2214 lore
1157 2161 1308 2234 putasset.

485 2251 530 2310 34.
562 2250 620 2324 Qui
640 2250 705 2311 sive
725 2251 874 2330 patricius
894 2252 959 2311 sive
979 2248 1123 2328 plebeius
1143 2256 1228 2310 esset
1247 2246 1398 2323 (noudum
1419 2247 1500 2308 enim
1516 2254 1634 2308 certum
1654 2265 1770 2312 con-ro

408 2343 583 2421 stituerati,
613 2362 683 2405 cum
711 2345 768 2406 hoc
794 2343 852 2405 sibi
879 2344 1107 2405 contentionem
1133 2343 1197 2402 lore
1224 2340 1370 2421 putabat;
1399 2341 1519 2420 Appius
1545 2348 1646 2401 autem
1673 2341 1731 2401 boc

409 2437 557 2498 maiorem
577 2437 685 2511 etiam,
706 2438 791 2519 quod
809 2437 894 2499 illum
914 2440 945 2498 in
965 2437 1161 2517 pontificatus
1181 2436 1347 2516 petitione,
1367 2435 1399 2495 in
1418 2434 1547 2510 saliatu,
1568 2435 1599 2494 in
1619 2435 1732 2495 ceteris

409 2531 592 2591 meminerat
610 2531 705 2593 luisse
717 2531 889 2610 patricium.
932 2532 1031 2603 Quam
1045 2528 1214 2590 chremse
1228 2526 1356 2589 consule
1370 2545 1473 2607 neque
1487 2525 1594 2608 repelli
1607 2528 1731 2588 tratrem

411 2622 545 2702 volebat,
567 2642 682 2703 neque,
703 2625 729 2684 si
748 2625 896 2704 patricius
923 2632 1019 2698 esset,
1043 2641 1151 2703 parem
1177 2623 1294 2684 Scauro
1320 2622 1384 2683 lore
1404 2619 1548 2698 videbat,
1573 2622 1631 2681 nisi
1651 2621 1733 2682 hunc

411 2715 513 2795 aliquo
534 2726 587 2778 aut
606 2727 691 2778 metu
710 2726 763 2779 aut
782 2718 904 2779 iniamia
923 2715 1118 2798 perculisset.
1742 2732 1770 2777 rs

486 2813 531 2873 35.
563 2812 627 2889 Ego
647 2811 678 2872 id
699 2812 782 2872 fratri
802 2812 832 2871 in
853 2811 969 2872 honore
989 2811 1090 2871 fratris
1116 2808 1304 2888 amplissimo
1329 2827 1390 2870 nou
1411 2805 1644 2869 eoncedendum
1671 2826 1732 2887 pu·

411 2911 484 2978 tem,
507 2908 689 2982 praesertim
714 2905 778 2982 qui,
807 2903 881 2983 quid
909 2922 995 2966 amor
1017 2904 1171 2964 fraternus
1189 2901 1306 2978 valeat,
1335 2920 1436 2981 paene
1460 2910 1585 2982 practer
1612 2911 1733 2965 ceteros

412 2996 567 3059 seutiam?
591 3030 618 3042 -
643 3001 682 3059 At
701 2999 782 3059 enim
803 2999 897 3059 irater
916 2998 976 3059 iam
997 3016 1058 3058 non
1078 2998 1165 3077 petit.
1189 3025 1221 3036 -
1244 2994 1325 3070 Quid
1344 2996 1431 3057 tum?
1467 2996 1498 3056 Si
1523 2993 1574 3057 ille
1594 3005 1734 3058 retentus

412 3106 430 3150 a
449 3097 560 3151 cuncta
580 3091 652 3151 Asia
674 3089 830 3170 supplice,
856 3092 880 3151 si
901 3109 919 3151 a
940 3089 1201 3168 negotiatoribus,
1222 3090 1248 3150 si
1269 3108 1286 3150 a
1306 3089 1498 3170 publicanis,
1526 3090 1551 3150 si
1572 3088 1612 3149 ab
1632 3091 1733 3150 omni·

411 3182 471 3243 hus
499 3184 591 3244 sociis
618 3182 738 3245 civibus
765 3193 911 3245 exoratus
934 3185 1110 3265 anteposuit
1135 3183 1243 3244 honori
1266 3201 1323 3245 suo
1350 3183 1510 3245 commoda
1541 3182 1772 3263 salutemqucao

411 3276 600 3355 provinciae,
622 3285 787 3357 propterea
807 3286 899 3356 putas
921 3276 1017 3339 semel
1039 3276 1249 3339 exulceratum
1269 3279 1404 3339 animum
1419 3285 1481 3339 tam
1494 3276 1582 3341 facile
1596 3279 1735 3357 potuisse
1812 3325 1815 3330 .

413 3370 536 3432 sanari?

488 3465 535 3525 36.
567 3466 760 3543 Quamquam
780 3463 897 3526 inistis
918 3464 1063 3525 omnihus
1081 3466 1190 3541 rebus,
1210 3467 1393 3545 praesertim
1413 3466 1497 3547 apud
1511 3466 1650 3528 homines
1666 3466 1736 3528 har-

414 3555 507 3618 baros
528 3557 631 3636 opinio
656 3556 728 3636 plus
746 3556 831 3619 valet
853 3576 955 3637 saepe·
975 3576 1068 3637 quam
1097 3576 1148 3619 res
1167 3560 1246 3638 ipsa.
1292 3560 1477 3622 Persuasum
1503 3569 1552 3622 cst
1573 3559 1681 3622 Sardis
1701 3578 1736 3621 se

414 3648 486 3709 nibil
511 3649 611 3730 Appio
638 3652 754 3728 gratius
779 3669 851 3712 esse
876 3652 1028 3727 tacturos,
1055 3670 1149 3731 quam
1176 3653 1201 3714 si
1228 3651 1268 3713 dc
1288 3653 1395 3714 Scauri
1421 3653 1500 3715 lama
1527 3654 1775 3728 detraxerint;ss

415 3742 580 3805 multorum
602 3746 693 3806 etiam
713 3764 770 3827 spe
788 3745 1020 3808 commodorum
1045 3748 1315 3827 praemiorumque
1340 3745 1508 3824 ducuntur;
1536 3748 1638 3809 omnia
1660 3766 1737 3808 con-

415 3835 516 3898 sulem
536 3845 646 3918 putant
664 3858 770 3919 posse,
792 3842 976 3920 praesertim
996 3840 1076 3903 ultro
1096 3840 1302 3921 pollicentem.
1342 3843 1387 3903 De
1409 3860 1470 3921 quo
1489 3842 1578 3922 plura
1596 3843 1656 3903 iam
1676 3860 1738 3902 non

416 3927 526 3992 dicam.
568 3932 615 3994 37.
637 3935 831 4013 Quamquam
851 3952 899 4011 ea,
920 3952 1001 4013 quae
1021 3933 1095 4011 dixi,
1117 3951 1182 3996 uon
1199 3953 1292 3996 secus
1305 3934 1379 4013 dixi,
1400 3953 1493 4014 quam
1514 3935 1540 3996 si
1560 3937 1627 3996 eius
1647 3936 1740 3996 irater

416 4040 530 4100 essem,
551 4043 615 4086 non
633 4026 672 4099 is,
694 4027 746 4105 qui
766 4035 798 4087 et
816 4035 865 4087 est
885 4028 989 4105 etqui
1010 4027 1105 4089 multa
1125 4026 1212 4105 dixit,
1233 4026 1291 4089 sed
1305 4029 1344 4105 is,
1365 4027 1418 4106 qui
1437 4046 1494 4106 ego
1507 4046 1579 4089 esse
1592 4029 1622 4091 in
1635 4045 1739 4088 meum

415 4117 574 4178 consuevi.
614 4118 726 4179 Generi
750 4120 843 4198 igitur
870 4121 962 4180 totius
988 4120 1194 4181 accusationis
1217 4122 1380 4195 resistere,
1398 4121 1532 4194 iudices,
1554 4119 1688 4196 dehetis,
1708 4122 1777 4182 insa

415 4227 477 4288 quo
492 4209 565 4271 nihil
580 4228 677 4288 more,
698 4211 771 4273 nihil
786 4210 888 4290 modo,
908 4212 983 4271 nihil
997 4210 1204 4289 considerate,
1225 4211 1299 4274 nihil
1312 4212 1445 4290 integre,
1465 4221 1570 4274 contra
1586 4212 1738 4293 impmbe,

415 4303 551 4380 turbide,
572 4304 764 4381 festinanter,
784 4304 892 4384 rapide
906 4305 1019 4381 omnia,
1041 4306 1280 4385 conspiratione,
1300 4305 1442 4384 imperio,
1463 4305 1655 4383 auctoritate,
1670 4324 1738 4385 spe,

415 4397 506 4458 minis
526 4396 639 4458 videtis
659 4416 731 4459 esse
750 4406 907 4477 suscepta.

468 4505 470 4510 ·
491 4494 536 4552 38.
568 4491 665 4551 Venio
684 4509 768 4552 nunc
786 4491 826 4553 cd
846 4500 958 4569 testes,
985 4494 1016 4552 in
1037 4491 1152 4572 quibus
1173 4490 1293 4553 docebo
1311 4510 1373 4553 non
1400 4489 1492 4552 modo
1511 4490 1626 4554 nullam
1647 4491 1739 4554 fidem

417 4583 692 4662 etauctoritatem,
713 4582 770 4645 sed
790 4602 830 4645 ne
850 4584 988 4664 speciem
1007 4583 1134 4664 quidem
1155 4602 1226 4646 esse
1246 4594 1300 4646 aut
1317 4584 1482 4664 imaginem
1502 4586 1636 4648 testium.
1664 4587 1777 4647 Ere-sa

417 4678 480 4738 nim
500 4674 593 4737 fidem
613 4678 745 4757 primum
771 4678 839 4756 ipsa
859 4675 937 4739 tollit
956 4678 1131 4755 consensio,
1160 4696 1241 4758 quae
1268 4678 1420 4758 patefacta
1444 4686 1493 4740 est
1517 4683 1739 4759 compromisso

482 4906 507 4955 ἱ.
530 4918 593 4954 ocos
608 4905 658 4954 AT.
674 4929 700 4939 -
714 4904 768 4953 cist
784 4915 838 4953 om.
852 4904 882 4955 A.
903 4928 929 4939 -
949 4902 974 4955 l.
995 4917 1134 4954 sawsrsaon
1151 4906 1181 4954 A.
1198 4931 1224 4941 -
1246 4906 1271 4954 s.
1289 4909 1313 4954 et
1329 4916 1384 4955 cm.
1402 4906 1431 4957 Τ.
1452 4930 1480 4941 -
1497 4908 1645 4957 moncatum
1661 4908 1740 4958 laesa

416 4988 479 5033 reret
497 4986 527 5034 A.
545 5008 578 5019 -
596 4981 619 5031 6.
642 4980 828 5028 etiamsinon
843 4979 959 5044 percep]
976 4980 1016 5029 sic
1032 4980 1098 5039 ΡΒ.;
1117 4980 1193 5029 etim
1209 4984 1232 5028 et
1248 4979 1320 5029 vuldo
1340 4985 1482 5044 poocpota
1503 4981 1543 5041 Τ..
1566 4983 1702 5031 ammaum
1718 4989 1741 5033 et

416 5059 567 5123 halpalaeA.
603 5053 694 5105 Scribe
711 5055 853 5105 mantuae
871 5058 900 5104 ut
915 5068 964 5119 pro
982 5054 1075 5105 Flacco
1093 5054 1117 5118 fi.
1137 5054 1162 5104 3.
1183 5080 1210 5091 -
1232 5054 1257 5104 Τ.
1280 5060 1364 5105 tornes
1379 5056 1424 5115 Τ.;
1443 5069 1496 5107 om.
1514 5059 1612 5108 Ascon.
1629 5058 1673 5120 qui
1692 5058 1740 5106 ha-

418 5132 464 5182 bat
489 5133 568 5181 haec:
593 5130 678 5191 Neque
698 5142 759 5179 cero
775 5155 789 5166 ·
805 5156 819 5166 ·
836 5134 902 5180 caat.
919 5129 974 5194 scre
993 5129 1108 5191 putchct.
1129 5155 1156 5166 -
1177 5128 1216 5178 40.
1241 5130 1352 5179 acediari
1367 5131 1463 5180 Ascon.
1482 5132 1510 5180 et
1525 5131 1569 5181 Τ.;
1593 5146 1644 5181 aaa
1660 5138 1690 5181 A.
1710 5158 1737 5168 -

419 5210 458 5257 tl.
481 5207 528 5256 siti
553 5210 648 5255 carran
672 5204 850 5254 contentionem
867 5207 897 5255 A.
929 5230 956 5241 -
986 5203 1027 5255 rt.
1054 5217 1134 5267 acque
1155 5204 1207 5265 ipra
1226 5205 1247 5251 rt
1268 5204 1297 5254 Τ.
1323 5231 1349 5240 -
1374 5205 1413 5254 tr.
1437 5206 1481 5268 qui
1497 5208 1543 5255 A.:
1568 5219 1645 5267 quum
1662 5207 1690 5256 Τ.
1711 5233 1737 5243 -

417 5283 458 5332 21.
479 5286 555 5342 putas
570 5279 643 5328 semel
653 5282 698 5328 A.:
716 5280 816 5329 incerta
834 5283 875 5330 eat
891 5281 1021 5344 scriptura
1034 5281 1061 5330 in
1071 5280 1114 5330 Τ.;
1129 5285 1257 5341 parterm
1273 5284 1305 5329 et.
1325 5279 1458 5330 Fortasse:
1476 5284 1561 5341 putem
1574 5282 1647 5330 moal
1657 5283 1738 5333 moe.

419 5382 446 5392 -
470 5355 502 5404 tt
535 5354 597 5403 altit
613 5379 627 5389 -
646 5380 661 5390 -
677 5354 834 5405 corruperint
850 5354 932 5405 hahet
954 5355 1035 5405 etiarn
1051 5356 1197 5405 Arusianus
1213 5366 1239 5419 p.
1258 5352 1314 5404 stt.
1335 5354 1454 5404 liudem.
1490 5356 1630 5418 Sequentia
1647 5358 1740 5407 matro-

416 5443 475 5479 rum
485 5456 499 5467 ·
510 5455 522 5466 ·
533 5431 677 5490 saccom
694 5430 730 5479 iat
745 5431 769 5494 3.
781 5429 821 5481 ts.
835 5429 959 5481 hahetA.
972 5428 1053 5481 solua.
1072 5455 1101 5467 -
1120 5428 1161 5479 3⁴.
1183 5442 1254 5479 mora
1270 5426 1399 5479 Niebuhr:
1418 5430 1489 5478 mode
1504 5431 1549 5487 A.;
1568 5432 1694 5482 mosaco
1705 5434 1738 5485 ll.

419 5530 446 5541 -
466 5505 506 5554 33.
530 5505 625 5568 rapida]
644 5505 732 5566 capide
750 5505 834 5555 Beieri
851 5518 939 5570 susp.;
963 5506 1049 5554 mic
1068 5506 1197 5567 geminari
1220 5502 1315 5554 iubent
1336 5504 1424 5554 cram.
1443 5504 1530 5553 lleinr.
1555 5505 1689 5570 Kreysslg.
1709 5533 1737 5544 -

418 5580 458 5630 36.
481 5580 612 5642 patefacta
627 5606 642 5616 -
654 5605 670 5617 -
686 5581 803 5642 recitata]
820 5581 859 5631 sic
876 5582 901 5630 in
918 5582 949 5629 A.
967 5576 1030 5642 legit
1046 5579 1182 5643 ediditque
1200 5580 1228 5628 Ρ.
1247 5580 1336 5637 uecta.
1356 5580 1381 5628 ni
1399 5576 1481 5627 iallor.
1520 5578 1608 5630 illicita
1625 5596 1740 5635 consen-

418 5657 457 5705 sio
474 5656 619 5705 Sardoram
637 5654 766 5719 patelacta
784 5658 825 5705 est
842 5655 1037 5718 compromisso
1053 5652 1143 5716 aliquo
1160 5665 1263 5713 corum,
1282 5655 1358 5703 culus
1375 5651 1526 5717 exemplum
1540 5667 1622 5717 quum
1640 5659 1666 5707 in
1685 5673 1740 5710 ma·

419 5742 469 5780 nus
486 5734 658 5795 patronorum
670 5730 761 5779 Scauri
778 5730 952 5794 pervenisset,
969 5727 1064 5792 aliquis
1081 5728 1177 5777 borum
1195 5727 1222 5777 id
1239 5728 1345 5777 recitari
1362 5729 1482 5777 iusserat.
1518 5727 1545 5777 ld
1564 5734 1653 5781 autem
1670 5746 1739 5784 com-

417 5806 568 5867 promissam
593 5804 721 5855 invidiose
746 5801 824 5853 simul
848 5804 1045 5852 coniurationem
1069 5800 1185 5867 appellat
1209 5804 1311 5859 oraton
1337 5801 1502 5866 participium
1523 5816 1597 5863 vero,
1619 5806 1645 5856 id
1665 5808 1737 5873 quod

420 5879 496 5931 aliter
512 5880 569 5930 lieri
587 5893 638 5930 non
656 5881 768 5944 poterat,
786 5877 925 5944 posteriori
941 5877 1041 5928 nomini
1057 5876 1253 5929 accommodat.
1285 5875 1340 5927 sed
1356 5878 1383 5927 in
1400 5876 1496 5927 codem
1512 5879 1542 5929 A.
1561 5880 1643 5931 llaius
1659 5881 1736 5947 legit:

504 6009 596 6057 (ὶιοιιο
610 6009 636 6054 Τ.
650 6007 687 6056 Ν.
1275 6060 1278 6066 ,
1395 6002 1432 6070 64
