4342 7459
449 1222 492 1293 is
847 1234 1169 1304 commoliunt
1189 1238 1370 1308 calonum

448 1402 501 1468 bic
528 1402 669 1469 radiatus
698 1423 749 1468 me
776 1404 892 1469 intueri
914 1407 1040 1472 ridetur
1060 1406 1235 1473 admonens
1256 1417 1294 1473 ut
1314 1410 1423 1473 crebro
1443 1409 1556 1475 faciam
1576 1411 1771 1477 mentionem

447 1498 498 1562 sui
511 1519 571 1561 -τ
593 1519 651 1563 ros
666 1519 740 1582 ergo
761 1498 857 1563 huius
876 1502 1125 1584 magnitudinem
1141 1502 1232 1587 quasi
1248 1501 1441 1587 decempeda
1455 1506 1616 1587 permensi
1630 1506 1771 1571 refertis:

447 1612 506 1677 ego
528 1612 594 1669 me,
617 1594 707 1676 quasi
722 1593 812 1657 malis
827 1594 1024 1671 architectis,
1047 1615 1213 1660 mensurae
1227 1604 1351 1661 vestrae
1365 1617 1447 1679 nego
1463 1599 1603 1663 credere.
1632 1600 1771 1664 Dubium

446 1693 510 1762 est,
532 1694 603 1750 uter
622 1694 766 1750 nostrum
788 1687 849 1762 sit,
871 1687 983 1752 leviter
1003 1695 1039 1752 ut
1054 1687 1173 1765 dicam,
1195 1691 1460 1755 inverecundior?
1497 1689 1569 1757 ⁴27.
1586 1696 1652 1757 Nec
1667 1701 1772 1759 tamen

421 1780 523 1845 sistas
550 1780 753 1865 quaestiones
782 1780 984 1865 physicorum
1006 1783 1260 1849 exterminandae
1283 1792 1371 1868 puto.
1413 1787 1470 1849 Est
1491 1788 1575 1850 enim
1597 1788 1772 1853 animorum

445 1874 711 1958 ingeniorumque
738 1874 882 1939 naturale
908 1873 1066 1959 quoddam
1096 1878 1188 1962 quasi
1214 1878 1363 1962 pabulum
1392 1878 1602 1944 consideratio
1632 1889 1773 1946 contem·

444 1969 608 2053 platioqne
630 1975 770 2033 naturae.
806 1970 980 2052 Erigimur,
1003 1970 1133 2036 altiores
1153 1969 1221 2035 fieri
1244 1971 1402 2048 videmur,
1423 1972 1561 2037 humana
1581 1972 1773 2059 despicimus

444 2062 684 2146 cogitantesque
712 2082 827 2146 supera
849 2070 944 2147 atque
966 2063 1114 2128 caelestia
1139 2064 1219 2129 haec
1239 2074 1363 2141 nostra,
1393 2075 1429 2129 ut
1449 2067 1564 2150 exigua
1586 2076 1618 2133 et
1639 2069 1772 2145 minuta,

443 2156 686 2221 contemnimus.
721 2156 885 2239 Indagatio
914 2157 984 2239 ipsa
1006 2178 1111 2223 rerum
1133 2180 1204 2223 cum
1226 2160 1435 2224 maximarum
1457 2168 1526 2224 tum
1549 2161 1643 2225 etiam
1666 2162 1772 2225 occul·

406 2251 635 2315 letissimarum
663 2250 760 2314 habet
786 2251 1046 2317 oblectationem:
1082 2253 1110 2317 si
1147 2273 1221 2317 vero
1250 2253 1371 2337 aliquid
1402 2254 1555 2329 occurrit,
1589 2255 1675 2339 quod
1703 2255 1771 2319 reri

443 2346 546 2410 simile
568 2346 726 2421 videatur,
747 2343 974 2409 humanissima
995 2345 1171 2429 completur
1191 2347 1316 2409 animus
1330 2346 1504 2430 voluptate.
1541 2343 1611 2411 ⁴28.
1627 2348 1769 2424 Quaeret

443 2441 538 2523 igitur
565 2439 645 2505 haec
672 2446 705 2502 et
725 2446 830 2503 vester
850 2440 976 2521 sapiens
999 2449 1030 2503 et
1050 2438 1104 2502 hic
1125 2447 1248 2516 noster,
1278 2440 1335 2503 sed
1357 2448 1477 2516 vester,
1507 2447 1543 2505 ut
1565 2440 1770 2518 adsentiatur,

443 2536 565 2611 credat,
596 2533 757 2608 adfirmet,
788 2539 914 2608 noster,
945 2540 981 2602 ut
1008 2540 1156 2596 vereatur
1181 2542 1300 2597 temere
1322 2534 1445 2618 opinari
1473 2536 1696 2620 praeclaroque
1718 2538 1770 2620 agi

442 2649 550 2694 secum
571 2636 677 2713 putet,
698 2627 727 2691 si
748 2626 783 2690 in
805 2626 872 2690 eius
894 2625 982 2690 modi
1004 2627 1099 2691 rebus
1122 2627 1189 2690 reri
1211 2628 1314 2692 simile
1337 2627 1424 2711 quod
1445 2630 1488 2692 sit
1509 2630 1675 2694 invenerit.
1709 2631 1770 2694 Vc-

405 2723 566 2787 loniamus
597 2741 682 2785 nunc
711 2720 752 2785 ad
784 2721 939 2785 bonorum
973 2721 1192 2805 malorumque
1225 2722 1399 2786 notionem.
1447 2721 1510 2786 Sed
1538 2724 1667 2809 paulum
1695 2732 1770 2789 ante

440 2816 609 2880 dicendum
636 2824 693 2879 est.
735 2817 806 2878 Non
837 2814 915 2878 mihi
936 2814 1083 2878 ridentur
1104 2814 1321 2891 considerare,
1351 2837 1421 2880 cum
1443 2816 1576 2901 physica
1596 2818 1656 2881 ista
1678 2816 1769 2882 valde

440 2909 623 2985 adfirmant,
645 2929 752 2974 earum
775 2908 870 2973 etiam
891 2929 996 2973 rerum
1017 2909 1237 2973 auctoritatem
1256 2930 1309 2983 se,
1330 2928 1411 2993 quae
1426 2909 1625 2974 inlustriores
1639 2911 1769 2975 videan-

441 3013 507 3081 tur,
528 3006 680 3069 amittere.
716 3005 788 3066 Non
810 3004 894 3066 enim
916 3003 1016 3086 magis
1036 3002 1260 3066 adsentiuntur
1281 3022 1340 3068 nec
1358 3000 1534 3086 adprobant
1552 3003 1657 3068 lucere
1672 3024 1768 3080 nunc,

441 3119 553 3184 quanm
583 3119 654 3162 cum
685 3096 797 3161 comin
824 3097 988 3172 cecinerit,
1017 3104 1084 3161 tum
1114 3096 1233 3181 aliquid
1263 3116 1333 3160 eam
1353 3104 1410 3161 aut
1435 3096 1544 3161 iubere
1567 3107 1622 3162 eut
1641 3106 1766 3175 vetare3

402 3207 499 3257 scnec
526 3194 625 3275 magis
653 3187 863 3256 adfirmabunt
883 3191 1009 3273 signum
1030 3189 1126 3265 illud,
1157 3192 1184 3253 si
1206 3197 1299 3253 erunt
1319 3190 1439 3266 mensi,
1467 3211 1526 3255 sex
1546 3191 1662 3274 pedum
1685 3212 1767 3267 esse,

439 3307 534 3371 quam
562 3286 677 3360 solem,
705 3305 800 3369 quem
828 3285 930 3347 metiri
960 3304 1025 3347 non
1050 3292 1200 3366 possunt,
1223 3285 1295 3366 plus
1325 3303 1419 3367 quam
1449 3282 1665 3368 duodeviginti
1694 3306 1767 3370 par·

438 3381 522 3445 tibus
555 3381 705 3444 maiorem
735 3399 806 3442 esse
835 3397 930 3462 quam
957 3385 1083 3441 terram.
1124 3379 1173 3441 Ex
1202 3397 1266 3460 quo
1288 3377 1343 3439 illa
1365 3377 1527 3441 conclusio
1549 3380 1705 3442 nascitur:
1738 3380 1766 3442 si

438 3474 488 3537 sol
515 3480 654 3557 quantus
684 3474 726 3537 sit
753 3472 875 3556 percipi
902 3491 968 3534 non
994 3478 1115 3555 potest,
1145 3471 1199 3555 qui
1222 3478 1342 3534 ceteras
1363 3491 1414 3535 res
1436 3470 1550 3535 eodem
1572 3472 1682 3548 modo,
1707 3493 1765 3555 guo

438 3568 525 3630 modo
547 3567 795 3650 magnitudinem
817 3564 911 3639 solis,
933 3564 1102 3648 adprobat,
1125 3566 1152 3628 is
1174 3583 1227 3627 eas
1250 3584 1300 3628 res
1323 3585 1386 3628 non
1408 3566 1558 3650 percipit;
1580 3566 1765 3650 magnitudo

400 3669 543 3726 sonutem
567 3662 644 3726 solis
665 3659 786 3743 percipi
808 3678 872 3721 non
895 3665 1019 3740 potest:
1048 3658 1103 3741 qui
1126 3658 1223 3741 igitur
1244 3658 1277 3722 id
1299 3658 1468 3742 adprobat,
1491 3663 1581 3743 quasi
1602 3662 1765 3745 percipiat,

439 3756 559 3820 nullam
585 3773 652 3818 rem
681 3752 824 3836 percipit
861 3750 1093 3836 Responderint
1120 3773 1214 3836 posse
1243 3754 1364 3837 percipi
1386 3762 1522 3838 quantus
1544 3755 1593 3817 sol
1615 3756 1672 3819 sit:
1699 3775 1764 3818 non

504 3991 528 4040 l.
546 3990 681 4039 admorsu
696 3985 789 4036 ABE:
813 3986 929 4036 οοοτοτιοι
944 3998 996 4048 ru,
1021 3987 1138 4038 οάοτοοοι
1155 3989 1189 4049 G;
1212 4001 1244 4039 oc
1265 3994 1348 4040 monet
1364 3987 1450 4039 Faber
1466 3989 1531 4040 et0
1551 4015 1578 4026 -
1600 3990 1625 4041 t.
1643 4002 1689 4040 uos
1704 4003 1765 4055 erpo

436 4064 510 4115 baius
529 4063 727 4128 mogniudinsm
748 4063 822 4127 guod
842 4063 988 4126 doceam
1008 4063 1048 4113 iic
1070 4064 1187 4127 (tiocli,
1211 4064 1319 4125 buicE,
1342 4063 1480 4114 messim
1497 4062 1528 4125 G)
1548 4064 1766 4127 mequodmclis

437 4141 577 4191 oniimtis
598 4150 731 4189 muros
753 4144 852 4189 essm
875 4152 939 4203 ocgo
962 4138 1008 4189 icc
1031 4139 1086 4201 (icc
1108 4143 1144 4200 (i,
1166 4140 1211 4189 ioc
1227 4141 1248 4190 Α
1266 4152 1325 4205 sup.
1343 4137 1388 4189 lin.
1407 4137 1502 4202 babet)
1522 4140 1648 4202 osmensi
1667 4140 1766 4204 refertis

438 4216 475 4279 (rs
495 4217 516 4266 Α
533 4227 592 4279 sup.
610 4212 666 4276 lin.)
686 4225 746 4276 ergo
768 4210 818 4275 (vel
835 4212 911 4276 Ergo)
934 4214 1033 4263 medere
1053 4213 1154 4263 dubium
1174 4215 1296 4273 ABEG;
1319 4228 1363 4265 οοτ
1383 4228 1442 4279 erpo
1463 4214 1535 4263 iuius
1556 4215 1762 4280 magnitudines,

437 4291 511 4354 quasi
527 4289 673 4352 &corpedo
685 4288 810 4351 commi
824 4288 937 4352 refertis:
954 4288 1012 4339 buic
1026 4302 1080 4351 use,
1099 4290 1173 4353 qussi
1188 4290 1262 4339 mdis
1278 4290 1432 4350 architectis,
1449 4302 1581 4340 moros
1593 4296 1691 4342 cestros
1700 4304 1764 4356 ocgo

436 4366 544 4416 cresim.
565 4390 592 4399 -
611 4364 663 4414 Hoc
678 4374 739 4426 ergo
755 4362 857 4413 dubiosa
873 4365 903 4414 0.
931 4364 985 4414 Nos
1001 4361 1051 4413 loci
1069 4364 1241 4427 scripturam,
1260 4364 1304 4427 qui
1321 4362 1467 4414 verborum
1483 4365 1686 4427 transpositione
1704 4378 1764 4416 mo·

437 4454 517 4505 gnam
528 4439 617 4491 labem
629 4440 715 4498 traxit,
734 4439 926 4500 constituimus,
945 4439 1114 4503 superiorum
1127 4439 1277 4488 criticorum
1289 4439 1398 4501 vestigia
1410 4439 1502 4488 secuti.
1522 4440 1651 4491 Manutius
1662 4442 1763 4505 primus

437 4518 502 4569 vidit
518 4531 561 4568 vv.
582 4514 707 4580 messi
726 4514 824 4577 refertis
845 4514 878 4566 ad
896 4515 1042 4578 dmsnpsdo
1062 4514 1210 4579 pertinere;
1235 4512 1351 4565 debebat
1368 4515 1457 4563 umen
1474 4514 1554 4565 etlam
1571 4528 1687 4578 sequens
1703 4529 1764 4581 croc

436 4594 594 4652 adsumere,
612 4588 684 4654 quod
701 4602 734 4639 ex
750 4602 796 4653 ego
812 4592 966 4654 corruptum
983 4601 1043 4640 esse
1060 4591 1134 4639 recte
1151 4587 1278 4640 intellexit
1295 4590 1324 4639 C.
1339 4589 1364 4638 F.
1378 4589 1544 4640 Hermannus
1561 4603 1588 4653 p.
1600 4588 1662 4649 iti,
1680 4602 1763 4654 qoem

436 4670 472 4718 ita
490 4667 575 4719 secuti
591 4677 697 4725 sumus,
716 4665 746 4713 ut
762 4664 790 4713 et
805 4663 851 4714 boc
866 4665 929 4729 post
942 4670 1042 4715 oestrus
1057 4677 1120 4728 ocgo
1137 4676 1198 4714 cum
1216 4661 1275 4713 cod.
1294 4664 1329 4723 Α,
1349 4663 1374 4712 in
1392 4675 1445 4725 quo
1457 4676 1508 4713 vor
1522 4666 1700 4729 superscripta
1711 4667 1761 4725 est,

437 4746 465 4794 et
487 4744 527 4793 iic
549 4741 612 4807 post
632 4739 779 4802 dxeurpsdo
799 4737 878 4803 plane
899 4738 1006 4790 abicere
1030 4752 1111 4803 quam
1136 4742 1310 4802 transponere
1327 4741 1373 4787 cut
1389 4736 1439 4788 alia
1456 4737 1585 4789 vocabula
1602 4737 1763 4790 substituere

437 4817 619 4869 maluerimus.
645 4815 676 4867 ui
691 4827 741 4865 nos
757 4815 927 4877 scripsimus,
951 4812 1025 4866 locus
1042 4814 1137 4866 saltem
1153 4812 1294 4864 commode
1312 4810 1485 4876 intellegetur.
1510 4841 1535 4851 -
1558 4813 1582 4863 3.
1600 4814 1661 4863 moti
1677 4814 1764 4864 moisi-

436 4894 493 4945 iccii
508 4894 604 4944 Davies
622 4916 650 4927 -
668 4888 693 4939 l.
712 4889 800 4940 leniter
815 4890 836 4939 0
853 4902 916 4940 cum
932 4890 1051 4947 Davisio;
1070 4893 1098 4939 at
1114 4903 1139 4938 v.
1156 4890 1299 4939 Hermann.
1318 4901 1345 4952 p.
1359 4886 1420 4948 iti,
1439 4889 1484 4952 qui
1501 4891 1590 4938 tamon
1607 4889 1634 4937 ln
1652 4900 1684 4938 eo
1701 4900 1763 4951 gra·

436 4970 504 5019 viter
519 4967 625 5018 videtur
640 4977 758 5025 errasse,
777 4964 849 5028 qood
866 4964 952 5014 ieviter
968 4964 1109 5015 terendum
1126 4964 1228 5029 putavit
1244 4965 1347 5014 retenta
1364 4960 1477 5013 lectione
1493 4962 1657 5013 οοττοοοάἑοτ
1674 4989 1701 5001 -
1719 4963 1763 5013 ic-

434 5041 599 5094 corsocsdior
617 5040 800 5103 llorgensiern
821 5040 859 5102 (in
879 5039 973 5101 proieci.
992 5040 1023 5089 dc
1038 5039 1103 5089 iiior.
1121 5039 1224 5088 bomon.
1244 5052 1270 5103 p.
1289 5037 1345 5101 bil:
1370 5038 1535 5088 wmoior
1551 5037 1630 5088 codd.
1648 5039 1712 5088 etO
1731 5061 1760 5076 -

435 5132 514 5180 aegos
530 5118 581 5168 GO
600 5138 628 5151 -
647 5115 672 5165 6.
690 5114 763 5177 qumi
780 5115 943 5177 qaoddomt}
963 5140 989 5150 -
1009 5114 1033 5165 7.
1052 5111 1380 5164 citiormcdlambini:
1399 5114 1762 5175 accrescentium

436 5195 528 5252 (lov,
547 5189 582 5241 cl.
600 5187 635 5239 de
652 5187 716 5239 tlnn.
734 5187 763 5239 b.
782 5189 810 5238 et
825 5200 862 5237 m.
881 5189 917 5249 ll,
936 5187 950 5250 5
967 5187 1009 5238 iil.
1028 5213 1056 5223 -
1074 5188 1175 5237 uidetw
1190 5187 1221 5238 Αι
1240 5215 1267 5226 -
1295 5188 1437 5250 dispicimus
1452 5183 1522 5238 A¹B¹
1540 5216 1568 5225 -
1585 5188 1609 5238 8.
1627 5188 1763 5251 cogitantes

436 5270 456 5320 0
473 5268 564 5319 nescio
580 5263 652 5315 unde
665 5290 693 5301 -
711 5269 832 5327 τορττοτο
848 5259 878 5314 1³¹
891 5289 918 5301 -
936 5263 1035 5312 miiota
1052 5262 1209 5313 Lambinus:
1227 5264 1333 5314 minimo
1349 5262 1427 5314 codd.
1441 5264 1539 5314 eto·-
1560 5263 1583 5313 9.
1600 5276 1657 5313 com
1673 5263 1759 5312 Alir:

435 5349 489 5395 m
505 5342 610 5394 Edov
628 5365 656 5377 -
676 5341 717 5392 lo.
736 5340 846 5390 occscrrit
861 5342 919 5390 Gv:
943 5344 1057 5389 occurret
1072 5340 1216 5399 lusor,
1235 5339 1267 5389 cl.
1287 5337 1406 5401 Madvigii
1423 5340 1519 5403 opusc.
1538 5340 1572 5398 ll,
1590 5338 1647 5389 282.
1666 5336 1758 5388 lamb.

434 5422 548 5470 eccam
568 5428 679 5467 servans
699 5416 806 5479 corrigit
829 5414 926 5466 deinde
942 5413 1104 5478 completior
1120 5440 1148 5450 —
1174 5415 1214 5465 ll.
1232 5414 1404 5464 iimocissimc
1419 5416 1440 5463 lt
1456 5412 1505 5463 sod
1522 5413 1549 5462 is
1566 5414 1592 5463 in
1608 5426 1673 5473 ras,
1694 5413 1760 5462 dioi-

434 5496 539 5545 nissimo
561 5489 683 5553 Bentley,
706 5490 857 5540 novissim
879 5490 987 5541 Durand
1004 5491 1032 5539 in
1049 5502 1105 5540 cur.
1124 5501 1178 5540 sec.
1200 5512 1227 5525 -
1252 5487 1292 5539 ll.
1307 5493 1395 5550 putent
1410 5482 1441 5537 lt¹
1459 5512 1487 5522 -
1511 5488 1550 5536 sic
1565 5487 1595 5537 1³¹
1613 5513 1640 5524 ·-
1660 5487 1700 5537 l5.
1718 5488 1760 5538 sed

435 5571 508 5620 Crat.
527 5579 633 5631 margo:
659 5570 683 5615 ct
704 5565 861 5616 ABEGrv
878 5591 905 5602 -
930 5566 971 5615 46.
988 5566 1146 5616 comidcron
1167 5578 1193 5615 sc
1213 5561 1306 5614 Lamb.
1324 5590 1358 5601 -·
1376 5563 1481 5625 pivsico
1497 5564 1640 5614 llanutios:
1662 5562 1760 5625 possiet

435 5642 515 5694 codd.
535 5670 563 5680 -
581 5642 656 5691 mern
672 5637 702 5690 li¹
720 5666 748 5676 -
773 5642 813 5690 ⁴7.
831 5653 871 5702 re,
889 5653 956 5704 quoa
971 5641 1082 5692 Davies:
1105 5642 1208 5705 rigam
1225 5638 1304 5690 codd.
1323 5641 1343 5689 0
1361 5663 1388 5675 ·-
1411 5640 1451 5690 48.
1470 5641 1608 5690 omitsrsA
1629 5666 1655 5677 -
1674 5652 1760 5689 οτττο-

434 5719 527 5768 tistitus
542 5730 622 5782 ssqsoe
637 5715 811 5782 approbationi
826 5716 969 5767 Ernesti·
989 5730 1068 5781 nepos
1083 5716 1174 5765 GO-
1192 5728 1259 5764 cuoc
1275 5726 1352 5777 quam
1368 5713 1402 5764 b:
1419 5728 1545 5779 cruquom
1560 5715 1671 5775 Alilir,
1690 5714 1759 5777 puis

435 5796 575 5854 orcomtlv
594 5818 621 5828 -
640 5791 976 5856 idemtidem·
995 5788 1478 5842 usnemu-timentitim—
1497 5790 1538 5841 23.
1557 5788 1759 5850 quomodcad·

435 5866 565 5918 didimus:
590 5879 644 5917 om.
662 5867 791 5926 ΔῑΒῦνς
810 5880 859 5929 quo
876 5867 941 5927 EO,
960 5869 986 5918 in
1003 5868 1024 5917 Α
1041 5878 1091 5927 auc
1107 5877 1166 5928 sup.
1185 5862 1230 5914 lin.
1249 5865 1293 5913 est
1310 5890 1337 5900 —
1363 5864 1404 5916 ti.
1421 5864 1488 5914 witti
1504 5864 1534 5913 l3¹
1553 5890 1580 5899 -
1598 5864 1639 5913 ii.
1656 5876 1760 5926 repon-

435 5942 525 5994 saw
540 5941 580 6005 A',
597 5941 769 6006 minist
784 5942 804 5992 B
822 5954 883 5996 com
900 5938 945 5995 llo.
963 5944 1071 5995 curseto
1087 5952 1147 6006 sup.
1159 5953 1201 6004 cr,
1218 5940 1235 5991 i.
1248 5939 1502 6003 erumminensis
1514 5960 1541 5975 -
1560 5938 1708 6002 emissit
1718 5939 1758 5988 At
