4342 7459
436 1235 499 1303 380
882 1240 936 1305 llll
957 1238 1127 1305 DEORUM
1148 1239 1311 1305 NATURA

437 1402 531 1466 deum
560 1409 664 1465 sutem
694 1397 882 1466 armantem
912 1408 996 1463 certe
1019 1400 1167 1464 volumus
1189 1419 1270 1464 esse.
1302 1399 1406 1484 Atque
1429 1400 1480 1464 hic
1502 1376 1588 1464 idem
1609 1399 1673 1463 alic
1696 1400 1766 1465 loco

437 1496 566 1559 aethera
588 1494 682 1559 deum
705 1495 796 1569 dicit,
819 1495 846 1558 si
869 1493 1009 1576 intellegi
1033 1503 1137 1578 potest
1156 1493 1235 1558 nibil
1250 1495 1390 1559 sentiens
1405 1496 1499 1569 deus,
1524 1494 1578 1578 qui
1594 1512 1768 1577 numquam

438 1591 530 1654 uobis
552 1590 690 1654 occurrit
711 1608 815 1673 neque
838 1589 871 1652 in
886 1588 1039 1672 'precibus
1062 1609 1166 1673 neque
1188 1589 1224 1653 in
1245 1591 1361 1672 optatis
1382 1608 1488 1673 neque
1508 1590 1542 1653 in
1564 1588 1658 1652 rotis.
1687 1587 1768 1650 Aliis

437 1690 540 1747 antem
571 1683 659 1746 libris
680 1682 835 1746 rationem
858 1682 1017 1764 quandam
1040 1702 1243 1767 peromnem
1265 1692 1408 1747 naturum
1430 1703 1537 1747 rerum
1560 1684 1768 1768 pertinentem

413 1777 470 1840 δή
493 1777 601 1841 divina
623 1796 694 1842 esse
716 1775 872 1841 adiectam
895 1785 995 1860 putat.
1032 1778 1119 1841 ldem
1142 1778 1234 1841 astris
1256 1777 1316 1842 boc
1336 1777 1421 1843 idem
1438 1777 1562 1853 tribuit,
1586 1786 1651 1841 tum
1667 1774 1768 1850 annis,

437 1868 599 1936 mensibus
621 1891 841 1955 annorumque
865 1872 1105 1935 mutationibus.
1138 1870 1216 1935 (ium
1238 1891 1313 1934 vero
1334 1872 1468 1936 Hesiodi
1483 1871 1698 1953 Theogoniam
1720 1871 1770 1933 in·

436 1973 642 2049 terpretetur,
665 1966 749 2029 tollit
769 1966 900 2029 omnino
923 1966 1054 2028 usitatas
1077 1974 1307 2047 perceptasque
1329 1966 1528 2048 cognitiones
1543 1965 1692 2039 decrum;
1714 1984 1771 2028 ne·

438 2079 502 2145 que
523 2060 608 2124 euim
630 2061 737 2124 larem
760 2080 865 2143 neque
887 2061 1041 2123 Iunonem
1063 2079 1169 2143 neque
1193 2060 1320 2122 Vestam
1348 2080 1452 2144 neque
1474 2079 1684 2143 quemquam,
1715 2060 1770 2142 qui

436 2154 481 2216 itu
503 2154 697 2237 appellatur,
718 2154 751 2215 in
772 2150 906 2216 deorum
928 2152 1023 2216 babet
1044 2173 1190 2227 numero,
1213 2152 1268 2216 sed
1292 2153 1387 2216 rebus
1402 2155 1550 2216 inanimis
1565 2162 1662 2236 utque
1676 2154 1771 2218 mutis

360 2318 362 2321 Α
399 2252 496 2329 ⁴⁰pcr
517 2249 673 2330 quendum
705 2242 967 2327 significationem
997 2249 1075 2308 baec
1098 2244 1193 2310 docet
1214 2247 1330 2310 tributa
1352 2248 1490 2311 nomina.
1528 2243 1579 2309 37.
1604 2247 1700 2311 Cuius
1723 2247 1772 2310 di·

438 2340 552 2425 scipuli
575 2340 731 2404 bristonis
760 2360 824 2402 non
855 2340 959 2402 minus
990 2360 1103 2423 magno
1133 2342 1165 2403 in
1189 2361 1295 2404 errore
1317 2342 1474 2405 sententia
1497 2349 1559 2415 est,
1588 2340 1643 2422 qui
1665 2359 1771 2422 neque

437 2432 571 2496 sormam
594 2433 646 2496 dei
669 2432 809 2515 intellegi
833 2452 924 2517 posse
947 2441 1073 2496 censeat
1095 2454 1200 2517 neque
1224 2434 1342 2499 iudeis
1365 2456 1492 2498 sensum
1515 2455 1585 2500 esse
1608 2435 1692 2496 dicat
1712 2434 1773 2496 du·

437 2526 581 2609 bitetque
611 2528 754 2601 omnino,
782 2526 861 2590 deus
884 2526 1027 2590 animans
1050 2547 1151 2591 necue
1173 2530 1222 2591 sit.
1261 2528 1428 2593 Cleanthes
1450 2538 1571 2603 autem,
1592 2528 1648 2611 qui
1670 2530 1773 2591 Zeno·

438 2640 511 2683 uem
533 2620 654 2684 audivit
675 2641 738 2684 una
760 2641 831 2684 cum
854 2641 911 2693 eo,
936 2639 1030 2703 quem
1054 2624 1198 2705 proxime
1217 2624 1389 2696 nominavi,
1412 2632 1477 2686 tum
1499 2624 1602 2706 ipsum
1619 2618 1771 2684 mundum

401 2720 429 2768 ⁴⁵
439 2712 532 2776 deum
556 2714 634 2777 dicit
655 2735 742 2789 esse,
768 2724 834 2778 tum
858 2715 955 2778 totius
976 2724 1108 2778 naturae
1131 2717 1230 2778 menti
1251 2724 1346 2799 atque
1368 2717 1475 2779 auimo
1498 2712 1608 2779 tribuit
1629 2714 1691 2779 boc
1715 2737 1773 2779 no·

438 2827 527 2880 meu,
557 2815 622 2870 tum
646 2808 790 2872 ultimum
813 2817 845 2872 et
867 2808 1055 2872 altissimum
1078 2818 1174 2892 atque
1199 2810 1341 2892 undique
1364 2798 1590 2873 circumfusum
1611 2817 1643 2872 et
1666 2815 1772 2873 exire·

438 2920 523 2962 mum
547 2902 652 2964 omniu
674 2904 851 2984 cingentem
874 2910 969 2985 atque
992 2902 1182 2985 conplexum
1202 2903 1361 2977 ardorem,
1385 2904 1442 2985 qui
1457 2903 1567 2966 aelber
1581 2904 1772 2979 nominetur,

438 2996 647 3058 certissimum
678 2998 771 3060 deum
803 2996 932 3059 iudicat.
954 2996 1125 3079 idemque
1156 2998 1245 3080 quasi
1276 2996 1412 3061 delirans
1441 2998 1474 3060 in
1502 2998 1541 3061 iis
1567 2999 1668 3071 libris,
1690 3018 1773 3082 quos

438 3089 565 3172 scripsit
587 3098 697 3153 contra
719 3091 929 3172 voluptatem,
952 3098 1018 3153 tum
1042 3087 1131 3172 fingit
1151 3090 1282 3153 formam
1301 3091 1460 3173 quandum
1484 3099 1515 3154 et
1536 3092 1674 3175 speciem
1696 3093 1773 3155 deo·

401 3190 525 3256 lirum,
557 3189 623 3246 tum
651 3183 849 3247 divinitatem
878 3204 1005 3247 omnem
1036 3182 1149 3247 tribuit
1176 3186 1284 3258 astris,
1314 3192 1380 3247 tum
1409 3183 1489 3247 nibil
1519 3185 1643 3251 ratione
1665 3194 1775 3250 censet

440 3295 511 3340 esse
532 3277 683 3340 divinius.
719 3280 766 3341 lta
789 3275 823 3341 fit
844 3288 879 3341 ut
901 3278 980 3341 deus
1000 3277 1069 3351 ille,
1094 3298 1187 3361 quem
1210 3285 1316 3341 mente
1339 3276 1610 3361 noscimusutque
1627 3279 1772 3344 inanimi

439 3372 567 3435 notione
589 3380 749 3455 tamquam
771 3374 802 3436 in
828 3374 959 3453 vestigio
981 3372 1126 3433 volumus
1149 3392 1322 3452 reponere,
1345 3392 1501 3456 nusquam
1524 3392 1654 3454 prorsus
1676 3393 1773 3457 eppa·

438 3474 517 3528 reat.
561 3466 629 3527 XV.
651 3463 702 3528 38.
732 3468 773 3529 lt
801 3468 969 3538 Persaeus,
1001 3464 1145 3527 eiusdem
1177 3466 1313 3528 Zenonis
1342 3465 1486 3540 auditor,
1518 3486 1572 3531 eos
1598 3467 1671 3529 dicit
1700 3489 1771 3532 esse

439 3560 563 3624 habitos
593 3559 687 3632 deos,
719 3580 738 3622 a
767 3560 883 3643 quibus
914 3578 1027 3640 magna
1058 3557 1175 3621 utililas
1202 3558 1242 3621 ad
1271 3560 1353 3623 vitae
1381 3560 1499 3624 cultum
1522 3569 1606 3624 esset
1628 3562 1772 3636 invente,

401 3654 589 3736 ”ipsasque
618 3674 670 3716 res
698 3651 792 3716 utiles
819 3662 851 3715 et
877 3652 1031 3720 salutares
1060 3652 1191 3714 deorum
1215 3673 1284 3715 csse
1306 3654 1470 3717 vocabulis
1496 3663 1711 3738 nuncupatas,
1739 3664 1773 3719 ut

439 3768 481 3810 ne
505 3749 565 3809 boc
588 3746 717 3828 quidem
740 3746 873 3820 diceret,
897 3746 952 3808 illa
973 3746 1100 3808 inventa
1123 3766 1193 3808 esse
1209 3745 1355 3819 deorum,
1378 3747 1434 3810 sed
1457 3748 1524 3831 ipsa
1546 3747 1664 3813 diviua.
1699 3749 1771 3825 Quo

441 3842 518 3925 quid
548 3838 715 3903 absurdius
746 3859 840 3923 quum
870 3847 925 3903 aut
954 3860 1004 3902 res
1036 3839 1178 3902 sordidus
1205 3849 1300 3923 atquc
1324 3840 1475 3905 deformis
1498 3841 1630 3906 deorum
1652 3844 1771 3908 bonore

440 3933 576 3998 adlicere
598 3941 653 3996 aut
673 3934 817 3997 homiues
839 3933 900 3996 iam
925 3942 1025 3996 morte
1041 3933 1163 4012 deletos
1182 3955 1338 4017 reponere
1353 3936 1385 3997 in
1402 3936 1494 4010 deos,
1518 3957 1652 4020 quorum
1668 3938 1772 4001 omnis

442 4028 545 4093 cultus
568 4036 652 4091 esset
674 4026 796 4091 iuturus
818 4028 852 4090 in
875 4028 988 4091 luctu‘t
1032 4025 1084 4088 39.
1109 4028 1173 4091 lam
1197 4049 1272 4092 vero
1289 4028 1500 4113 Chrysippus,
1523 4030 1578 4112 qui
1595 4031 1772 4093 Stoicorum

403 4124 637 4186 ³⁰scrnuiorum
652 4121 848 4185 vaferrumus
864 4122 997 4185 babetur
1012 4122 1183 4205 interpres,
1203 4143 1346 4204 maguam
1362 4124 1484 4186 turbam
1501 4132 1669 4204 congregat
1684 4124 1774 4205 iguo·

442 4226 545 4281 torum
568 4215 716 4290 deonrrn,
746 4225 841 4301 atque
869 4217 911 4279 ita
939 4217 1135 4297 ignotorum,
1166 4225 1200 4278 ut
1221 4235 1277 4277 eos
1303 4236 1343 4277 nc
1369 4218 1551 4279 coniectura
1576 4215 1702 4299 quidem
1726 4217 1775 4279 in-

441 4312 575 4374 formare
598 4311 774 4391 possimus,
805 4330 875 4372 curu
905 4331 993 4372 mens
1024 4318 1129 4373 nostra
1153 4309 1278 4391 quidvis
1303 4309 1445 4373 videatur
1467 4310 1659 4392 cogitatione
1681 4331 1774 4393 posse

442 4406 628 4488 depingere:
651 4406 695 4467 ait
717 4406 799 4466 enim
824 4405 885 4466 vim
909 4405 1047 4466 divinam
1069 4403 1103 4465 iu
1127 4404 1248 4465 ratione
1272 4425 1341 4466 esse
1365 4405 1498 4487 positam
1515 4413 1546 4466 et
1561 4404 1593 4464 in
1609 4403 1775 4466 universae

442 4508 572 4561 naturae
595 4498 700 4560 animo
722 4506 818 4579 atque
841 4505 960 4569 mente,
984 4497 1153 4579 ipsumque
1177 4499 1327 4559 mundum
1352 4497 1446 4560 deum
1470 4498 1546 4560 dicit
1569 4517 1639 4560 esse
1657 4505 1688 4558 et
1706 4497 1775 4559 eius

403 4593 537 4654 usnimi
561 4591 717 4654 fusionem
741 4592 936 4664 universam,
969 4598 1035 4653 tum
1058 4591 1127 4652 eius
1159 4590 1258 4672 ipsius
1282 4592 1508 4674 principatum,
1539 4591 1591 4674 qui
1615 4592 1646 4652 iu
1670 4599 1775 4653 mente

442 4694 474 4748 et
495 4687 617 4749 ratione
642 4693 794 4759 versetur,
818 4704 1081 4768 communemque
1105 4704 1208 4746 rerum
1230 4693 1375 4748 naturam
1391 4686 1692 4768 universitatemque
1709 4705 1776 4748 om·

1016 4855 1141 4863 -—
1355 4856 1423 4863 ..—

466 5006 474 5024 .
509 4970 532 5017 l.
551 4969 624 5029 loquo
642 4970 660 5017 Ρ
680 4992 708 5003 -
726 4966 751 5015 b.
771 4966 830 5015 dicit
848 4963 888 5017 a:
908 4966 966 5014 dicit
983 4966 1067 5015 csscO
1084 4992 1109 5001 -
1129 4964 1153 5016 l.
1173 4966 1302 5027 quandam
1318 4964 1473 5014 rctioacmC
1488 4990 1515 5001 -·
1534 4979 1630 5015 omacm
1642 4965 1702 5016 cod.
1716 4965 1778 5016 Glo-

443 5044 592 5107 gssiensis:
612 5044 723 5091 omnium
740 5038 801 5091 tiu.
822 5040 879 5089 Vld.
899 5041 1100 5090 Schoemeunus
1119 5041 1186 5090 Diss.
1207 5041 1227 5086 V
1246 5053 1271 5103 p.
1290 5040 1305 5088 7
1323 5054 1363 5102 sq.
1382 5066 1407 5074 -
1425 5040 1605 5102 pertingentem
1622 5041 1641 5091 C
1662 5064 1689 5078 -
1709 5043 1733 5092 b.
1751 5043 1778 5091 ci

443 5120 529 5168 &clun
546 5133 598 5169 csse
611 5118 740 5169 Manutius
759 5119 786 5166 et
803 5116 863 5165 cod.
878 5114 1074 5177 Gloguvieusis:
1094 5121 1122 5163 ut
1140 5116 1226 5163 diuina
1244 5128 1294 5163 esse
1311 5116 1379 5170 Ac;
1398 5120 1425 5163 ct
1438 5113 1586 5165 eruissem
1597 5117 1633 5174 B,
1652 5122 1680 5166 ut
1692 5118 1779 5167 diuino

442 5195 510 5243 sitii
530 5221 556 5230 -
577 5194 702 5254 adseclam
725 5190 834 5240 seclusit
853 5190 1062 5239 Scho'emannus.
1084 5215 1110 5224 -
1131 5190 1155 5238 6.
1177 5191 1340 5252 l'lreopouiam
1358 5190 1504 5238 Manutius:
1529 5191 1686 5254 theogonium
1702 5192 1728 5239 id
1745 5197 1779 5241 cst

444 5269 566 5332 originem
583 5270 685 5318 deorum
702 5265 725 5316 ‘a
744 5291 770 5300 -
791 5266 814 5314 7.
834 5268 922 5314 insitas
937 5270 1133 5326 praeceptaque
1151 5263 1303 5314 Lambinus.
1324 5263 1361 5312 Cl.
1377 5265 1397 5313 ll
1417 5265 1484 5327 sut.
1500 5292 1525 5300 -
1546 5265 1570 5314 9.
1589 5266 1777 5327 cppcllnturC:

444 5344 583 5406 appelletur
600 5344 696 5397 ΑΕΡς
720 5342 842 5403 apelletur
859 5341 877 5389 B
898 5365 923 5375 —
952 5343 990 5389 lt.
1009 5342 1130 5389 sententia
1153 5346 1187 5389 est
1206 5341 1249 5401 qui
1267 5337 1312 5389 bi:
1338 5342 1528 5402 sententiasque·
1547 5340 1576 5390 A¹
1587 5342 1604 5390 u
1615 5342 1652 5398 E;
1677 5342 1777 5390 scurias.

445 5422 488 5481 qui
506 5420 525 5469 C
546 5441 573 5452 -
593 5417 632 5465 43.
651 5418 758 5465 clocides
775 5415 928 5464 ACEP-
947 5415 986 5465 tt.
1004 5418 1087 5476 ipsum
1104 5416 1176 5463 dcam
1192 5416 1312 5463 muudum
1329 5416 1388 5463 dicit
1405 5412 1427 5465 ti
1444 5443 1467 5451 -
1489 5417 1527 5465 ⁴7.
1542 5419 1585 5477 qai
1601 5418 1668 5466 ether
1686 5416 1778 5472 (littere

445 5497 506 5559 post
523 5494 566 5555 qui
583 5492 667 5551 erese)
686 5495 721 5547 t;
740 5490 801 5551 quia
818 5491 902 5538 cctbcr
920 5492 1008 5539 ΟΡ·
1028 5491 1068 5539 48.
1088 5493 1115 5539 ia
1131 5492 1168 5538 bis
1185 5489 1207 5541 ll
1224 5518 1247 5527 -
1270 5491 1476 5540 tuscolanensem
1493 5493 1600 5543 scut>
1615 5517 1642 5526 -
1661 5491 1702 5540 23.
1720 5505 1780 5552 por-

443 5583 498 5619 seas
515 5567 594 5618 acu
614 5590 640 5599 —
666 5566 726 5614 dicit
746 5578 800 5614 om.
820 5563 859 5620 a:
884 5567 951 5614 dixit
971 5567 1182 5615 sclroemnnnus.
1203 5568 1263 5626 (esse
1279 5570 1316 5615 nit
1333 5566 1428 5615 habitos
1445 5566 1559 5616 Klotzius
1576 5568 1602 5616 in
1621 5567 1779 5626 Prooemio.)

446 5672 474 5682 -
493 5644 533 5694 tl.
553 5657 570 5691 α
587 5641 675 5704 quibru
691 5642 780 5701 aliqua
796 5655 893 5703 magna
911 5643 929 5690 B
953 5668 973 5677 —
1002 5643 1043 5692 25.
1062 5642 1136 5690 mites
1153 5643 1178 5691 lu
1197 5654 1288 5692 rasura
1307 5655 1341 5692 ru.
1362 5656 1417 5692 sec.
1436 5646 1456 5692 Α
1476 5667 1501 5677 -
1522 5642 1563 5691 28.
1583 5642 1729 5703 efficeretC
1751 5667 1777 5676 -

444 5720 484 5768 29.
503 5718 633 5779 chrysipus
648 5720 684 5773 Α;
706 5717 864 5778 cbryssippus
882 5717 919 5773 B;
941 5717 1080 5777 chrisippus
1104 5717 1154 5766 ΟΕ
1175 5743 1200 5752 -
1228 5717 1266 5765 30.
1287 5723 1405 5780 capr-spot
1424 5717 1453 5767 Αι
1472 5743 1499 5753 -
1519 5717 1694 5780 ignoratorum
1710 5716 1729 5765 Β
1748 5741 1780 5751 -

445 5792 485 5841 ni.
505 5806 548 5839 nco
562 5792 706 5840 coniectura
720 5792 798 5841 ΑΒΕ
814 5818 846 5827 -
862 5791 902 5841 32.
920 5805 988 5840 mess
1005 5804 1057 5840 cm.
1073 5792 1092 5841 C
1107 5816 1133 5826 -
1151 5790 1191 5840 3³.
1205 5794 1231 5839 tn
1248 5796 1309 5841 aute
1321 5794 1454 5842 antemos
1465 5805 1518 5842 om.
1533 5792 1583 5840 CO
1598 5818 1625 5828 -
1645 5791 1685 5841 35.
1700 5792 1780 5839 culmi

444 5868 593 5993 tpsgstccnpm
610 5868 796 5993 (lipaqupprscr.
815 5865 874 5916 eud.
889 5867 935 5927 m.)
955 5868 972 5915 Β
986 5891 1013 5901 -
1033 5865 1074 5915 36,
1093 5866 1328 5930 universitatemque
1340 5866 1523 5918 Heindortlus:
1542 5867 1688 5915 anismam
1705 5870 1781 5926 atquc

502 5977 509 5991 .
561 5954 613 6006 .p.
684 5978 690 6005 ,
725 5979 732 5993 .
