4342 7459
750 1240 817 1303 Lm.
839 1241 894 1303 111.
922 1239 996 1304 Cur.
1018 1238 1172 1303 tx-xt.
1199 1236 1246 1321 §§
1269 1234 1414 1302 l9-2l,
1686 1232 1750 1300 283

423 1407 458 1463 el
477 1398 640 1472 invider03
662 1418 733 1460 nam
756 1398 811 1480 qui
833 1398 921 1461 dolet
943 1399 1036 1461 rebus
1058 1398 1193 1461 alicuius
1215 1398 1371 1472 adversis,
1392 1397 1476 1460 idem
1499 1397 1633 1460 alicuius
1655 1397 1750 1459 eliam

424 1492 573 1555 secundis
595 1491 695 1562 dolet,
717 1499 753 1553 ut
768 1492 1014 1574 Theophrastus,
1036 1492 1196 1553 interilum
1218 1491 1387 1572 deplorans
1407 1489 1609 1553 Callisthenis
1629 1489 1749 1552 sodalis
1852 1533 1854 1537 ι

422 1587 482 1659 sui,
504 1586 601 1647 rebus
619 1583 789 1647 Alexandri
812 1585 971 1667 prosperis
986 1586 1121 1666 angitur,
1144 1585 1250 1667 itaque
1267 1584 1342 1647 dicit
1358 1584 1584 1647 Callisthenem
1598 1584 1750 1646 incidisse

421 1678 641 1741 inhominem
664 1697 787 1738 summa
808 1678 951 1758 potentia
973 1697 1158 1759 summaque
1179 1677 1323 1751 lortuua,
1348 1678 1403 1741 sed
1427 1679 1571 1759 ignarum
1594 1695 1687 1759 quem
1709 1676 1750 1738 ad

422 1772 552 1834 modum
581 1771 675 1833 rebus
705 1770 852 1832 secundis
881 1775 927 1833 uti
950 1771 1143 1833 conveniret.
1179 1773 1392 1855 Aequiquem
1416 1771 1607 1837 admodum
1629 1772 1774 1833 miseri-c

421 1866 530 1927 cordia
552 1863 716 1946 aegritudo
739 1871 788 1925 est
810 1884 849 1925 ex
872 1864 1001 1926 alterius
1024 1865 1119 1926 rebus
1140 1865 1297 1939 adversis,
1320 1866 1366 1927 sic
1390 1865 1563 1928 invidentia
1585 1863 1749 1947 aegritudo

421 1967 470 2021 est
491 1979 532 2021 ex
555 1956 686 2021 ulterius
708 1957 801 2018 rebus
823 1958 979 2020 secundis.
1022 1960 1058 2019 ln
1081 1977 1176 2040 quem
1204 1960 1299 2040 igitur
1321 1960 1405 2022 cadit
1427 1959 1585 2031 misereri,
1617 1959 1649 2020 in
1672 1977 1750 2020 eun-

422 2052 494 2115 dem
524 2052 619 2114 etiam
649 2050 807 2124 invidere3
838 2070 902 2112 nnn
934 2052 1019 2114 cadit
1041 2062 1146 2114 autem
1170 2051 1310 2115 invidere
1334 2054 1366 2115 in
1389 2054 1580 2135 sapientem:
1612 2070 1750 2133 ergone

422 2146 565 2208 misereri
593 2143 732 2227 quidem.
774 2143 868 2219 Quod
899 2145 926 2206 si
955 2165 1048 2226 aegre
1078 2144 1159 2207 lerre
1182 2147 1308 2229 sapiens
1329 2146 1459 2219 soleret,
1492 2145 1633 2209 misereri
1656 2145 1749 2207 etiam

421 2240 557 2312 soleret3
579 2239 670 2302 abest
692 2257 768 2319 ergo
791 2258 809 2300 a
831 2240 974 2320 sapiente
996 2240 1175 2320 aegritudo.
1761 2251 1789 2295 to

505 2328 557 2394 Ὦ.
588 2331 673 2393 Haec
703 2332 747 2394 sic
777 2332 926 2394 dicuntur
951 2352 970 2394 a
998 2333 1112 2395 Stoicis
1141 2332 1434 2415 concludunturque
1463 2332 1650 2395 contortius.
1687 2330 1750 2394 Sed

420 2425 517 2488 latius
539 2426 702 2506 aliquanto
725 2424 860 2487 dicenda
882 2434 957 2488 sunt
978 2435 1010 2488 et
1031 2426 1193 2498 diliusius,
1216 2427 1382 2490 sententiis
1404 2433 1509 2488 tamen
1531 2426 1682 2486 utendum
1698 2444 1750 2487 eo·

420 2538 489 2581 rum
520 2518 733 2601 potissimum,
763 2521 818 2602 qui
848 2521 984 2582 maxime
1006 2519 1079 2583 lorti
1103 2528 1148 2591 et,
1177 2527 1211 2579 ut
1237 2520 1278 2580 ita
1302 2518 1419 2593 dicam,
1444 2519 1524 2580 virili
1548 2526 1680 2580 utuntur
1700 2537 1751 2580 ra·

420 2611 507 2673 tione
530 2618 626 2693 alque
649 2613 814 2674 sententia.
851 2614 928 2674 Nam
952 2613 1164 2695 Peripatetici,
1194 2612 1365 2674 familiares
1387 2612 1502 2686 nostri,
1533 2613 1649 2694 quibus
1671 2612 1750 2675 nihil

422 2712 470 2766 est
491 2703 636 2778 uberim,
659 2704 737 2767 nihil
760 2705 929 2779 eruditius,
951 2706 1032 2769 nihil
1054 2706 1194 2788 gravius,
1217 2704 1452 2768 mediocritates
1468 2705 1516 2766 vel
1539 2706 1787 2787 perturbatio-ts

421 2817 496 2860 num
519 2797 570 2858 vel
594 2798 771 2861 morborum
799 2800 895 2862 animi
925 2799 1001 2862 mihi
1024 2820 1087 2862 nou
1111 2820 1186 2862 sane
1210 2800 1354 2880 probant.
1392 2799 1494 2861 Omne
1516 2799 1601 2861 enim
1624 2800 1750 2872 malum,

421 2890 516 2953 etiam
547 2889 721 2966 mediocre,
751 2893 869 2955 malum
897 2902 963 2957 est:
996 2915 1053 2957 nos
1083 2902 1188 2956 autem
1215 2892 1247 2954 id
1270 2893 1409 2974 agimus,
1440 2901 1476 2955 ut
1495 2892 1527 2955 id
1552 2893 1584 2954 in
1607 2892 1749 2974 sapiente

420 2983 551 3047 nullum'
567 2985 608 3048 sit
629 2985 770 3048 omnino.
807 2989 886 3049 Nam
908 2997 942 3049 ut
964 3008 1093 3070 corpus,
1122 2987 1216 3048 etiam
1244 2988 1272 3048 si
1300 2985 1503 3048 mediocriter
1532 3005 1661 3067 aegrum
1687 2996 1749 3060 est,

421 3097 533 3140 sanum
564 3098 628 3140 non
658 3087 719 3151 est,
749 3081 794 3141 sic
823 3081 856 3142 in
885 3082 991 3143 auimo
1021 3082 1081 3142 ista
1111 3080 1310 3141 mediocritas
1339 3088 1425 3142 caret
1452 3078 1596 3142 sanitate.
1639 3081 1749 3161 ltaque

421 3170 581 3253 praeclare
614 3172 732 3244 nostri,
767 3182 802 3236 ut
831 3174 894 3235 alia
924 3174 1038 3247 multa,
1072 3171 1265 3246 molestiam,
1304 3172 1563 3247 sollicitudinem,
1598 3188 1787 3255 angoremto

420 3273 551 3348 propter
584 3264 820 3328 similitudinem
849 3288 1015 3350 corporum
1045 3287 1210 3349 aegrorum
1239 3265 1467 3347 aegritudinem
1495 3266 1749 3328 nominaverunt.

421 3352 471 3418 23.
495 3356 565 3419 Hoc
593 3378 692 3441 prope
719 3360 847 3422 modum
874 3362 970 3423 verbo
994 3362 1103 3423 Graeci
1126 3380 1251 3423 omnem
1284 3360 1380 3422 animi
1403 3360 1672 3441 perturbationem
1694 3380 1750 3440 ap·

421 3449 562 3532 pellant;
591 3460 706 3514 vocant
727 3454 810 3515 enim
837 3455 956 3529 πάθος,
985 3455 1016 3516 id
1045 3464 1093 3516 est
1120 3454 1280 3526 morbum,
1308 3453 1499 3535 quicumque
1521 3462 1569 3515 est
1591 3462 1695 3515 motus
1717 3454 1748 3515 iu

423 3545 528 3608 animo
555 3545 721 3608 turbidus:
753 3568 811 3610 nos
843 3550 975 3625 melius;
1009 3550 1112 3630 aegris
1138 3548 1219 3608 euim
1250 3547 1437 3627 corporibus
1463 3547 1623 3609 simillima
1651 3547 1747 3609 animi

422 3648 470 3701 est
499 3637 684 3721 aegritudo;
717 3650 749 3703 at
775 3662 838 3704 non
867 3643 979 3705 similis
1001 3641 1228 3724 aegrotationis
1252 3649 1300 3703 est
1321 3639 1438 3713 libido,
1468 3661 1531 3702 non
1553 3641 1786 3703 inmoderatam

418 3731 555 3804 laetitia,
578 3751 660 3814 quae
684 3741 732 3795 est
754 3736 902 3816 voluptas
924 3736 1019 3799 animi
1043 3736 1125 3797 elata
1140 3743 1171 3797 et
1186 3735 1334 3815 gestiens.
1369 3735 1440 3815 lpse
1456 3734 1550 3797 etiam
1567 3742 1668 3796 metus
1683 3752 1747 3794 non

416 3834 465 3889 est
494 3826 597 3887 morbi
627 3826 797 3890 admodum
828 3831 954 3903 similis,
982 3848 1173 3913 quamquam
1200 3826 1387 3909 aegritudini
1417 3838 1466 3890 est
1493 3828 1660 3901 finitimus,
1691 3826 1747 3889 sed

415 3920 562 4002 proprie,
593 3928 628 3981 ut
650 3923 820 4002 aegrotatio
846 3925 878 3984 in
902 3944 1050 4006 corpore,
1080 3923 1126 3983 sic
1149 3922 1313 4002 aegritudo
1336 3922 1368 3983 iu
1392 3922 1495 3984 animo
1518 3941 1631 3983 nomen
1655 3921 1749 3984 habet

416 4032 482 4075 non
505 4013 684 4076 seiunctum
706 4035 724 4077 a
747 4017 867 4078 dolore.
901 4018 1025 4080 Boleris
1048 4015 1143 4077 huius
1166 4015 1262 4094 igitur
1276 4013 1364 4095 origo
1381 4012 1472 4077 nohis
1488 4015 1675 4097 explicanda
1691 4023 1748 4088 est,

415 4105 448 4168 id
472 4115 521 4168 est
543 4125 641 4168 causa
664 4105 805 4171 elliciens
827 4112 1053 4190 aegritudinem
1080 4109 1112 4168 in
1136 4108 1240 4169 animo
1264 4113 1422 4188 tamquam
1445 4111 1693 4186 aegrotationem
1716 4110 1787 4171 ineo

415 4218 562 4281 corpore.
595 4202 673 4261 Nam
697 4210 732 4263 ut
755 4202 870 4265 medici
894 4224 988 4265 rausa
1010 4204 1111 4266 morbi
1139 4203 1264 4263 iuventa
1288 4204 1480 4264 curationem
1497 4223 1565 4265 esse
1590 4205 1748 4265 inventam

415 4302 537 4377 putant,
561 4292 607 4354 sic
630 4313 688 4354 nos
712 4315 805 4356 causa
821 4296 1027 4376 aegritudinis
1044 4303 1169 4376 reperta
1185 4294 1331 4356 medendi
1348 4295 1527 4357 facultatem
1544 4297 1747 4378 reperiemus.

500 4388 555 4448 Xl.
578 4382 629 4447 24.
664 4389 719 4448 Est
750 4390 842 4469 igitur
871 4410 966 4451 eausa
996 4392 1098 4451 omnis
1126 4390 1156 4450 in
1186 4388 1337 4470 opinione
1363 4408 1421 4452 nee
1444 4409 1519 4450 vern
1541 4389 1748 4470 aegritudiuis

413 4481 536 4554 solum,
561 4480 616 4542 sed
640 4482 734 4543 etiam
758 4482 949 4564 reliquarum
967 4485 1109 4566 omnium
1131 4483 1414 4564 perturbationum,
1438 4503 1519 4565 quae
1542 4492 1615 4543 sunt
1634 4501 1748 4563 genere

413 4585 576 4658 quattuor,
600 4575 741 4656 partibus
765 4576 881 4656 plures.
925 4580 1001 4638 Nam
1025 4599 1095 4638 cum
1119 4577 1221 4637 omnis
1245 4576 1439 4656 perturbatio
1463 4577 1503 4638 sit
1525 4577 1621 4637 animi
1646 4585 1786 4638 molusstt

411 4669 465 4731 vel
494 4668 629 4730 rationis
661 4689 775 4750 expers
806 4670 853 4731 vel
882 4672 1034 4732 rationem
1064 4689 1236 4751 aspernans
1267 4669 1316 4730 vel
1342 4670 1455 4731 rationi
1479 4691 1541 4732 non
1565 4671 1748 4741 oboediens,

411 4767 506 4844 isque
529 4770 634 4822 motus
657 4771 710 4823 aut
740 4763 813 4824 boul
837 4772 892 4825 aut
914 4766 986 4825 mali
1011 4765 1162 4846 opinione
1186 4764 1296 4823 citetur
1318 4761 1478 4835 hilariam,
1507 4773 1656 4846 quattuor
1678 4785 1749 4846 per-

411 4855 612 4946 turbationes
635 4857 812 4938 aequaliter
834 4858 1018 4920 distributae
1042 4867 1125 4919 sunt.
1161 4858 1236 4917 Nam
1260 4855 1340 4917 duae
1357 4865 1430 4917 sunt
1446 4878 1484 4917 ex
1500 4858 1647 4940 opinione
1663 4857 1748 4937 boni,

409 4968 550 5032 quarum
578 4948 694 5021 altera,
724 4950 869 5031 voluptas
899 4953 1054 5031 gestiens,
1085 4952 1115 5011 id
1140 4958 1187 5011 est
1217 4949 1490 5030 praetermodum
1514 4950 1595 5011 elata
1619 4951 1747 5022 laetitia,

409 5043 564 5125 opinione
594 5044 768 5122 praesentis
800 5046 904 5125 magni
936 5044 1070 5105 alieuius
1098 5044 1190 5112 honi,
1221 5043 1334 5115 altera,
1362 5064 1445 5126 quae
1475 5053 1522 5105 est
1551 5045 1785 5108 inmoderatam

419 5183 474 5191 -—.
497 5186 502 5188 .
519 5184 539 5188 —
552 5185 567 5188 m
604 5184 610 5188 -
623 5184 725 5189 s—.-.-..
738 5185 765 5189 -.
810 5187 815 5188 ⁷
835 5186 852 5190 ..
877 5186 909 5190 ⁴...
923 5187 931 5190 .
948 5187 971 5190 ..
1000 5186 1024 5190 um
1052 5184 1211 5191 ..-.—,-.---
1223 5185 1270 5190 -.η
1289 5184 1448 5191 ..-.--........
1459 5185 1744 5195 -——-—-.-—-

479 5256 503 5304 ἰ.
522 5255 582 5304 solet
601 5256 649 5304 Gtt
672 5283 696 5291 -
725 5257 867 5305 Callistheni
885 5259 904 5306 Ο
925 5285 949 5292 -
975 5259 998 5306 tl.
1018 5261 1038 5307 si
1056 5258 1115 5305 haec
1132 5257 1261 5316 reserreC
1285 5283 1307 5291 -
1336 5258 1375 5306 ll.
1395 5258 1416 5305 si
1434 5259 1452 5305 G
1472 5260 1498 5306 el
1517 5272 1584 5308 corr.
1605 5260 1629 5307 in
1647 5261 1682 5308 sic
1700 5262 1746 5310 RB

409 5356 438 5367 -
463 5331 501 5379 ti.
522 5331 660 5391 aliquando
679 5332 697 5380 C
717 5357 743 5366 -
765 5339 787 5380 et
807 5334 887 5393 surius
903 5333 972 5381 Bake
991 5332 1007 5381 l.
1029 5332 1044 5381 l.
1065 5347 1090 5395 p.
1110 5333 1149 5380 tlt.
1170 5359 1197 5367 -
1225 5333 1262 5381 ll.
1282 5334 1376 5380 ariolum
1395 5333 1524 5381 Bouhier:
1543 5346 1662 5396 magnum
1680 5335 1698 5383 C
1719 5360 1744 5368 -

406 5406 452 5456 25.
473 5405 509 5468 ul]
527 5409 572 5453 aul
590 5407 618 5454 Gt
639 5431 664 5440 -
689 5406 776 5455 similis
794 5421 862 5455 corr
884 5409 908 5455 in
926 5409 1051 5455 similest}
1079 5434 1105 5441 —
1131 5408 1349 5469 aegrotationesC
1371 5432 1396 5441 -
1422 5408 1461 5456 hl.
1482 5409 1638 5471 aegritudine
1655 5409 1703 5457 GR
1722 5412 1748 5457 et

408 5481 572 5542 superseri
590 5479 691 5528 litterae
709 5494 722 5528 e
739 5480 796 5529 ead.
813 5496 847 5529 ru¹
864 5483 881 5530 B
905 5510 927 5516 —
948 5485 989 5530 scd
1005 5483 1108 5542 proprie
1121 5507 1157 5517 -·
1170 5484 1195 5528 in
1213 5482 1297 5529 animo
1314 5484 1398 5529 nomin
1416 5489 1472 5531 ovet
1490 5484 1588 5533 Nonius
1607 5496 1622 5545 p
1646 5482 1702 5531 lli.
1718 5508 1744 5515 —

407 5555 452 5603 28.
473 5553 570 5617 nomeu]
589 5567 621 5602 no
639 5568 699 5603 cum
719 5570 809 5604 rasura
830 5557 905 5605 unius
924 5555 1025 5605 litterae
1044 5560 1063 5604 ti
1083 5560 1224 5619 (superscr.
1244 5570 1299 5604 uteo
1324 5571 1359 5605 m.
1378 5557 1444 5619 seo.)
1465 5584 1492 5593 -
1516 5558 1555 5606 34.
1575 5570 1636 5605 num
1651 5562 1678 5601 ut
1695 5569 1748 5604 mc-

406 5630 462 5678 dici
484 5643 563 5677 rause
583 5630 715 5678 emiorum
739 5634 894 5680 rurationem
910 5645 959 5680 esse
976 5633 1102 5679 inventum
1119 5636 1210 5692 putant
1228 5631 1324 5679 Nonius
1344 5646 1367 5694 p.
1387 5631 1444 5681 l93.
1467 5659 1489 5667 -
1513 5633 1612 5680 incente
1630 5629 1746 5679 deletum

407 5707 452 5753 est
470 5704 496 5751 in
517 5703 535 5752 ll
553 5729 580 5737 -
606 5704 646 5754 32.
664 5711 765 5766 repertu
787 5720 856 5755 corr.
877 5708 902 5756 iu
921 5704 1018 5767 reperiri
1038 5708 1055 5754 tt
1076 5733 1102 5741 -
1130 5707 1169 5754 36.
1189 5705 1304 5754 celante
1322 5707 1428 5754 rationis
1445 5706 1516 5755 delet
1533 5705 1654 5753 Bouhier.
1682 5704 1747 5753 Vide
1818 5698 1819 5701 '

407 5778 444 5828 ad
465 5778 497 5826 lV
517 5778 531 5840 5
549 5776 589 5827 ii.
611 5806 636 5814 -
657 5780 696 5829 lt.
716 5783 806 5830 citetur
823 5781 953 5842 bisarium,
973 5785 1093 5841 quattuor
1109 5781 1177 5829 Bake
1191 5780 1215 5841 ll.
1230 5778 1245 5827 l.
1260 5794 1284 5842 p.
1301 5780 1354 5838 till:
1375 5782 1472 5838 citetur,
1491 5780 1611 5839 bisarium
1628 5784 1748 5840 quattuor

407 5856 439 5903 0.
466 5854 506 5903 Cl.
528 5854 558 5903 lV
577 5855 591 5917 fi
612 5858 650 5905 tl.
678 5883 702 5893 -
728 5863 838 5917 quatuor
859 5859 888 5904 G¹
914 5882 939 5891 -
964 5855 1003 5905 tc.
1023 5857 1107 5904 altero
1129 5870 1193 5917 quos
1215 5863 1250 5906 est
1273 5859 1409 5908 Davisius:
1437 5859 1519 5908 ultera
1542 5859 1665 5917 cupiditas
1682 5873 1747 5921 quoe

407 5933 477 5980 recte
501 5928 541 5977 uel
561 5929 634 5978 tilido
655 5931 704 5979 dici
724 5935 802 5993 potest
825 5944 890 5992 quoe
910 5936 945 5980 est
966 5932 1000 5989 C,
1024 5932 1105 5980 ultera
1126 5932 1249 5994 cupiditas
1269 5939 1335 5983 recte
1351 5933 1390 5983 uel
1405 5931 1481 5982 libide
1498 5933 1547 5983 dici
1563 5939 1656 5995 potest;
1683 5949 1746 5998 quoe
