4342 7459
436 1241 499 1307 248
765 1241 1089 1306 TUSCULANARUII
1109 1239 1440 1305 Disrurlrroutm

437 1409 521 1471 enim
552 1426 625 1490 pars
653 1404 805 1469 orationis
834 1410 907 1464 tuae
928 1400 1064 1464 faciebat
1085 1409 1121 1463 nt
1143 1400 1223 1464 mori
1246 1420 1409 1483 cuperem,
1438 1399 1596 1483 posterior
1616 1406 1652 1462 ut
1672 1399 1769 1463 modo

437 1521 504 1564 non
525 1500 657 1572 nollem,
680 1497 773 1560 modo
797 1516 861 1559 non
884 1493 1077 1557 laborarem:
1101 1495 1188 1557 omni
1210 1502 1315 1558 autem
1339 1494 1482 1558 oratione
1504 1492 1582 1557 illud
1598 1501 1683 1557 certe
1698 1513 1769 1578 per-

436 1595 553 1658 fectum
576 1602 639 1668 est,
662 1600 697 1655 ut
719 1599 853 1654 mortem
875 1608 940 1651 non
963 1587 1111 1651 ducerem
1132 1588 1167 1650 in
1189 1588 1290 1650 malis.

521 1689 564 1752 M.
586 1690 667 1750 Num
689 1686 786 1768 igitur
807 1684 903 1746 etiam
925 1682 1088 1745 rhetorum
1111 1681 1271 1764 epilogum
1295 1681 1533 1745 desideramus?
1555 1681 1693 1745 anbanc
1706 1682 1769 1745 iam

411 1791 534 1847 cartem
558 1781 651 1866 plane
673 1780 908 1862 relinquimus?
943 1778 981 1839 A.
1003 1778 1051 1838 Tu
1074 1797 1149 1839 vero
1166 1778 1258 1840 istam
1273 1798 1313 1841 ne
1328 1777 1512 1860 reliqueris,
1534 1795 1629 1863 quam
1644 1794 1770 1858 semper

437 1876 569 1948 ornasti,
602 1882 634 1936 et
660 1873 789 1957 quidem
813 1873 899 1948 iure;
921 1871 975 1934 illa
998 1872 1083 1933 enim
1109 1879 1157 1945 te,
1180 1891 1288 1934 rerum
1316 1871 1344 1935 si
1369 1872 1458 1955 loqui
1484 1871 1647 1944 volumus,
1675 1887 1769 1933 orna·

437 1976 534 2032 verat.
579 1967 640 2031 Sed
671 1966 799 2049 quinam
828 1975 877 2029 est
902 1967 964 2029 iste
990 1964 1157 2047 epilogus?
1187 1984 1267 2027 aveo
1295 1966 1378 2029 enim
1401 1966 1512 2029 andire
1534 1963 1687 2050 quicquid
1709 1970 1768 2029 est.

438 2060 509 2125 ll3.
531 2064 574 2125 M.
595 2063 734 2124 Deorum
758 2059 982 2122 immortalium
1004 2056 1123 2119 iudicia
1139 2055 1244 2119 solent
1261 2058 1294 2120 in
1310 2057 1428 2120 scholis
1442 2058 1585 2141 proferre
1601 2059 1641 2123 de
1655 2066 1770 2133 morte,

438 2179 497 2222 nec
524 2175 600 2218 vero
624 2173 662 2217 ea
690 2151 809 2235 lingere
830 2153 907 2235 ipsi,
938 2151 994 2215 sed
1017 2150 1178 2214 Herodoto
1201 2160 1331 2214 auctore
1353 2151 1489 2235 aliisque
1511 2153 1665 2234 pluribus.
1703 2152 1771 2216 Pri·

402 2272 429 2316 ro
438 2273 522 2315 mum
551 2250 665 2331 Argiae
693 2246 864 2310 sacerdotis
894 2244 1020 2308 Cleobis
1042 2254 1075 2307 et
1096 2245 1191 2307 Biton
1213 2242 1268 2308 lilii
1291 2244 1520 2327 praedicantur.
1556 2247 1640 2309 Nota
1661 2243 1772 2308 fabula

437 2353 494 2409 eet.
534 2342 609 2405 Cum
640 2341 724 2404 enim
753 2340 841 2404 illam
863 2339 902 2402 ad
926 2338 1079 2403 sollemne
1106 2348 1139 2401 et
1164 2346 1278 2403 statum
1302 2336 1488 2403 sacrificium
1509 2360 1603 2403 curru
1626 2340 1701 2403 vebi
1722 2341 1771 2403 ius

438 2445 538 2511 esset,
562 2436 639 2498 satis
661 2435 755 2517 longe
776 2435 816 2495 ab
839 2434 956 2517 oppido
978 2432 1018 2496 ad
1040 2432 1163 2507 lenum,
1186 2442 1445 2516 morarenturque
1463 2434 1618 2510 iumenta,
1640 2444 1707 2498 tum
1724 2434 1772 2497 iu-

438 2529 595 2602 venerii,
619 2548 701 2612 qnos
723 2528 817 2591 modo
841 2528 1020 2600 nominavi,
1051 2535 1139 2590 veste
1161 2529 1261 2609 posita
1283 2547 1417 2611 corpora
1440 2529 1512 2591 olco
1535 2534 1771 2611 perunxemnt,

438 2625 478 2688 ad
501 2624 609 2705 iugum
632 2629 844 2685 accesserunt.
879 2622 926 2684 lta
949 2620 1097 2684 sacerdos
1119 2622 1248 2684 advecta
1271 2621 1450 2696 insanum,
1472 2629 1772 2685 cumcurrusesset

401 2739 429 2785 rs
439 2719 552 2782 ductus
575 2737 593 2779 a
614 2716 701 2790 filiis,
723 2723 849 2798 precata
870 2734 889 2777 a
911 2714 972 2778 dea
993 2714 1118 2789 dicitur,
1141 2725 1177 2778 ut
1198 2715 1260 2778 illis
1275 2717 1449 2799 praemium
1466 2716 1556 2779 dmet
1576 2737 1633 2801 pro
1653 2718 1771 2800 pietate

439 2811 522 2895 quod
555 2830 736 2873 maxumum
763 2808 885 2871 homini
915 2808 983 2871 dari
1014 2814 1123 2891 posset
1150 2829 1167 2871 a
1200 2809 1278 2883 deo;
1309 2818 1382 2890 post
1410 2810 1556 2892 epulatos
1578 2829 1649 2872 cum
1671 2817 1771 2873 matre

438 2903 651 2969 adulescentis
674 2924 785 2967 somno
808 2924 842 2966 se
866 2901 1008 2977 dedisse,
1031 2922 1122 2965 mane
1145 2904 1291 2965 iuventos
1306 2922 1377 2965 esse
1392 2910 1542 2968 mortuos.
1579 2899 1650 2966 lli.
1667 2903 1771 2967 Simili

438 3001 619 3084 precatione
642 2998 843 3081 Trophonius
866 3006 898 3060 et
910 2996 1096 3080 ‘Agamedes
1119 2998 1167 3060 usi
1191 2997 1355 3072 dicuntur,
1378 2998 1432 3081 qui
1456 3018 1526 3061 cum
1542 2996 1682 3079 Apollini
1698 2996 1772 3059 Ilel·

437 3095 509 3179 phis
537 3092 689 3174 ternplum
719 3091 1030 3164 exaedificavissent,
1056 3099 1246 3154 venerantes
1275 3091 1368 3154 deum
1393 3093 1571 3174 petiverunt
1592 3091 1772 3156 mercedem

400 3206 502 3252 eonon
532 3204 659 3268 parvam
690 3186 818 3270 quidem
848 3186 955 3268 operis
984 3193 1015 3247 et
1036 3184 1153 3247 laboris
1176 3186 1238 3258 sui,
1268 3186 1348 3249 nihil
1373 3187 1464 3261 certi,
1496 3185 1552 3249 sed
1577 3186 1664 3271 quod
1687 3194 1774 3249 esset

438 3290 603 3364 optumum
624 3279 756 3341 homini.
794 3278 920 3354 Quibus
942 3276 1057 3359 Apollo
1079 3297 1114 3339 se
1136 3278 1168 3340 id
1192 3278 1338 3342 daturum
1361 3279 1502 3343 ostendit
1523 3289 1596 3362 post
1617 3280 1686 3343 eius
1708 3278 1773 3343 diei

438 3378 522 3439 diem
553 3375 695 3437 tertium:
727 3375 781 3455 qui
809 3381 844 3435 ut
870 3373 1005 3445 inluxit,
1040 3372 1153 3435 mortui
1186 3382 1260 3436 sunt
1288 3374 1415 3457 reperti.
1460 3373 1655 3437 ludicarisse
1677 3373 1772 3436 deum

438 3469 547 3531 dicunt
569 3476 601 3530 et
623 3488 695 3529 eum
716 3466 844 3549 quidem
867 3466 973 3538 deum,
995 3466 1045 3528 cui
1069 3466 1185 3548 reliqui
1209 3468 1240 3530 di
1262 3469 1495 3531 concessissent
1516 3475 1551 3530 ut
1572 3476 1700 3549 praeter
1720 3486 1773 3529 ce·

438 3574 523 3627 teros
546 3560 710 3625 divinaret.
755 3561 895 3622 XLVIII.
917 3558 1067 3635 hdiertur
1089 3561 1184 3621 etiam
1208 3559 1247 3623 de
1264 3562 1371 3625 Sileno
1386 3561 1502 3624 labella
1519 3560 1693 3645 quaedam,
1716 3564 1772 3646 qui

401 3674 510 3720 recum
532 3677 549 3718 a
572 3655 657 3717 Mida
678 3662 787 3736 captus
810 3661 911 3726 esset,
935 3653 993 3715 hoc
1016 3652 1045 3713 ei
1070 3653 1210 3714 muneris
1233 3675 1290 3736 pro
1313 3674 1369 3717 sua
1385 3656 1536 3717 missione
1553 3654 1679 3718 dedisse
1694 3656 1772 3718 scri-

438 3751 537 3813 bitur:
561 3748 707 3810 docuisse
729 3766 836 3828 regem
858 3766 923 3808 non
939 3746 1026 3808 nasci
1048 3744 1170 3807 homini
1190 3746 1284 3828 longe
1306 3748 1461 3830 optimum
1478 3767 1566 3821 esse,
1588 3749 1771 3829 proximum

439 3853 541 3907 autem
572 3862 666 3926 quam
697 3841 831 3923 primum
855 3841 946 3903 mori.
983 3834 1055 3900 lla.
1078 3838 1148 3913 Qua
1172 3847 1221 3903 est
1241 3841 1397 3904 sententia
1419 3842 1452 3903 iu
1475 3841 1670 3925 Cresphonte
1693 3862 1770 3905 usus

438 3938 626 4021 Euripides:

607 4033 700 4093 Nam
723 4050 795 4092 nos
817 4029 990 4093 decebat
1011 4038 1147 4093 coetus
1170 4029 1419 4091 celebrantis
1443 4028 1596 4093 domum

401 4142 429 4188 ³0
608 4128 781 4206 Lugere,
804 4124 870 4186 ubi
893 4133 1006 4187 esset
1027 4124 1185 4207 aIIquis
1207 4124 1245 4185 in
1268 4123 1392 4185 lucem
1416 4124 1566 4198 editus,

608 4221 810 4282 Humanae
833 4220 939 4283 vitae
962 4222 1071 4282 varin
1096 4219 1333 4302 reputanIIs
1356 4217 1474 4280 mala:

608 4317 673 4387 at,
695 4314 762 4397 qui
787 4313 945 4377 labores
968 4323 1094 4378 morte
1118 4314 1288 4378 linisset
1308 4314 1460 4395 gravis,

607 4410 718 4471 llunc
741 4409 845 4471 omni
866 4408 1019 4470 amicos
1042 4408 1162 4472 laude
1186 4415 1226 4469 et
1246 4406 1414 4469 laetitia
1436 4404 1617 4488 exsequi.

440 4505 550 4569 Simile
573 4503 722 4586 quiddam
739 4511 788 4566 est
809 4505 841 4565 in
858 4503 1081 4567 Consolatione
1098 4502 1268 4566 Crantoris.
1297 4502 1352 4563 Ait
1367 4502 1450 4564 enim
1466 4500 1655 4562 Terinaeum
1671 4519 1771 4583 quen·

401 4600 510 4662 sedam
538 4598 698 4680 Elysium,
730 4618 799 4660 cum
827 4597 964 4679 graviter
987 4594 1042 4660 filii
1070 4606 1201 4661 mortem
1223 4605 1392 4670 maereret,
1421 4597 1546 4658 venisse
1574 4593 1606 4655 in
1635 4592 1770 4677 psycho-

439 4693 592 4755 mantium
627 4699 829 4775 quaerentem
863 4709 944 4774 quae
976 4689 1090 4754 luisset
1118 4699 1222 4753 tantae
1257 4689 1442 4752 calamitatis
1478 4707 1590 4751 causa:
1630 4688 1707 4751 huic
1737 4688 1769 4750 in

439 4785 564 4848 tabeIIIs
586 4785 641 4846 tris
663 4784 755 4846 buius
778 4783 862 4846 modi
885 4784 1059 4847 versiculos
1082 4785 1190 4847 datos:

503 5039 527 5087 2.
546 5037 645 5084 4444444
662 5036 710 5085 044
731 5063 757 5071 -
776 5033 800 5085 I.
819 5035 947 5084 4444444444
964 5036 1014 5085 044
1033 5061 1059 5071 -
1081 5036 1106 5084 7.
1125 5035 1201 5085 habeo
1220 5037 1249 5086 C.
1269 5035 1307 5085 CI.
1327 5035 1342 5098 5
1361 5035 1400 5084 lli.
1421 5060 1449 5071 ·-
1469 5038 1509 5085 40.
1529 5034 1629 5099 Arqioe]
1653 5036 1768 5086 «CIcero

439 5113 496 5160 sine
514 5110 595 5160 dubio
613 5111 731 5172 scripsit,
750 5111 779 5158 ut
798 5108 955 5166 Lambinus.
973 5110 1097 5172 Arqr'ooc;
1117 5110 1149 5160 cl.
1171 5112 1193 5169 l,
1213 5110 1254 5161 40.
1274 5111 1320 5170 441,
1340 5110 1381 5160 43.
1400 5111 1430 5159 N.
1445 5111 1474 5159 I).
1489 5111 1512 5168 l,
1529 5110 1568 5160 82.
1589 5111 1673 5160 Divin.
1693 5112 1712 5169 I,
1727 5112 1767 5161 37,

439 5187 510 5236 Brut.
530 5186 570 5234 50.
595 5188 689 5235 Poetae
707 5184 842 5233 interdum
859 5183 954 5246 449444
971 5184 1140 5239 scribebant;
1163 5188 1255 5249 Arqr'us
1271 5199 1302 5234 er
1322 5183 1391 5233 nullo
1410 5186 1540 5248 scriptore
1558 5183 1706 5235 laudatur.»
1725 5187 1767 5236 W.

441 5290 467 5299 -
487 5262 604 5311 44404444
624 5286 650 5295 -
671 5259 799 5316 044444ος
818 5260 874 5308 Rite
886 5260 915 5308 0.
935 5259 1000 5308 Vide
1013 5260 1075 5324 ads
1090 5261 1145 5310 446.
1162 5288 1187 5297 -
1210 5263 1248 5310 44.
1268 5261 1419 5310 4444444440
1440 5287 1466 5295 -
1487 5263 1526 5311 44.
1545 5266 1603 5310 tunc
1620 5263 1769 5311 44444444--

438 5341 593 5387 emerserant
615 5337 641 5384 tn
665 5335 783 5397 margine
808 5348 887 5384 manu
912 5338 1073 5398 posteriore,
1093 5335 1140 5385 sed
1159 5337 1280 5399 antiqua,
1299 5335 1432 5399 adscripta
1450 5335 1567 5386 hahetis
1589 5362 1615 5372 -
1635 5341 1687 5385 4444
1704 5336 1767 5386 GB:

438 5417 497 5462 4444
513 5413 580 5461 4440.
606 5408 798 5458 tscribondum
817 5413 869 5459 est:
890 5415 943 5458 4444
959 5410 1072 5459 terrores:
1092 5410 1124 5460 cl.
1139 5410 1172 5460 de
1184 5425 1242 5460 4444
1252 5438 1266 5448 -
1278 5418 1330 5460 tum
1342 5411 1405 5474 (lom
1415 5437 1429 5447 -
1440 5409 1506 5473 cum)
1524 5410 1608 5474 5⁴⁴8.
1628 5412 1658 5468 ll,
1673 5411 1712 5460 43.
1725 5412 1767 5461 tt).

436 5490 478 5539 rt.
498 5489 540 5546 111,
559 5487 584 5535 2.
603 5485 628 5535 3.
649 5484 840 5534 Vehementior
856 5483 896 5533 illa
915 5484 1116 5545 demonstratio,
1134 5499 1214 5549 quam
1232 5491 1291 5535 4444
1308 5488 1341 5549 (in
1359 5486 1458 5536 diserta
1476 5485 1516 5536 vel
1538 5487 1616 5535 tacita
1634 5488 1769 5549 praeteriti

438 5567 466 5613 et
488 5562 636 5626 praesentis
658 5559 786 5622 temporIs
808 5561 973 5623 oppositione
996 5559 1079 5610 aliave
1098 5560 1131 5610 de
1150 5574 1239 5619 causa,
1258 5564 1287 5610 ut
1310 5560 1398 5611 Famil.
1418 5563 1460 5621 144,
1480 5562 1519 5613 40.
1538 5561 1562 5611 3.
1589 5562 1674 5612 Divin.
1693 5562 1724 5620 Il,
1742 5561 1767 5611 3.

438 5641 489 5687 444.
509 5638 540 5692 x.
558 5636 583 5694 8,
602 5636 625 5693 4)
644 5633 740 5693 habet,
760 5633 794 5682 ab
813 5634 864 5684 hoc
882 5633 939 5683 loco
957 5632 1040 5683 altena
1059 5639 1125 5685 ests
1143 5636 1185 5686 W.
1203 5661 1228 5669 -
1249 5636 1345 5685 4444444
1363 5639 1382 5685 0
1401 5663 1424 5671 -
1446 5635 1485 5684 43.
1504 5635 1565 5684 440
1586 5662 1612 5671 -
1633 5637 1673 5686 45.
1690 5648 1768 5697 preo-

438 5718 496 5762 coto
514 5713 564 5761 044
583 5737 610 5749 -
631 5711 680 5759 44444
693 5711 836 5770 proeminens
852 5712 872 5760 B
891 5712 925 5773 (iu
943 5723 1026 5773 marg.
1046 5708 1102 5758 «rel
1119 5710 1203 5771 mim:
1222 5712 1270 5760 illle
1284 5712 1393 5773 proemii
1405 5714 1423 5760 G
1434 5712 1467 5762 a:
1487 5711 1513 5760 44
1529 5710 1579 5759 44444
1592 5710 1701 5771 procerti
1717 5711 1768 5760 Ite-

438 5787 522 5840 4444444
546 5788 573 5835 id
596 5788 628 5836 444
645 5787 744 5849 praemi
767 5786 925 5849 Tregderus.
950 5812 976 5820 —
1004 5787 1042 5836 48,
1066 5785 1176 5846 apolloni
1196 5787 1216 5834 G
1238 5812 1263 5821 -
1292 5789 1332 5837 40.
1349 5789 1473 5848 petierunt
1492 5787 1512 5835 0
1533 5811 1560 5820 —
1581 5786 1622 5837 43.
1641 5787 1676 5836 dli
1697 5788 1716 5837 C
1738 5813 1765 5824 -

438 5862 479 5911 34.
497 5862 607 5910 tuamne
625 5862 644 5911 C
665 5888 691 5898 -
718 5861 758 5912 33.
778 5862 845 5910 omri
862 5863 997 5912 Davisius:
1022 5874 1104 5911 444444
1121 5862 1149 5910 C.
1173 5860 1239 5911 Vide
1257 5859 1291 5910 ad
1309 5861 1324 5926 g
1343 5863 1398 5911 440.
1421 5887 1447 5897 -
1466 5860 1506 5912 II.
1525 5862 1681 5912 4444444444
1698 5862 1717 5913 C
1737 5888 1764 5897 -

438 5936 480 5986 30.
498 5936 618 5997 4444444444
634 5937 683 5987 044
704 5963 730 5972 -
748 5941 843 5987 moeret
859 5936 908 5986 044
929 5962 956 5972 -
975 5937 1001 5986 44
1017 5937 1209 5986 44444444444444
1227 5938 1256 5988 0.
