4342 7459
365 1286 367 1291 '
419 1270 503 1341 toul
835 1272 1048 1341 CICERONIS
1069 1272 1328 1339 FRAGMENTA.

793 1434 1023 1487 DlFFEREllTlAS
1039 1430 1094 1498 (sic)
1111 1432 1293 1485 CYCERONIS
1309 1430 1375 1499 (xlc).

494 1559 580 1617 Inter
599 1561 735 1616 metum
761 1555 887 1630 (suppo.-
910 1551 1143 1625 ettimorcrn)
1165 1559 1197 1613 ct
1216 1569 1401 1632 pavorem
1427 1551 1640 1630 hocinterest,
1662 1554 1747 1634 quod

418 1657 546 1712 metus
559 1650 660 1710 lutura
679 1647 845 1728 prospicitc
874 1648 991 1707 timor
1010 1645 1114 1707 subita
1133 1646 1246 1707 mentis
1265 1646 1490 1723 consternati03
1516 1664 1637 1726 pavor
1654 1649 1748 1711 animi

419 1751 539 1821 motus,
565 1740 648 1804 uude
668 1742 760 1803 ctiam
779 1728 893 1822 pavi'da
918 1740 1055 1800 iumenta
1075 1737 1215 1801 dicimus.
1255 1743 1340 1801 Inter
1359 1758 1431 1823 qsue
1455 1747 1486 1801 et
1506 1759 1549 1803 ve
1568 1739 1626 1803 hoc
1648 1741 1748 1805 iuter-

420 1845 485 1900 csl:
515 1855 590 1918 que
620 1836 812 1914 coniunctio,
842 1854 887 1898 vc
907 1834 1073 1897 distinctio.
1113 1837 1198 1896 Inter
1224 1853 1352 1897 omues
1375 1843 1407 1897 et
1433 1843 1596 1898 cunctos
1616 1844 1647 1898 et
1666 1837 1748 1899 uni-

418 1949 558 1994 versos
579 1929 637 1993 hoc
659 1932 803 2009 interest,
830 1928 913 2012 quod
941 1947 1091 2007 omnes,
1121 1947 1253 2010 quorum
1282 1929 1396 1994 mentio
1429 1938 1493 2007 est;
1522 1934 1666 2005 cuncti,
1695 1932 1750 2012 qui

419 2026 451 2088 iu
470 2044 532 2087 uuo
551 2024 619 2087 loco
639 2026 796 2101 conversi3
819 2024 872 2104 qui
891 2023 1008 2103 ubique
1028 2030 1111 2100 suut,
1133 2023 1308 2086 universi
1335 2032 1395 2085 cet.

775 2159 817 2210 Xl.
853 2159 896 2209 DE
912 2158 1182 2211 PROPRIETATIBUS
1203 2159 1387 2215 vssuuoauu.

496 2279 605 2341 Cicero
634 2276 673 2338 de
692 2277 936 2358 proprietatibus
955 2276 1135 2339 vorborum:
1164 2274 1289 2338 libellus
1317 2277 1398 2359 typis
1420 2296 1555 2341 excusus
1575 2276 1635 2340 sub
1655 2278 1750 2341 linem

422 2370 518 2435 seculi
548 2372 618 2448 XV,
642 2372 709 2433 sine
735 2370 794 2432 loci
814 2379 845 2431 et
870 2372 942 2431 anni
961 2379 1045 2447 nota,
1070 2371 1167 2432 lorma
1187 2369 1435 2451 quadruplicata,
1460 2381 1563 2434 exstat
1579 2373 1610 2434 iu
1631 2371 1750 2436 Biblio-

421 2466 512 2529 theca
531 2465 701 2528 Basileensi
721 2467 777 2526 Aa.
797 2466 878 2526 Vlll.
904 2465 949 2526 15.
964 2465 1090 2544 Incipit:

496 2561 580 2622 Inter
598 2558 786 2640 polliceri
808 2565 839 2619 et
854 2558 1087 2640 promittere
1103 2558 1162 2620 hoc
1171 2558 1311 2639 interest,
1324 2559 1407 2642 quod
1418 2560 1624 2641 promittimus
1637 2564 1748 2643 rogati,

421 2652 605 2735 pollicemur
627 2652 707 2715 ultro
727 2661 787 2714 ceo
1048 2650 1050 2653 ’

495 2748 559 2809 lam
578 2764 653 2808 vcro
676 2746 903 2807 «Differentiae»
924 2745 1003 2806 istae
1026 2752 1055 2807 et
1075 2744 1151 2809 (lod.
1173 2747 1339 2808 Beruensis
1359 2754 1390 2809 ct
1403 2745 1565 2825 Editionis,
1581 2766 1675 2829 quam
1687 2753 1749 2813 Ba·

422 2839 518 2902 sileae
543 2839 622 2918 vidi,
656 2838 779 2901 diverso
808 2857 903 2919 saepe
927 2838 1035 2900 ordine
1064 2847 1191 2902 etcum
1219 2839 1301 2901 houd
1328 2841 1438 2921 paucis
1458 2840 1525 2903 aliis
1546 2843 1749 2907 varietatibus

420 2933 538 2996 Isidoro
560 2933 738 2996 tribuuntur
759 2934 791 2995 in
816 2934 884 2995 eius
902 2933 982 3015 Opp.
1001 2933 1050 2996 ed.
1068 2932 1111 2997 du
1129 2933 1220 2995 Brcul
1237 2952 1268 3014 p.
1290 2935 1356 2995 231.
