4342 7459
446 1209 509 1277 290
775 1212 1095 1277 absentantem
1118 1210 1447 1275 DISPUTATIONUM

445 1373 584 1458 aliquem
615 1372 809 1437 Socraticum
836 1372 980 1436 libellum
1003 1371 1108 1445 dabis,
1136 1369 1283 1454 hydrauli
1303 1369 1470 1434 hortabere
1492 1377 1528 1434 ut
1548 1372 1657 1435 audiat
1677 1392 1799 1438 voces

445 1467 551 1551 potius
573 1487 668 1550 quam
690 1466 845 1542 Platonis,
868 1485 1009 1549 expones
1032 1486 1114 1549 quae
1137 1473 1259 1548 spectet
1281 1465 1392 1528 tlorida
1415 1473 1447 1528 et
1463 1466 1564 1542 varia,
1586 1464 1774 1531 fasciculum

445 1560 485 1623 ad
514 1561 600 1624 naris
627 1560 829 1636 admovebis,
855 1560 1006 1623 incendes
1036 1558 1166 1633 odores,
1197 1560 1288 1647 sertis
1315 1558 1456 1622 redimiri
1476 1559 1600 1623 iubebis
1622 1567 1655 1623 et
1676 1562 1774 1625 rosal

446 1654 479 1717 Si
501 1674 576 1718 vero
599 1655 720 1738 aliquid
743 1655 837 1718 etiam
858 1687 918 1728 —,
939 1661 1006 1716 tum
1028 1653 1123 1736 plane
1145 1652 1265 1716 luctum
1289 1671 1416 1716 omnem
1438 1653 1634 1719 absterseris.

420 1755 437 1803 ³
530 1748 616 1811 XIX.
639 1745 690 1810 ll.
712 1749 798 1811 llaec
820 1748 958 1829 Epicuro
982 1743 1159 1810 confitenda
1180 1755 1392 1821 suntantea,
1415 1767 1496 1830 quae
1512 1749 1606 1811 modo
1623 1768 1775 1833 expressa

445 1841 639 1906 adverbum
661 1842 746 1917 dixi,
768 1842 909 1904 tollenda
932 1840 971 1903 de
994 1840 1075 1903 libro
1098 1840 1148 1902 vel
1171 1849 1255 1904 totus
1278 1841 1357 1904 liber
1378 1842 1484 1925 potius
1500 1842 1703 1918 abiciundns;
1727 1849 1776 1906 est

446 1932 530 1997 enim
554 1935 713 1999 consertus
736 1935 960 2020 voluptatibus.
992 1933 1218 2009 Quaerendum
1240 1935 1337 2017 igitur
1358 1954 1452 2018 quem
1475 1936 1658 2000 admodum
1674 1936 1773 2020 aegri·

445 2028 555 2092 tudine
577 2031 737 2113 privemus
760 2051 849 2103 eum,
872 2029 927 2113 qui
950 2029 994 2091 ita
1017 2028 1119 2092 dicat:

530 2156 545 2169 ·
586 2160 602 2173 ·
643 2160 659 2173 ·
700 2125 770 2189 Pol
800 2124 894 2187 mihi
920 2123 1086 2186 fortuna
1109 2122 1234 2205 magis
1257 2144 1360 2186 nunc
1383 2123 1616 2208 delitquam
1639 2143 1775 2207 genus.

407 2226 435 2272 ⁴⁰
529 2221 708 2303 Namque
730 2238 889 2302 regnum
912 2217 1156 2301 suppetebat
1177 2217 1242 2292 mi,
1265 2225 1306 2280 ut
1327 2218 1433 2281 scias
1456 2227 1605 2302 quanto
1627 2237 1645 2280 e
1666 2216 1775 2291 loco,

530 2312 886 2396 Quantisopibus‚
909 2310 1125 2395 quibusda
1148 2311 1266 2373 rebus
1289 2310 1402 2394 lapsa
1425 2310 1774 2375 fortunaaccidat.

445 2406 553 2483 Quint
574 2408 649 2470 huic
671 2408 753 2471 calix
775 2406 868 2470 mulsi
889 2404 1112 2489 impingendus
1135 2411 1197 2478 est,
1221 2411 1256 2467 nt
1278 2405 1403 2488 plorare
1418 2406 1558 2481 desinat,
1581 2413 1636 2470 aut
1650 2404 1773 2488 aliquid

443 2500 511 2564 eius
528 2501 641 2565 modii
669 2498 751 2564 Ecce
773 2500 829 2562 tibi
853 2519 893 2562 ex
915 2498 1012 2562 altera
1034 2506 1122 2582 parte
1145 2499 1183 2560 ab
1207 2498 1320 2561 eodem
1342 2506 1453 2582 potita:

527 2595 582 2657 Ex
604 2593 747 2677 opibus
769 2592 928 2657 summis
952 2592 1040 2675 opis
1064 2611 1200 2674 egens,
1222 2593 1382 2668 Hector,
1404 2601 1503 2656 tuae.

406 2688 525 2752 trunio
547 2687 716 2752 subvenire
738 2688 906 2761 dehemus;
930 2685 1055 2768 quaerit
1076 2686 1161 2748 enim
1184 2686 1354 2749 auxilium:

529 2781 633 2858 Quid
656 2790 788 2866 petam
809 2780 991 2865 praesidi
1013 2786 1080 2842 aut
1102 2800 1295 2863 exequar,
1319 2799 1453 2864 quove
1475 2800 1578 2845 nunc

526 2876 695 2941 Auxilio
718 2875 821 2938 exili
843 2879 910 2937 aut
930 2873 1022 2957 t'uga
1044 2872 1151 2936 freta
1173 2874 1264 2936 simi

527 2973 627 3033 Arce
649 2976 688 3033 et
709 2969 808 3031 urbe
831 2968 928 3030 orba
949 2987 1041 3030 sum.
1078 2969 1160 3043 Quo
1182 2966 1383 3031 accidaml
1406 2989 1482 3052 quo
1504 2967 1729 3052 applicem?

421 3109 428 3126 .
527 3064 596 3129 Cui
627 3084 702 3127 nec
735 3082 823 3127 arae
855 3062 1014 3146 patriae
1045 3061 1153 3124 domi
1176 3069 1301 3136 stant,
1332 3060 1491 3126 fractae
1514 3070 1551 3127 et
1572 3063 1773 3128 disiectae

953 3215 955 3220 ,
1000 3156 1156 3232 iacent,

374 3302 379 3311 .
403 3267 432 3315 ac
525 3255 628 3316 Fana
649 3251 802 3315 flamma
825 3250 1059 3333 deflagrata,
1081 3251 1182 3313 tosti
1204 3250 1281 3313 alti
1303 3258 1414 3314 stant
1435 3252 1614 3334 parietes

525 3345 747 3409 Deformati
770 3352 890 3428 atque
911 3344 1045 3407 abiete
1068 3346 1204 3426 crispa
1228 3388 1397 3407 ......

441 3438 535 3502 Scitis
558 3459 640 3522 quae
662 3446 836 3522 sequantur
857 3445 889 3500 et
909 3437 965 3499 illa
985 3440 1018 3499 in
1041 3438 1170 3520 primis:

526 3531 553 3596 Ο
575 3540 709 3618 pater,
731 3552 750 3594 ο
773 3533 924 3614 patria,
948 3551 967 3593 ο
989 3531 1127 3592 Priami
1152 3531 1303 3606 domus,

526 3627 710 3711 Saeptum
732 3625 914 3688 altisono
937 3624 1102 3688 cardine
1124 3625 1330 3708 templum,

402 3733 432 3782 tn
524 3720 613 3784 Vidi
636 3739 706 3802 ego
729 3726 779 3792 te,
801 3718 991 3781 adstante
1015 3737 1087 3800 ope
1111 3718 1333 3795 barbarica,

524 3814 657 3877 Tectis
680 3812 872 3886 caelatis,
895 3811 1115 3894 laqueatis,

523 3910 646 3982 Auro,
669 3906 786 3969 ebore
809 3907 1045 3969 instructam
1068 3907 1246 3988 regifice.

439 3997 491 4063 t5.
514 4000 541 4065 Ο
564 4008 690 4085 poetam
714 4001 893 4083 egregium!
918 4020 1110 4084 quamquam
1132 4002 1172 4064 ab
1194 4001 1243 4064 his
1266 4003 1444 4065 cantoribus
1459 4002 1672 4086 Euphorionis
1694 4024 1769 4073 conr

439 4095 599 4158 temnitur.
639 4096 741 4158 Sentit
762 4094 868 4157 omnia
897 4096 1062 4176 repentina
1085 4103 1117 4158 et
1139 4097 1325 4179 necopinata
1348 4117 1416 4159 esse
1439 4098 1590 4179 graviora.
1625 4099 1769 4181 Exagge-

401 4190 514 4254 tcratis
529 4192 623 4273 igitur
638 4189 734 4272 regiis
750 4189 874 4270 opibus,
891 4208 973 4272 quae
989 4188 1178 4252 videbantur
1191 4192 1401 4272 sempiternae
1416 4191 1493 4266 lore,
1509 4192 1585 4275 quid
1601 4191 1768 4274 adiungit?

522 4284 628 4347 Haec
651 4283 785 4345 omnia
806 4282 889 4346 vidi
911 4279 1179 4359 inflammari,

522 4378 678 4441 Priamo
700 4378 736 4439 vi
758 4377 880 4440 vitam
904 4377 1069 4453 evitari,

523 4471 635 4535 lovis
657 4490 760 4533 aram
784 4471 980 4552 sanguine
1002 4473 1169 4555 turpari.

437 4560 489 4626 lb.
512 4564 710 4628 Praeclarum
736 4566 882 4628 carmcnl
914 4573 962 4628 est
988 4566 1072 4627 enim
1095 4574 1126 4629 et
1148 4565 1241 4627 rebus
1264 4573 1296 4629 et
1317 4565 1421 4628 verbis
1444 4570 1476 4627 et
1499 4565 1600 4627 modis
1622 4564 1766 4647 lugubre.

399 4658 616 4740 anEripiamus
638 4658 711 4721 hnic
731 4658 975 4740 aegritudinem.
1013 4657 1218 4734 Quomodo?
1241 4659 1441 4722 conlocemus
1456 4659 1490 4720 in
1505 4659 1617 4721 culcita
1630 4658 1767 4742 plumea,

437 4751 599 4834 psaltriam
613 4750 823 4826 adducamus,
845 4750 999 4835 hedychri
1013 4752 1218 4816 incendamus
1234 4753 1408 4827 scutellam,
1432 4751 1608 4816 dulciculae
1623 4753 1765 4836 potionis

504 5012 529 5061 l.
547 5011 647 5073 hydroli
664 5012 683 5062 C
698 5037 724 5047 -
743 5011 768 5060 2.
788 5025 912 5074 seponens
929 5012 948 5061 C
963 5038 989 5047 -
1010 5012 1034 5060 3.
1050 5014 1123 5061 sertis
1133 5012 1259 5063 Woldus:
1278 5017 1301 5063 et
1316 5013 1388 5061 sertis
1400 5012 1432 5071 C;
1452 5010 1492 5076 [et]
1510 5014 1613 5063 sertisO
1627 5039 1653 5049 -
1673 5015 1698 5065 b.
1712 5014 1766 5079 out]

436 5090 465 5135 ot
481 5087 512 5135 G¹
530 5111 557 5122 -
582 5086 605 5135 t.
625 5086 742 5148 confertis
759 5085 789 5134 G¹
807 5111 834 5121 —
860 5086 884 5135 8.
900 5088 1033 5147 priuenur
1054 5087 1103 5136 Glt
1125 5112 1151 5123 -
1175 5088 1213 5136 ld.
1233 5087 1268 5135 mi
1285 5087 1388 5136 Grotius
1406 5089 1433 5135 et
1450 5087 1592 5138 Manutius:
1617 5088 1678 5138 milo
1696 5089 1715 5138 C
1736 5114 1763 5124 ·-

437 5161 477 5210 ll.
498 5160 594 5209 occidau
611 5161 646 5211 0.
666 5160 732 5210 Vide
750 5161 778 5210 0.
793 5159 928 5210 Ribbeclrii
946 5162 1045 5222 Tragic.
1066 5163 1121 5209 Lat.
1141 5162 1243 5225 fragm.
1256 5176 1282 5226 p.
1296 5163 1336 5211 57.
1352 5185 1379 5196 -
1399 5161 1439 5209 li.
1453 5160 1533 5221 qotd?
1549 5164 1606 5212 hnic
1617 5188 1653 5200 --
1660 5163 1767 5225 plorare

436 5247 461 5286 so
477 5236 573 5285 mont
588 5236 687 5285 Nonius
704 5250 731 5299 p.
744 5235 801 5286 bib.
823 5263 849 5271 -
870 5236 909 5285 46.
926 5236 1046 5297 praesidii
1064 5237 1082 5286 C
1104 5262 1131 5271 —
1151 5238 1189 5287 ll.
1203 5237 1304 5287 Auxilio
1321 5242 1367 5285 nat
1382 5236 1444 5286 scili
1462 5234 1587 5287 Ribbeck.
1609 5263 1636 5273 —
1656 5237 1727 5288 acilii
1745 5237 1765 5287 C

439 5335 466 5346 -
484 5309 597 5372 sapeco
618 5336 646 5347 -
665 5309 704 5359 te.
724 5312 841 5359 accedam
859 5310 878 5359 C
899 5337 925 5346 -
944 5312 984 5360 20.
1004 5310 1058 5375 otti]
1076 5312 1121 5360 otii
1139 5312 1158 5362 C
1179 5313 1266 5361 -21,
1285 5312 1377 5361 abiecte
1394 5312 1416 5374 (c
1432 5314 1571 5375 expuncta)
1584 5314 1605 5361 G
1619 5340 1645 5348 -
1665 5313 1706 5362 22.
1719 5312 1766 5362 illo

435 5385 462 5434 in
479 5383 642 5448 Tregderus:
661 5385 732 5435 mum
750 5386 783 5443 C;
802 5386 864 5434 illud
880 5386 907 5434 in
924 5386 944 5434 0
965 5413 989 5423 —
1011 5387 1051 5435 25.
1071 5388 1211 5436 adstantem
1229 5388 1263 5444 C;
1288 5388 1321 5437 cl.
1338 5389 1347 5435 l
1365 5387 1379 5450 5
1397 5387 1438 5436 85.
1459 5413 1486 5423 ·-
1504 5385 1544 5436 26.
1563 5386 1648 5437 celetis
1666 5389 1716 5437 GR
1734 5412 1763 5423 -

436 5459 476 5510 tt.
495 5460 619 5523 regificem
637 5461 685 5510 Gll
704 5463 731 5510 ct
747 5475 772 5510 m
790 5460 877 5510 deleta
895 5463 913 5510 B
933 5486 960 5498 ·-
979 5462 1020 5512 28.
1039 5464 1154 5524 caprinas
1166 5464 1208 5521 0¹,
1227 5465 1372 5525 ceprepinm
1389 5462 1456 5511 ltr-
1476 5461 1516 5511 30.
1529 5462 1595 5524 regis
1607 5462 1635 5511 C.
1656 5462 1765 5525 «Aptius

435 5531 541 5583 videtur
556 5534 632 5596 regiis
647 5532 809 5597 bannales
827 5535 999 5585 Troianorum
1018 5549 1111 5599 regum
1129 5536 1249 5592 luerunt;
1269 5535 1300 5586 cl.
1315 5536 1329 5599 ᾗ
1343 5533 1385 5585 ll:
1408 5537 1639 5586 leuberedum
1655 5537 1764 5599 regifice.

435 5608 465 5657 ln
488 5608 677 5670 antiquissimis
701 5607 780 5658 codd.
804 5621 852 5672 pro
870 5610 888 5657 ii
908 5613 1064 5673 persaepei
1088 5610 1168 5660 scribi
1187 5614 1279 5660 notum
1298 5614 1352 5670 est,
1376 5612 1405 5659 ut
1425 5611 1451 5659 in
1474 5609 1525 5659 hoc
1546 5611 1604 5675 ipso
1626 5612 1703 5674 regiis
1723 5609 1765 5673 (de

436 5682 501 5745 llep.
519 5682 541 5730 ll
559 5681 591 5745 §5
607 5683 648 5733 29.
667 5681 734 5745 3t).·
753 5682 795 5731 W.
816 5708 843 5717 -
867 5685 1031 5745 snopttemoe
1048 5686 1073 5747 (a
1091 5684 1185 5743 deleta)
1204 5686 1224 5735 lt
1242 5711 1269 5719 -
1296 5685 1336 5734 33.
1354 5685 1419 5734 lovis
1435 5697 1510 5733 cram
1526 5687 1647 5749 sanguine
1664 5684 1767 5747 turpari

435 5756 536 5805 Nonius
554 5769 580 5820 p.
594 5756 650 5808 484.
666 5782 693 5792 -
712 5757 859 5819 sanguinem
877 5759 927 5808 GR
945 5759 1001 5819 [sed
1019 5762 1045 5809 in
1063 5762 1082 5809 ll
1100 5773 1126 5809 m
1140 5758 1226 5809 deleta
1244 5762 1292 5821 est)
1307 5785 1334 5796 -
1354 5761 1394 5810 35.
1413 5761 1549 5822 eripiemus
1560 5785 1574 5796 -
1585 5785 1600 5798 ·
1612 5760 1770 5810 adducamus

435 5829 535 5879 Nonius
558 5843 585 5894 p.
603 5831 661 5883 tlt.
683 5858 708 5870 -
737 5831 777 5882 36.
797 5833 965 5893 adducamus,
993 5835 1109 5895 hedychri
1129 5835 1291 5884 incendamus
1315 5835 1457 5895 scutellam,
1485 5833 1623 5884 dammulae
1646 5832 1766 5898 iladvig:

436 5902 591 5955 adducamus
607 5907 648 5969 (in
665 5908 715 5959 (tlt
732 5919 801 5958 corr.
821 5921 853 5959 ex
871 5910 1055 5974 educemus)
1073 5910 1162 5960 mmor
1178 5909 1312 5971 dompmea
1330 5910 1469 5970 (marim
1486 5910 1514 5973 G)
1531 5908 1696 5959 wedam
1710 5920 1770 5959 ses·
