4342 7459
925 1292 936 1318 ‚
961 1219 1212 1292 oosooroos

424 1378 510 1451 Quem
528 1389 618 1439 monet
637 1383 818 1447 torrendum,
839 1384 963 1454 sapiens,
984 1385 1073 1440 vitare
1089 1386 1240 1456 periciam:

421 1475 508 1549 Soepe
527 1479 595 1535 odeo
614 1493 713 1534 navens
729 1477 828 1550 priapo
847 1477 897 1532 sab
915 1484 991 1533 noete
1009 1495 1133 1535 serenam

420 1569 568 1637 Sabdurit,
587 1578 706 1628 metuens
724 1580 868 1628 venturam
887 1583 967 1628 mane
988 1573 1149 1643 procellam.

421 1664 514 1722 Tertia
531 1682 603 1722 nune
622 1666 717 1731 illam
738 1682 811 1722 nune
830 1673 932 1736 quarto
951 1683 1057 1722 aurora
1075 1670 1194 1725 ridebit:

417 1760 496 1818 Nono
514 1762 607 1818 subita
625 1764 751 1819 incautos
768 1764 856 1819 omiet
874 1779 963 1833 snper.
1005 1760 1109 1821 Omnia
1127 1768 1248 1823 nondam

417 1855 540 1928 lappiter
558 1860 709 1914 basmonum
728 1860 820 1915 docuit
838 1875 936 1931 aenas:
957 1859 1054 1915 abdita
1073 1863 1161 1917 coeris

416 1949 507 2009 Malta
527 1952 611 2007 iotent
629 1954 762 2009 tenebris:
783 1969 865 2023 quae,
887 1970 948 2009 sam
968 1953 1055 2018 votet,
1078 1956 1136 2026 ipse
1155 1957 1260 2013 docebit

415 2043 585 2110 Attitonans,
606 2049 656 2117 pai
673 2064 723 2103 nos
739 2047 894 2117 praeclaris
913 2049 1033 2118 andirw
1051 2049 1139 2120 sionis

416 2139 537 2197 Adiuvat
556 2147 581 2197 et
599 2146 681 2198 sortis
700 2145 788 2200 tradit
806 2145 974 2199 monimenta
991 2144 1112 2211 saturae.

415 2233 505 2293 blatto
525 2242 615 2291 monet
633 2236 718 2304 [acies
738 2241 786 2290 out
805 2235 955 2289 dimidiata
973 2232 1098 2299 Dionae,

415 2328 469 2386 Aut
488 2338 605 2401 atraque
623 2345 725 2402 auperss
744 2336 793 2384 aot
812 2335 892 2384 aneto
910 2329 1011 2384 bomine
1028 2329 1145 2401 tabanos.

414 2422 506 2482 dissita
523 2428 607 2481 etiam
627 2425 688 2481 Eoo
706 2440 819 2495 sorpens
839 2420 888 2479 Sol
907 2439 1006 2479 ooreses
1025 2439 1094 2487 ora,

416 2516 595 2577 (Joeidsomos
612 2527 720 2592 petens:
740 2525 766 2574 et
784 2525 847 2573 sant
866 2520 949 2574 stiam
969 2517 1058 2573 altera
1084 2519 1182 2589 siano,

414 2614 541 2670 Plurima
559 2631 630 2686 qaae
646 2620 728 2669 noeto
746 2613 789 2668 orl
808 2612 888 2668 ebora
901 2612 958 2667 inae
978 2613 1115 2667 oidmuor.

416 2706 539 2767 Observa
557 2711 679 2780 primam
697 2708 804 2763 nitidae
822 2708 877 2762 dno
896 2722 1001 2762 rornsa
1021 2702 1132 2777 Lunae,

413 2802 499 2860 Iliam
518 2805 592 2860 aiios
612 2804 670 2859 aiio
690 2804 812 2874 dspinpit
832 2803 934 2858 bomine
957 2801 1068 2873 Vesper,

412 2898 448 2953 Et
467 2900 577 2955 diversa
595 2900 666 2955 redit
684 2901 813 2955 variatae
830 2900 923 2967 sorno
942 2897 1068 2964 Dianae,

414 2990 481 3048 Cam
498 2995 590 3064 primo
609 2995 719 3057 crescit,
739 3010 801 3049 oum
820 2999 921 3063 quarta
940 2999 966 3049 st
986 2994 1068 3048 tertia
1086 2992 1183 3064 [αἱρεῖ.

411 3084 489 3142 Haeo
507 3088 591 3142 etiam
609 3088 756 3142 instantem
774 3089 874 3157 poterit
894 3087 946 3142 tibi
964 3087 1061 3143 dmere
1079 3103 1206 3144 mensem.

414 3178 508 3236 Tertio
526 3197 593 3235 nam
613 3172 701 3244 tenni,
721 3182 768 3235 sed
784 3196 855 3250 paro
875 3182 962 3236 sidere
981 3182 1088 3252 [alpem

412 3272 490 3331 Sada
508 3278 576 3331 erit:
597 3284 626 3332 at
646 3292 714 3332 raro
733 3276 849 3347 possiam
865 3278 979 3347 persora
996 3277 1097 3333 rubore

415 3368 531 3428 Ventoso
549 3377 608 3426 est:
628 3367 705 3425 nobo
724 3372 750 3424 si
769 3386 874 3426 somna
893 3372 1017 3427 acumine
1034 3378 1164 3443 saroam,

414 3465 576 3539 Quantaque
595 3485 667 3540 areas
684 3470 807 3540 seqnitur
825 3484 919 3524 crosso
937 3470 990 3537 [aa
1009 3469 1138 3541 lonpueat
1155 3471 1228 3541 iani,

412 3560 468 3618 Aa
486 3561 589 3619 Austro
609 3570 658 3619 out
675 3564 787 3634 piooioe
803 3565 929 3633 properis
949 3564 1109 3620 obtunditur
1133 3566 1225 3622 andis.

414 3653 494 3723 Quos
506 3659 532 3713 si
550 3673 598 3714 neo
616 3664 709 3713 nsunt
728 3659 863 3714 nosmntis
880 3674 985 3714 somno
1005 3658 1113 3725 Lanae,

415 3751 509 3809 Tertia
528 3769 577 3810 nea
596 3756 686 3810 iareat
704 3756 835 3826 resupina
851 3771 902 3826 per
920 3755 1032 3811 aethera
1049 3754 1168 3820 Pboebe,

413 3844 523 3904 Cornua
542 3849 589 3903 sed
610 3856 681 3904 reate
698 3865 747 3919 per
766 3849 871 3905 eaelum
888 3865 981 3919 prona
999 3851 1143 3918 serantur,

412 3938 480 3998 cros
500 3941 679 3999 Tartessiocis
697 3942 837 4016 Zephyrus
856 3944 975 4014 spirabit
987 3945 1030 3999 ab
1052 3947 1120 4003 oris.

410 4033 446 4091 tr
464 4053 525 4119 sam
543 4044 618 4094 reeta
636 4039 720 4094 stiam
738 4044 840 4109 quarta
858 4038 908 4093 sab
928 4039 986 4095 tuae
1008 4041 1128 4103 renidet,

411 4128 557 4187 Coiiertam
576 4138 675 4188 metues
692 4114 832 4202 planiam,
854 4139 917 4186 tane
936 4133 1031 4186 omnia
1050 4133 1145 4188 nimbo

409 4224 525 4282 Feenere
543 4227 657 4282 deridsm
676 4242 777 4283 cernes.
820 4224 910 4282 corna
929 4227 1012 4282 attius
1032 4234 1095 4298 apte

410 4317 544 4392 inflexum
564 4318 687 4386 borean,
708 4323 867 4392 resupinam
885 4321 1007 4391 parturit
1025 4319 1151 4377 Austros.

410 4410 465 4470 Sed
483 4415 509 4469 si
526 4421 588 4485 post
607 4416 729 4471 triduam
749 4414 858 4471 Lanam
877 4415 960 4471 inber
979 4416 1086 4471 ambiat
1105 4415 1197 4480 orbis,

411 4507 565 4578 Tempestas
583 4510 702 4580 petapo‚
723 4513 865 4581 tempestas
884 4510 1008 4566 imminet
1028 4512 1119 4582 apris.-

411 4601 524 4675 Qooqm
541 4603 627 4659 rabor
646 4606 753 4672 maior,
774 4608 867 4660 maior
886 4605 953 4661 sobet
971 4623 1026 4662 esse
1047 4607 1178 4677 proeeiia.

409 4695 459 4754 Bis
479 4715 540 4753 eam
559 4700 695 4766 dimidio,
717 4715 778 4754 eom
796 4699 877 4771 pleno
897 4700 999 4756 lamine
1015 4702 1111 4773 talpa,

409 4788 540 4862 Adspice,
562 4810 624 4849 cam
643 4795 756 4862 cressit,
777 4811 839 4849 oum
859 4810 965 4850 rornoo
982 4796 1077 4865 prisea
1099 4796 1231 4859 resumit,

408 4884 539 4958 Adspice:
559 4889 641 4960 sipna
660 4889 713 4943 tibi
731 4888 807 4944 color
826 4889 902 4944 baad
919 4888 999 4944 dabit
1017 4891 1103 4986 irrita
1124 4890 1234 4945 metuis.

408 4979 536 5052 Namque
556 4998 657 5037 aaron
675 4984 761 5051 [aries
777 4983 917 5053 portendit
934 5000 1008 5054 para
1026 5000 1190 5049 serename.

408 5074 444 5131 As
463 5090 525 5131 eam
546 5081 605 5131 tota
622 5076 718 5141 nabet,
739 5077 904 5145 furibundos
924 5079 1030 5134 indicat
1048 5086 1173 5145 austro&

408 5167 500 5225 heber
518 5171 584 5235 erit,
606 5173 688 5243 nipro
707 5173 732 5226 si
751 5174 787 5227 rit
806 5173 919 5228 somata
938 5172 1036 5229 colore.

411 5262 546 5335 Tempora
564 5266 611 5320 sed
629 5266 730 5320 Mndis
748 5281 804 5320 non
822 5273 885 5321 ssent
903 5267 988 5337 pario
1008 5268 1103 5323 omnia
1128 5267 1224 5338 sionis.

408 5356 483 5414 Nam
501 5375 572 5429 qaae
591 5367 694 5430 paarta
714 5360 777 5414 totto
796 5359 901 5415 Pboebe
918 5361 963 5416 vei
983 5362 1082 5431 tertia,
1103 5363 1206 5417 darom

409 5453 565 5510 Dimidiam
584 5456 621 5510 od
640 5456 751 5519 bonam,
773 5471 844 5525 puae
863 5457 996 5521 dimidia,
1018 5458 1114 5512 omnia
1133 5457 1243 5511 tendant

409 5548 453 5605 Ad
470 5550 596 5621 pienom5
618 5566 688 5620 qaae
705 5549 789 5621 piena
808 5552 901 5621 dedit,
921 5558 1043 5623 spectare
1064 5554 1192 5608 ridentur

408 5641 565 5700 Dimidiam
582 5662 708 5710 mersam,
729 5653 755 5702 et
774 5662 845 5717 qaae
864 5652 930 5702 tono
946 5647 1114 5717 praebentur
1133 5648 1168 5702 ab
1192 5646 1260 5710 iiia,

409 5736 535 5808 Baeipiet
553 5741 710 5796 moribundi
729 5747 778 5797 aot
796 5747 898 5811 quarta
918 5746 966 5795 aot
986 5743 1067 5797 tertia
1087 5742 1196 5798 manin

411 5828 444 5888 ss·
459 5834 561 5903 parilis
580 5842 666 5891 totam
685 5835 806 5893 Latoida
824 5835 943 5893 circuires
962 5836 1065 5901 ambit,
