4342 7459
784 1258 1110 1325 cmxvi-xvir.
1139 1258 1357 1345 §seo-ee.
1674 1255 1740 1326 ese

410 1427 626 1508 praeceptum,
648 1420 876 1504 cuiuscumque
897 1427 960 1495 eat,
983 1419 1023 1484 ad
1039 1420 1215 1486 tollendam
1229 1422 1401 1486 amicitiam
1415 1423 1516 1487 valet:
1536 1420 1616 1485 illud
1631 1420 1739 1507 potius

409 1515 672 1602 praecipiundum
692 1514 764 1589 fuit,
785 1523 822 1579 ut
843 1533 913 1578 eam
934 1516 1132 1599 diligentiam
1154 1515 1377 1580 adhiberemus
1398 1516 1433 1579 in
1447 1514 1597 1579 amicitiis
1611 1534 1739 1600 compa·

408 1610 533 1684 randis,
565 1616 599 1672 ui
619 1629 660 1672 ne
683 1609 811 1691 quando
834 1627 939 1672 amare
965 1609 1177 1693 inciperemus
1200 1630 1288 1684 eum,
1318 1630 1415 1695 quem
1436 1609 1609 1694 aliquando
1631 1610 1739 1674 odisee

409 1724 585 1789 possemus.
629 1703 718 1779 Quin
747 1702 841 1766 etiam
869 1703 1022 1793 siminus
1044 1702 1154 1766 felices
1175 1704 1208 1767 in
1231 1702 1395 1786 diligendo
1416 1703 1604 1778 iuisaemue,
1633 1703 1739 1768 fereu-

409 1799 483 1863 dum
506 1798 538 1862 id
555 1798 662 1879 Scipio
684 1796 790 1881 potius
812 1815 906 1879 quam
928 1797 1164 1861 inimicitiarum
1185 1805 1311 1880 tempus
1332 1796 1534 1881 cogitandum
1555 1797 1696 1881 putabat.
1745 1809 1761 1858 a

493 1894 593 1956 XVll.
622 1885 675 1953 6-1.
705 1890 763 1953 llis
790 1890 887 1972 igitur
913 1886 1028 1952 linibus
1057 1891 1211 1955 utendum
1233 1892 1382 1967 arbitror,
1408 1898 1458 1966 ui,
1483 1911 1556 1955 cum
1579 1890 1738 1955 emendati

408 2008 512 2053 mores
538 1987 713 2050 amicorum
741 1983 822 2057 sint,
851 1991 919 2045 tum
946 1983 989 2047 sit
1014 1985 1097 2048 inter
1123 2004 1179 2049 eos
1206 1986 1346 2049 omnium
1368 2004 1490 2061 rerum,
1519 1983 1738 2059 consilinm,

407 2082 604 2146 voluntatum
630 2078 700 2141 sine
727 2076 793 2139 ulla
816 2077 1004 2160 exceptione
1026 2080 1251 2154 communitas,
1280 2087 1316 2142 ut
1336 2080 1448 2154 eiiam,
1477 2080 1504 2143 si
1527 2097 1591 2162 qua
1610 2075 1739 2143 fortune

407 2174 559 2240 acciderit
580 2178 616 2235 ut
637 2172 743 2234 minus
763 2172 867 2233 iustae
889 2171 1059 2235 amicorum
1082 2173 1262 2237 voluntates
1284 2173 1486 2238 adiuvandae
1507 2175 1587 2248 sini,
1609 2173 1644 2235 in
1665 2170 1738 2256 qul·

407 2271 466 2334 bus
489 2287 600 2332 eorum
627 2270 682 2329 aut
711 2271 805 2348 caput
831 2271 943 2347 agatur
965 2273 1020 2329 aut
1040 2264 1142 2340 iama,
1174 2267 1397 2331 declinandum
1419 2268 1611 2342 deviarit,
1640 2264 1775 2329 modoet

407 2383 448 2427 na
476 2380 598 2426 summa
624 2355 789 2440 turpitudo
816 2365 985 2440 sequatur:
1015 2367 1064 2422 eat
1085 2361 1169 2423 euim
1191 2369 1349 2443 quatenus
1370 2361 1531 2426 amicitiae
1553 2360 1622 2425 dari
1643 2355 1737 2424 venia

407 2457 519 2541 possit.
562 2455 627 2517 llec
656 2471 732 2515 vero
761 2451 959 2534 neglegenda
988 2462 1037 2517 cst
1064 2453 1164 2529 ieme,
1198 2473 1258 2517 nec
1290 2454 1452 2519 mediocre
1483 2456 1583 2519 telum
1614 2453 1655 2518 ad
1684 2473 1737 2518 res

407 2550 563 2634 gerendae
589 2546 773 2610 existimare
803 2552 929 2627 oportet
955 2546 1209 2611 benevolentiam
1239 2549 1374 2622 civium,
1405 2568 1500 2632 quam
1521 2548 1683 2613 blanditiis
1704 2553 1738 2611 et

406 2641 605 2708 adsentando
627 2639 776 2721 colligere
798 2645 893 2720 turpe
915 2646 980 2702 est:
1023 2640 1141 2715 virtus,
1163 2661 1259 2726 quam
1282 2642 1427 2724 sequitur
1447 2642 1577 2718 caritas,
1605 2641 1736 2705 minime

407 2734 605 2820 repudianda
633 2739 692 2796 est.
743 2728 795 2794 62.
821 2731 883 2794 Sed
911 2763 953 2778 -
981 2751 1078 2817 saepe
1107 2736 1192 2799 enim
1219 2734 1317 2798 redeo
1347 2734 1388 2797 ad
1418 2734 1618 2818 Scipionem,
1646 2735 1774 2799 cuiuate

407 2830 511 2893 onnia
537 2848 642 2892 sermo
671 2834 739 2890 erat
765 2827 805 2889 de
832 2827 971 2890 amicitia
998 2861 1042 2873 —-
1069 2827 1275 2911 querebatur,
1301 2827 1389 2911 quod
1419 2829 1566 2892 omnibus
1586 2828 1621 2891 iu
1641 2828 1737 2892 rebus

407 2923 554 2988 bominea
575 2921 793 3004 diligentiores
815 2927 938 2985 essent:
961 2941 1071 3007 capras
1094 2930 1126 2985 et
1148 2941 1224 2985 oves
1240 2930 1322 3006 quot
1335 2922 1473 3005 quisque
1486 2921 1618 2985 baberet
1631 2922 1737 2986 dicere

407 3036 522 3102 posse,
549 3017 668 3081 amicos
696 3022 776 3098 quot
801 3013 932 3078 baberet
959 3034 1023 3077 non
1051 3035 1146 3098 posse
1174 3014 1298 3091 dicere;
1338 3016 1423 3079 etin
1444 3013 1507 3080 illis
1528 3014 1660 3098 quidem
1681 3034 1738 3099 pa-

406 3112 513 3175 randis
534 3108 686 3174 adbibere
707 3127 825 3181 curam,
846 3107 880 3169 in
902 3108 1011 3171 amicis
1034 3108 1206 3191 diligendis
1228 3109 1434 3192 neglegentes
1455 3128 1526 3173 esee
1546 3127 1607 3173 nee
1620 3107 1737 3173 babere

407 3205 499 3289 qussi
521 3203 611 3287 signa
633 3200 789 3286 quaedam
813 3207 845 3264 et
865 3208 972 3276 notas,
995 3202 1112 3285 quibus
1133 3222 1204 3276 eos,
1227 3204 1282 3286 qui
1305 3202 1347 3267 ad
1361 3201 1530 3267 amicitiam
1546 3202 1776 3268 essentido·tt

407 3300 475 3372 nei,
489 3296 677 3361 iudicarent.
715 3296 797 3358 Sunt
817 3295 914 3378 igitur
935 3292 1016 3359 firmi
1038 3304 1071 3359 et
1092 3295 1222 3359 stabiles
1238 3305 1270 3360 ei
1285 3304 1466 3361 constantes
1480 3297 1630 3382 eligendi,
1644 3297 1737 3362 cuiue

408 3392 534 3476 generis
556 3397 606 3454 est
628 3409 742 3473 magna
763 3390 916 3473 penuria3
939 3397 971 3452 et
991 3389 1131 3453 iudicare
1153 3386 1283 3454 difficile
1305 3397 1355 3454 est
1375 3410 1452 3455 sane
1473 3392 1537 3456 nisi
1560 3399 1737 3478 expertum,

408 3483 639 3569 experiundum
661 3487 764 3548 autam
787 3490 836 3547 ost
856 3484 888 3545 iu
909 3485 979 3565 ipsa
1000 3483 1157 3547 amicitia:
1179 3484 1225 3546 ita
1245 3485 1422 3567 praecurrit
1434 3485 1571 3549 amicitia
1584 3482 1736 3549 iudicium

408 3580 555 3661 tollitque
584 3577 773 3660 experiundi
801 3584 1000 3660 potestatem.
1046 3573 1099 3639 63.
1128 3579 1185 3640 Est
1213 3578 1309 3661 igitur
1336 3578 1501 3663 prudentie
1522 3580 1679 3643 sustinere
1701 3585 1738 3642 ut

409 3693 554 3747 cursum,
581 3674 627 3734 sic
654 3672 809 3752 impetum
829 3671 1085 3745 benevolentiae,
1113 3691 1178 3754 quo
1200 3680 1327 3736 utamur
1348 3674 1439 3756 quasi
1461 3674 1553 3758 equis
1574 3672 1775 3757 tempestiuae

409 3769 455 3832 sic
476 3766 635 3838 amicitiis,
656 3766 765 3848 aliqua
786 3773 875 3847 parto
897 3765 1083 3847 periclitatis
1106 3764 1246 3828 moribus
1267 3765 1451 3829 amicorum.
1488 3766 1626 3843 Quidam
1641 3785 1738 3850 caepa

407 3862 441 3925 in
463 3879 561 3943 parra
591 3860 725 3941 pecunia
754 3858 990 3941 perspiciuntur
1015 3877 1110 3941 quam
1133 3859 1195 3921 sint
1217 3857 1321 3932 leves,
1350 3858 1482 3942 quidam
1504 3867 1626 3935 autem,
1654 3879 1738 3944 quos

407 3972 503 4039 parva
525 3970 654 4015 movere
676 3972 740 4015 nou
762 3951 882 4034 potuit,
911 3959 1148 4036 cognoscuntur
1168 3952 1200 4015 in
1223 3971 1345 4034 magua.
1390 3952 1447 4015 Sin
1467 3972 1543 4017 vero
1564 3960 1658 4017 eruut
1678 3953 1739 4018 ali·

408 4049 464 4131 qui
492 4047 611 4129 reperti
637 4046 692 4129 qui
715 4046 882 4129 pecuniam
905 4044 1066 4128 praeferre
1088 4043 1246 4108 amicitiae
1267 4043 1431 4108 sordidum
1454 4046 1654 4122 existiment,
1682 4046 1739 4111 ubi

409 4160 465 4204 eos
494 4140 710 4214 inveniemus,
740 4140 795 4220 qui
822 4139 979 4214 bonores,
1010 4139 1228 4221 magistratus,
1258 4139 1411 4220 imperia,
1439 4148 1630 4222 potestates,
1660 4153 1776 4224 opem

408 4235 564 4298 amicitiae
586 4254 651 4296 non
673 4242 883 4316 anteponant,
906 4241 957 4307 ut,
985 4253 1057 4295 cum
1081 4252 1121 4294 ex
1143 4233 1243 4294 altera
1265 4239 1354 4314 parte
1376 4235 1541 4317 proposita
1562 4234 1641 4296 baec
1663 4235 1737 4311 siut,

408 4348 450 4391 ex
471 4328 570 4391 altera
591 4328 641 4390 ius
663 4328 832 4400 amicitiae,
855 4347 917 4390 non
940 4326 1040 4388 multo
1063 4325 1118 4388 illa
1133 4326 1266 4388 malinii
1298 4324 1450 4391 Inbecilla
1464 4327 1548 4389 enim
1563 4334 1612 4390 eat
1625 4334 1739 4392 natura

406 4423 447 4485 ad
469 4422 733 4486 contemnendam
757 4422 944 4504 potentiam:
967 4439 1061 4502 quam
1085 4419 1180 4482 etiam
1203 4421 1230 4485 si
1253 4419 1397 4502 neglecta
1417 4421 1555 4484 amicitia
1575 4424 1739 4487 consecuti

408 4517 489 4590 sint,
512 4516 713 4578 obscuratum
736 4515 776 4578 iri
796 4514 999 4589 arbitrantur,
1021 4514 1098 4597 quia
1119 4532 1185 4576 non
1207 4514 1277 4578 aine
1298 4533 1410 4596 magna
1424 4534 1519 4578 musa
1533 4517 1575 4580 sit
1595 4517 1740 4599 neglecta

474 4693 499 4743 ἱ.
511 4691 682 4743 ααὴῶονοιικιι
698 4693 785 4742 omli
804 4717 831 4728 -
857 4689 882 4742 i.
895 4692 1018 4755 diemde
1035 4692 1070 4743 c:
1089 4692 1218 4757 wipmdo
1234 4692 1269 4750 ος
1293 4691 1390 4742 Cicero
1405 4692 1534 4757 ditem
1549 4691 1655 4744 videtur
1670 4694 1740 4746 aori·

408 4769 503 4834 paleae,
521 4769 585 4817 item
605 4779 685 4831 supra
704 4766 787 4827 628st
805 4792 832 4802 -
852 4767 876 4816 e.
892 4767 975 4828 potiar
991 4768 1069 4831 scipio
1087 4767 1158 4818 st
1177 4794 1204 4805 -
1228 4780 1305 4830 qoem
1321 4768 1348 4816 in
1364 4766 1435 4817 inim.
1449 4768 1471 4818 1)
1490 4794 1518 4804 -
1535 4767 1611 4833 cogit.
1622 4768 1738 4836 paidom

407 4843 575 4907 mpdobetl'.
603 4870 629 4880 -
659 4842 683 4892 d.
702 4843 831 4892 eamear
851 4842 880 4892 ΒΙ
907 4868 935 4880 -
965 4844 1005 4894 to.
1023 4844 1108 4905 copied
1130 4845 1164 4903 G,
1189 4856 1243 4893 om.
1262 4843 1296 4902 E,
1320 4844 1351 4892 de
1366 4843 1448 4905 eapite
1470 4842 1558 4903 est,
1582 4843 1647 4894 item
1664 4845 1738 4895 varia

408 4918 487 4970 lectio
504 4921 562 4970 init
581 4945 608 4955 -
628 4919 658 4969 de
673 4919 719 4967 sic
735 4920 767 4967 stt
784 4916 871 4968 Bs²Vt
890 4918 1022 4969 desum
1038 4917 1152 4981 DEGS¹,
1170 4918 1334 4969 nideeioo
1354 4945 1381 4954 -
1401 4919 1441 4967 li.
1454 4919 1639 4981 uquatarSln
1652 4932 1737 4985 marg.

410 5021 438 5031 -
457 5000 576 5057 meter
593 4993 663 5044 st
682 5017 709 5030 -
727 4994 804 5044 senta
820 4993 879 5042 dari
895 4994 913 5042 S
931 5017 958 5030 -
986 4995 1027 5043 ta.
1045 5007 1091 5043 aec
1106 4994 1148 5044 aiei
1164 4993 1338 5059 (percompl
1354 4994 1478 5044 mediocre
1494 4994 1515 5044 G
1533 5018 1561 5030 -
1588 4994 1629 5045 id.
1647 5008 1740 5060 perea-

408 5070 588 5121 doaress-
613 5068 933 5131 teeaepeeaierueuz
957 5068 1132 5132 saepeiisvz
1156 5069 1340 5131 Sedseepe-
1364 5068 1491 5120 eteeierii
1511 5094 1538 5105 -
1563 5068 1740 5122 temeretur

407 5143 520 5195 oeteibea
537 5142 556 5193 li
574 5168 602 5179 -
630 5143 669 5193 iti.
686 5149 767 5205 posset
784 5143 825 5194 bis
841 5143 969 5193 BDGSV
988 5170 1015 5181 -
1044 5143 1083 5193 ii.
1098 5144 1229 5207 diligendis
1246 5144 1352 5194 besu:
1378 5144 1495 5210 eligendis
1511 5143 1599 5202 0503
1616 5157 1642 5195 v.
1656 5157 1738 5212 supra

408 5218 442 5269 ad
460 5217 522 5268 el.
542 5242 570 5253 -
594 5219 761 5281 aeplieaterli
788 5244 814 5254 -
842 5219 884 5268 id.
903 5218 1030 5280 medua
1046 5219 1158 5282 eipneD
1184 5245 1211 5255 -
1236 5219 1401 5270 amicitioell
1425 5245 1452 5256 ·-
1479 5220 1522 5275 ii.
1539 5219 1639 5282 digredi
1656 5220 1690 5281 G,
1709 5221 1740 5270 ul

409 5294 460 5344 hoe
477 5305 585 5357 quoque
603 5291 662 5343 loco
679 5294 801 5358 diiepeedi
817 5292 991 5344 scribendum
1008 5293 1132 5343 videatur
1150 5318 1177 5329 -
1196 5294 1238 5344 ἥ.
1250 5296 1367 5344 mammo
1384 5295 1403 5345 li
1421 5321 1448 5332 -
1467 5296 1518 5345 abi
1533 5299 1664 5357 moretm
1678 5307 1740 5347 adae

408 5368 509 5433 diffletis
528 5372 563 5418 eet
588 5368 625 5425 E,
657 5382 717 5419 sane
740 5370 830 5419 oms
862 5393 889 5404 -
925 5368 966 5419 2³.
985 5372 1070 5417 autem
1085 5373 1120 5417 eet
1141 5368 1234 5419 BSV:
1266 5374 1401 5419 erinstein
1421 5370 1519 5428 iiiior
1545 5372 1566 5420 G
1583 5371 1622 5421 alc
1638 5368 1738 5421 nabet:

408 5444 590 5506 aperiandam
605 5448 690 5493 autem
720 5444 764 5503 le,
782 5441 841 5493 loco
858 5455 943 5493 vacuo
960 5446 1022 5493 ante
1039 5444 1068 5492 le
1085 5440 1177 5493 relicto
1196 5469 1223 5478 -
1242 5443 1283 5493 25.
1302 5456 1403 5494 mrem
1419 5444 1524 5496 BGSV:
1542 5457 1647 5494 ceam
1663 5444 1738 5496 1)Εο

410 5542 438 5554 -
457 5520 607 5580 tempestatis
624 5521 654 5578 G,
673 5519 817 5582 temperatis
833 5518 965 5579 BDESV,
984 5520 1084 5569 marutia
1102 5518 1122 5567 0
1141 5543 1168 5554 -
1186 5517 1227 5567 26.
1246 5519 1366 5568 omiddie
1382 5520 1413 5579 il,
1431 5521 1461 5568 ui
1477 5517 1594 5568 ridetur:
1612 5519 1740 5569 Μία

409 5593 487 5653 BGS,
505 5593 554 5643 eed
572 5595 598 5643 in
616 5594 634 5642 S
649 5608 662 5643 s
678 5607 753 5645 erasa
773 5595 907 5653 (amiticiae
918 5594 957 5655 G),
976 5594 1091 5644 micitia
1108 5592 1168 5651 EVi
1195 5598 1364 5654 quoniamae·
1379 5595 1453 5654 qaod
1468 5594 1537 5655 epate
1553 5594 1685 5657 immtatis,
1702 5596 1740 5645 aie

409 5668 523 5719 amicitia
539 5669 628 5729 aitque
641 5675 717 5730 perte
733 5673 783 5720 etc.
798 5669 915 5719 distinxit
931 5668 1004 5720 llloia
1023 5695 1050 5705 -
1069 5668 1110 5718 27.
1125 5668 1241 5729 comesis
1258 5667 1284 5728 S,
1302 5665 1351 5718 aed
1365 5679 1434 5717 corr.
1448 5679 1527 5730 qens
1539 5667 1589 5717 alet
1606 5693 1632 5706 -
1653 5671 1739 5719 caten

410 5742 499 5794 om.0
526 5767 553 5778 -
580 5744 621 5795 28.
640 5745 679 5793 rie
695 5758 756 5795 aero
774 5745 885 5795 eust:
909 5746 947 5795 eie
964 5744 1040 5796 DEO
1068 5769 1096 5780 -
1122 5742 1164 5793 te.
1181 5743 1331 5805 repertitii}
1358 5766 1385 5777 -
1413 5741 1454 5791 3⁰.
1472 5741 1580 5804 imperio
1595 5742 1683 5795 omli
1707 5767 1736 5782 -

410 5818 450 5869 et.
464 5832 522 5869 cam
538 5820 621 5869 duero
635 5826 710 5884 porte
727 5819 849 5871 BS¹V-
863 5822 980 5884 patitui)
994 5846 1020 5858 -
1041 5817 1213 5869 aestusv-
1233 5816 1358 5867 di.malti
1374 5816 1446 5866 RSV
1463 5840 1492 5853 -
1509 5820 1606 5866 eatam
1622 5821 1659 5867 eet
1673 5817 1694 5869 0
1708 5842 1736 5857 ·

411 5893 682 5957 ³³.coetempaeadom
697 5894 806 5955 eust,
823 5895 888 5947 ilem
900 5896 948 5947 630
960 5895 1012 5947 r.8
1028 5898 1205 5956 coeteatpem
1221 5919 1248 5930 -
1268 5892 1309 5945 dl.
1327 5894 1377 5943 siet
1393 5891 1497 5958 Madvig
1512 5892 1667 5960 (opusell,
1678 5892 1739 5959 ati)

411 5967 1392 6040 etvaneeeco-areerome-camaeptqteaeietttoste.
1511 5973 1515 5984 ’
