4342 7459
455 1237 518 1310 ise
740 1248 794 1311 ns
815 1248 972 1313 smnus
994 1249 1192 1316 senonen
1212 1232 1265 1315 nr
1286 1252 1487 1319 urrunnu

453 1418 556 1500 poris,
585 1424 617 1481 et
643 1416 743 1481 maior
763 1424 812 1481 est
833 1419 931 1483 animi
952 1418 1096 1501 voluptas
1119 1439 1215 1505 quarn
1243 1425 1399 1505 corporis:
1428 1424 1471 1486 ita
1493 1419 1583 1487 litut
1605 1424 1779 1507 gratulator

454 1514 577 1577 laetior·
593 1516 635 1577 sit
663 1532 757 1595 quam
786 1513 830 1588 is,
858 1514 910 1576 cui
937 1508 1133 1596 gratulatur.]
1178 1516 1255 1589 Sed,
1284 1517 1358 1579 dum
1386 1514 1512 1580 allicere
1532 1518 1628 1581 vultis
1649 1519 1778 1582 beatu·

453 1609 642 1691 sapientem,
663 1629 735 1671 eum
756 1609 910 1671 maximas
927 1608 1032 1671 animo
1046 1608 1225 1690 voluptates
1240 1611 1393 1694 pereipiat
1407 1611 1619 1694 omnibusque
1634 1613 1779 1694 partibus

452 1706 588 1767 maiores
609 1720 704 1786 quam
726 1721 873 1784 corpore,
899 1701 977 1785 quid
999 1709 1143 1765 occurrat
1164 1723 1228 1765 non
1250 1704 1381 1767 videtis:
1412 1705 1510 1767 animi
1541 1706 1625 1770 enim
1649 1706 1779 1770 dolores

425 1814 581 1883 equoque
606 1794 759 1879 percipiet
785 1795 932 1859 omnibus
961 1796 1102 1879 partibus
1131 1798 1266 1861 maiores
1292 1818 1389 1880 quum
1417 1801 1577 1884 corporis.⁸
1613 1800 1659 1862 lta
1681 1800 1780 1863 nicer

450 1894 491 1956 sit
511 1888 682 1973 aliquando
704 1907 835 1951 necesse
856 1897 905 1952 est
925 1889 968 1962 is,
990 1909 1087 1971 quem
1109 1909 1166 1953 vos
1187 1890 1315 1953 beatum
1337 1909 1463 1975 semper
1484 1893 1580 1956 vultis
1602 1913 1689 1968 esse,
1720 1912 1779 1957 nec

450 2006 526 2050 vero
547 1984 596 2059 id,
617 1982 693 2045 dum
715 1982 821 2044 omnia
841 1982 881 2045 ad
903 1982 1097 2064 voluptatem
1120 1983 1327 2068 doloremque
1349 1985 1511 2061 referetis,
1538 1987 1687 2051 efficietis
1706 2007 1779 2050 um-

450 2100 556 2165 quam.
599 2074 671 2140 409.
697 2075 803 2151 Quare
828 2074 918 2139 aliud
945 2076 1090 2159 aliquod,
1116 2078 1290 2160 Torquate,
1316 2077 1455 2143 bominis
1476 2100 1633 2145 summum
1654 2081 1777 2145 bonum

450 2172 674 2259 reperiendum
695 2179 760 2233 est:
782 2170 975 2252 voluptatem
996 2170 1108 2234 bestiis
1130 2172 1355 2245 concedamus,
1378 2174 1496 2256 quibus
1518 2196 1576 2238 vos
1590 2174 1632 2238 de
1651 2195 1778 2239 summo

415 2270 534 2333 robono
561 2265 691 2330 testibus
719 2265 765 2327 uti
793 2263 912 2327 soletis.
956 2263 1063 2339 Quid?
1092 2265 1119 2327 si
1149 2266 1243 2328 etiam
1265 2267 1385 2329 bestiae
1406 2268 1505 2332 multa
1525 2269 1662 2344 faciunt,
1693 2268 1777 2333 duce

449 2383 507 2427 sua
528 2379 676 2444 quaeque
699 2364 822 2430 natura,
845 2358 958 2440 partim
979 2356 1181 2439 indulgenter
1194 2358 1244 2421 vel
1267 2380 1337 2423 cum
1360 2361 1484 2437 labore,
1507 2364 1591 2428 utin
1604 2363 1777 2447 gignendo,

449 2462 482 2522 in
504 2454 669 2520 educendo
695 2450 845 2535 perfacile
873 2459 1025 2533 appareat
1045 2451 1133 2513 aliud
1156 2452 1306 2534 quiddam
1329 2454 1367 2517 iis
1390 2457 1602 2538 propositum,
1629 2476 1696 2519 non
1718 2476 1777 2521 vo·

449 2555 617 2634 luptatem:
646 2546 759 2629 partim
789 2564 883 2608 cursu
905 2551 937 2608 et
965 2545 1183 2628 peragratione
1210 2545 1384 2623 laetantum
1417 2552 1663 2633 congregatione
1689 2549 1775 2614 aliae

448 2655 572 2709 coetum
594 2640 732 2725 quodam
754 2638 848 2701 modo
871 2638 1007 2700 civitatis
1029 2638 1200 2701 imitantur.
1237 2635 1310 2701 440.
1336 2642 1487 2706 Videmus
1509 2643 1541 2706 in
1564 2644 1701 2728 quodam
1717 2662 1775 2707 vo·

410 2755 438 2801 ιιι
447 2740 579 2802 lucrium
601 2753 717 2819 genere
740 2752 805 2795 non
826 2731 914 2795 nulla
934 2730 1053 2794 indicia
1079 2733 1220 2816 pietatis,
1251 2735 1481 2817 cognitionem,
1510 2737 1710 2811 memoriam
1740 2737 1774 2800 in

447 2832 554 2897 multis
576 2833 669 2894 etiarn
692 2825 850 2890 desideria
871 2825 1026 2887 videmus.
1059 2827 1143 2908 Ergo
1157 2828 1191 2889 in
1205 2827 1316 2890 bestiis
1332 2838 1425 2893 erunt
1438 2839 1559 2894 secreta
1574 2850 1593 2894 a
1607 2830 1774 2913 voluptate

446 2927 652 2990 humanarum
675 2919 830 3005 quaedam
852 2918 1019 2982 simulacra
1040 2921 1206 2994 virtutum,
1232 2922 1265 2983 in
1286 2922 1364 3006 ipsis
1386 2923 1568 2987 bominibus
1589 2924 1689 2987 virtus
1710 2924 1773 2988 nisi

445 3019 613 3104 voluptatis
635 3034 729 3079 causa
751 3013 836 3076 nulla
858 3013 939 3074 erit‘l
961 3020 994 3075 et
1013 3013 1151 3087 bomini,
1175 3017 1229 3098 qui
1244 3017 1356 3080 ceteris
1371 3018 1582 3083 animantibus
1597 3017 1771 3100 plurimum

444 3120 598 3197 praestet,
618 3107 782 3193 praecipui
804 3125 822 3168 a
844 3113 954 3169 natura
976 3106 1054 3169 nihil
1077 3109 1184 3171 datum
1207 3130 1277 3173 esse
1299 3111 1463 3175 dicemus?

406 3229 435 3277 ve
528 3205 675 3268 XXXIV.
698 3198 770 3264 444.
792 3202 858 3263 Nos
880 3220 971 3273 vero,
996 3201 1022 3263 si
1047 3202 1175 3285 quidem
1198 3204 1230 3265 in
1253 3204 1414 3287 voluptate
1436 3212 1511 3269 sunt
1532 3206 1653 3279 omnia,
1676 3205 1771 3289 longe

443 3301 640 3383 multumque
662 3315 847 3379 superamur
867 3314 886 3356 a
907 3294 1032 3368 bestiis,
1056 3297 1173 3378 quibus
1196 3298 1266 3380 ipsa
1287 3308 1371 3361 terra
1391 3297 1497 3362 fundit
1519 3320 1560 3362 ex
1575 3319 1645 3364 sese
1659 3307 1772 3383 pastus

443 3396 547 3459 varios
568 3402 664 3476 atque
686 3389 882 3454 abundantes
905 3388 982 3451 nibil
1003 3389 1238 3465 laborantibus,
1261 3392 1354 3454 nobis
1376 3400 1480 3455 autem
1502 3401 1557 3456 aut
1577 3394 1632 3457 vix
1652 3402 1708 3458 aut
1728 3413 1769 3457 ne

443 3491 496 3553 vix
518 3487 646 3572 quidem
668 3490 841 3568 suppetunt
862 3481 961 3544 multo
983 3481 1092 3544 labore
1114 3484 1349 3566 quaerentibus.
1383 3487 1448 3549 Nec
1471 3495 1575 3550 tamen
1590 3486 1656 3550 ullo
1672 3486 1769 3550 modo

442 3602 599 3646 summum
621 3577 750 3661 pecudis
771 3576 891 3637 bonum
913 3582 946 3637 et
966 3573 1104 3639 bominis
1119 3576 1202 3640 idem
1218 3577 1295 3639 mibi
1313 3578 1414 3641 videri
1433 3587 1547 3662 potest.
1582 3581 1668 3656 Quid
1682 3582 1768 3645 enin

404 3685 529 3746 natanto
557 3694 638 3757 opus
660 3680 708 3733 eet
732 3671 943 3733 instrumento
963 3669 998 3731 in
1020 3669 1149 3751 optimis
1169 3670 1288 3732 artibus
1310 3674 1545 3754 comparandis,
1575 3674 1653 3757 quid
1676 3682 1766 3738 tanto

441 3787 595 3834 concursu
627 3764 921 3830 honestissimorum
949 3763 1139 3837 studiorum,
1169 3770 1258 3826 tanto
1289 3764 1439 3829 virtutum
1472 3766 1640 3841 comitatu,
1670 3768 1698 3832 si
1727 3786 1768 3832 ea

441 3866 559 3929 nullam
586 3862 625 3926 ad
654 3861 747 3924 aliam
778 3877 844 3920 rem
872 3857 933 3920 nisi
960 3857 1001 3920 ad
1029 3857 1224 3940 voluptatem
1253 3858 1506 3941 conquiruntur?
1550 3854 1622 3922 itu.
1653 3860 1769 3935 444,ιί

440 3961 580 4033 Xerxes,
602 3969 675 4019 cum
695 3953 793 4018 tantis
814 3951 967 4014 classibus
988 3952 1147 4034 tantisque
1171 3952 1370 4033 equestribus
1393 3959 1425 4015 et
1441 3953 1639 4035 pedestribus
1654 3956 1768 4039 eopbe,

440 4053 647 4136 Hellesponto
669 4050 793 4121 iuncto,
824 4044 949 4108 Athone
971 4044 1131 4127 perfosso,
1160 4046 1258 4107 maria
1279 4045 1519 4121 ambulavisset,
1543 4056 1657 4111 terram
1678 4050 1769 4113 navi·

402 4148 590 4230 negavisset,
613 4144 655 4217 si,
677 4162 749 4206 cum
770 4145 859 4203 tanto
881 4139 1002 4220 impetu
1024 4140 1056 4199 in
1079 4138 1243 4202 Graeciam
1258 4140 1413 4213 venisset,
1435 4160 1562 4205 causam
1579 4142 1652 4223 quis
1669 4162 1711 4207 ex
1728 4163 1768 4207 eo

440 4248 608 4327 quaereret
628 4246 783 4301 tenuram
805 4233 967 4317 copiarum
989 4234 1133 4315 tantique
1154 4233 1245 4300 belli.
1269 4233 1331 4296 mel
1354 4254 1388 4296 se
1411 4234 1535 4298 auferre
1557 4256 1598 4300 ex
1614 4236 1766 4320 Hymetto

440 4337 577 4402 voluisse
602 4334 736 4405 diceret,
766 4337 849 4393 certe
878 4328 946 4391 sine
975 4345 1071 4390 causa
1100 4327 1260 4390 videretur
1286 4334 1372 4389 tanta
1394 4335 1543 4402 conatus,
1565 4330 1612 4393 sic
1633 4350 1693 4394 nos
1715 4351 1767 4395 sa-

439 4432 579 4514 pientem
610 4427 755 4510 plurimis
786 4432 818 4486 et
845 4421 1038 4504 gravissimis
1067 4420 1185 4482 artibus
1214 4429 1310 4503 atque
1332 4421 1500 4484 virtutibus
1525 4422 1711 4489 instructum
1735 4436 1767 4490 et

438 4532 583 4588 ornatum
605 4541 685 4594 non,
714 4526 751 4581 ut
781 4516 886 4590 illum,
914 4514 1013 4578 maria
1035 4513 1170 4594 pedibus
1192 4522 1426 4597 peragrantem,
1454 4516 1609 4581 classibus
1630 4528 1765 4591 montes.

400 4620 494 4683 essed
517 4636 610 4680 omne
632 4613 753 4678 eaelum
775 4617 937 4693 totamque
957 4623 1029 4669 cum
1043 4607 1192 4671 universo
1208 4609 1287 4671 mari
1303 4615 1416 4672 terram
1432 4617 1537 4673 mente
1553 4612 1766 4695 complexum,

438 4713 631 4795 voluptatem
663 4713 771 4790 petere
804 4704 829 4766 si
863 4703 1020 4774 dicemus,
1054 4701 1156 4786 mellis
1189 4721 1284 4766 causa
1317 4703 1457 4767 dicemus
1490 4712 1578 4769 tanta
1608 4707 1763 4772 molitum.

438 4800 509 4868 443.
532 4804 580 4867 Ad
602 4802 715 4867 altiora
735 4797 892 4883 quaedem
915 4795 1252 4878 et'magnificenticra,
1276 4797 1353 4861 mibi
1377 4797 1481 4873 crede,
1504 4799 1676 4883 Torquate,
1698 4804 1764 4866 nati

437 4918 561 4971 sumus,
584 4915 642 4959 nec
663 4895 697 4958 id
718 4913 758 4957 ex
780 4892 876 4955 animi
899 4890 1003 4954 solum
1024 4890 1183 4975 partibus,
1205 4891 1237 4951 in
1260 4891 1376 4974 quibus
1391 4894 1475 4954 inest
1489 4896 1643 4959 memoria
1656 4916 1765 4960 rerum

436 4990 725 5064 innumerabilium,
754 4988 788 5050 in
818 4995 849 5050 te
872 4985 999 5070 quidem
1022 4982 1160 5060 infinita,
1191 4985 1275 5048 inest
1296 4987 1477 5050 coniectura
1499 4989 1764 5073 consequentium

498 5205 524 5255 2.
541 5202 590 5267 carl]
608 5202 687 5265 coifi
707 5229 733 5238 -
751 5200 976 5265 gratuleturAB:
1001 5200 1144 5262 praetem
1160 5201 1214 5250 4440
1235 5223 1260 5235 -
1282 5198 1305 5250 i.
1323 5200 1429 5249 motoris
1445 5200 1523 5250 ΑΒΕ
1543 5228 1570 5239 -
1589 5204 1655 5267 praed
1671 5206 1763 5255 oceli

437 5307 463 5315 --
482 5280 579 5329 ἀοὶονοι
594 5290 691 5341 quoque
707 5276 864 5339 Madvigius:
883 5288 980 5337 quoque
995 5276 1091 5325 dobree
1108 5275 1187 5330 codd.
1206 5280 1233 5325 et
1250 5276 1269 5325 0
1288 5301 1314 5310 -
1339 5277 1364 5325 7.
1382 5277 1480 5339 rosetis
1496 5277 1545 5327 BE
1564 5304 1591 5313 —
1616 5279 1641 5328 8.
1659 5280 1765 5341 atqucd

435 5354 590 5406 Lambinus:
614 5352 711 5415 utquid
732 5352 809 5401 codd.
828 5352 891 5401 ctO
913 5377 940 5386 -
965 5352 1004 5400 44.
1024 5364 1123 5413 quoque
1140 5351 1189 5400 AB
1211 5378 1237 5387 -
1261 5350 1301 5402 43,
1319 5358 1343 5400 et
1359 5364 1413 5404 om.
1432 5352 1502 5401 E-
1516 5354 1695 5417 paagrmiovve
1711 5356 1762 5404 AB

434 5431 499 5481 cb:
521 5427 757 5493 pampinationco
784 5452 812 5463 -
834 5424 876 5476 44.
894 5430 974 5474 cetum
990 5429 1025 5484 Α;
1049 5430 1129 5475 tecam
1151 5426 1201 5476 BE
1222 5452 1248 5460 -
1272 5425 1412 5475 ιιοὶιιιτίιιιιι
1434 5425 1569 5477 Charisius
1587 5432 1621 5492 (p.
1639 5428 1689 5479 449
1706 5430 1760 5492 Pl:

431 5506 563 5554 sciscam
579 5505 613 5561 b;
630 5502 764 5551 uetuerunt
779 5501 798 5548 li
813 5526 834 5535 -
859 5500 1106 5551 lbiadicv'ossii-
1126 5502 1302 5551 tbdesv'deria
1318 5501 1415 5551 ABG:
1434 5503 1662 5565 444444)Μο-
1680 5503 1761 5567 Ergo]

433 5580 513 5629 limat
529 5580 550 5629 E
569 5604 595 5615 -
610 5577 650 5627 49.
666 5575 798 5638 praecipui
814 5575 956 5624 Manutius:
975 5577 1111 5639 praecipue
1126 5577 1190 5635 ΑΒς
1207 5578 1371 5639 metoparum
1388 5574 1429 5627 elii
1448 5577 1526 5628 codd.
1542 5605 1569 5615 -
1587 5590 1637 5629 etse
1652 5578 1763 5629 ἀὲοιιιιιιι

432 5654 548 5704 datm
568 5680 595 5691 -
613 5653 655 5702 2⁴.
673 5649 859 5712 mamere
879 5677 906 5686 -
929 5662 962 5698 eu
978 5663 1027 5700 sese
1042 5651 1124 5713 fredit
1140 5651 1189 5700 BE
1210 5679 1235 5687 ·-
1255 5653 1295 5701 ii.
1313 5651 1513 5703 comedentibus
1528 5654 1548 5703 B
1566 5681 1598 5690 -
1615 5653 1656 5703 te.
1675 5653 1762 5704 labore

430 5730 508 5779 multo
525 5730 558 5786 Ε;
576 5725 765 5778 tobcresmaito
782 5724 845 5773 Β-
861 5725 903 5774 at.
922 5724 964 5786 qul
981 5726 1759 5793 tantuli-itissssedE-btnuitom1iomeosil-

430 5804 452 5851 ιι·
467 5815 565 5854 wertse
580 5803 629 5853 BE
648 5825 675 5838 -
700 5801 741 5851 te.
759 5800 852 5850 Attene
867 5800 933 5849 BD:
956 5801 1055 5850 otmoee
1071 5804 1105 5859 A;
1124 5799 1185 5849 Atlio
1202 5801 1231 5850 C.
1257 5802 1294 5851 Ci.
1315 5803 1477 5854 priscianum
1496 5805 1559 5853 inst.
1577 5804 1696 5853 Gratum.
1715 5802 1757 5861 Vi,

431 5876 471 5939 43,
489 5878 530 5927 ru.
551 5904 579 5915 -
595 5877 766 5941 mariandeni
785 5875 877 5925 ABE:
900 5874 1044 5937 mutgosset
1063 5874 1117 5924 blo
1138 5898 1165 5910 -
1193 5874 1233 5925 38.
1252 5877 1313 5926 inest
1333 5877 1425 5927 emb
1448 5878 1510 5940 (non
1527 5877 1556 5941 Ε)
1580 5902 1606 5913 -
1632 5876 1672 5927 39.
1691 5878 1719 5926 4ιι
1735 5883 1759 5927 te

431 5953 465 6001 A:
482 5952 541 6003 tede
556 5952 618 6013 nav
635 5953 688 6004 uite
703 5952 785 6003 ceteri
801 5949 896 6009 codd.;
915 5955 938 5999 ct
954 5962 985 6000 oo
1001 5961 1063 5999 cunr
1080 5950 1195 6000 Mennim
1213 5950 1232 5999 0
1251 5975 1278 5986 -
1297 5952 1475 6014 consequendo
1490 5950 1519 6002 Ε.
