4342 7459
445 1252 508 1319 242
771 1253 1096 1319 TUSCULANARUM
1116 1255 1455 1332 nisaurnrioittitt

445 1416 530 1502 quod
552 1435 769 1491 suscenseam,
792 1418 853 1481 nisi
876 1418 963 1501 quod
987 1418 1063 1481 mihi
1084 1439 1200 1481 nocere
1222 1437 1257 1480 se
1279 1414 1511 1478 crediderunt.»
1541 1416 1582 1479 Et
1603 1418 1680 1481 haec
1702 1419 1773 1503 qui·

445 1511 518 1574 dem
538 1512 599 1574 hoc
621 1510 733 1586 modo;
760 1511 840 1573 nihil
862 1521 967 1574 autern
989 1511 1103 1575 melius
1125 1520 1286 1574 extremo:
1316 1511 1402 1573 «Sed
1424 1519 1549 1592 tempus
1571 1520 1642 1579 esto
1665 1512 1773 1595 inquit

447 1606 534 1667 aiam
554 1604 630 1666 hinc
652 1604 739 1666 abire
762 1626 828 1678 me,
850 1615 886 1669 ut
908 1606 1038 1679 moriar,
1060 1626 1131 1679 vos,
1154 1615 1189 1669 ut
1210 1606 1305 1668 vitam
1328 1604 1438 1687 agatis.
1471 1603 1579 1667 Utrum
1601 1612 1707 1668 autem
1731 1606 1774 1668 sit

361 1685 366 1698 ⁴
445 1698 556 1764 melius
578 1697 609 1760 di
632 1697 814 1762 inmortales
836 1701 958 1773 sciunt,
991 1699 1152 1763 bominem
1174 1699 1300 1780 quidem
1322 1699 1404 1762 scire
1425 1697 1560 1761 arbitror
1580 1700 1771 1762 neminem.»

418 1802 434 1847 t
527 1793 624 1854 XLII.
652 1794 699 1854 Ne
728 1812 788 1875 ego
814 1792 900 1855 haud
928 1794 1023 1874 paulo
1053 1793 1138 1855 hunc
1160 1792 1300 1855 animum
1324 1790 1429 1854 malim
1454 1810 1551 1873 quarn
1572 1811 1682 1855 eorum
1705 1812 1773 1858 om-

444 1886 531 1948 nium
553 1885 710 1961 fortunas,
738 1887 794 1969 qui
817 1886 856 1948 de
876 1887 939 1949 hoc
961 1886 1194 1950 iudicaveruntz
1223 1887 1299 1960 etsi,
1323 1884 1409 1969 quod
1438 1893 1564 1966 praeter
1583 1885 1661 1949 deos
1677 1896 1774 1970 negat

444 1980 524 2042 scire
542 1999 751 2063 quemquam,
774 1978 806 2041 id
822 1980 882 2043 scit
898 1982 966 2061 ipse
982 1988 1086 2044 utrum
1104 1981 1144 2041 sit
1166 1979 1336 2042 melius-
1355 1998 1427 2041 narn
1443 1978 1525 2043 dixit
1537 1987 1613 2044 ante
1631 2003 1688 2058 —3
1715 1982 1773 2045 sed

443 2093 536 2136 suum
558 2072 655 2148 illud,
678 2073 756 2137 nihil
779 2082 813 2136 ut
834 2075 995 2147 adfirmet,
1020 2082 1105 2135 tenet
1126 2072 1166 2135 ad
1190 2082 1376 2135 extremum.
1416 2066 1487 2133 i00.
1510 2074 1575 2136 Nos
1597 2082 1705 2138 autem
1727 2083 1774 2138 te·

443 2185 590 2241 neamus,
613 2175 649 2229 ut
670 2167 750 2230 nibil
771 2188 956 2230 censeamus
980 2187 1050 2230 esse
1073 2166 1207 2239 malurn,
1231 2165 1316 2249 quod
1339 2166 1380 2228 sit
1401 2185 1420 2227 a
1442 2173 1555 2229 natura
1577 2166 1687 2230 datum
1705 2187 1775 2233 om-

405 2261 552 2334 ionibus,
582 2259 880 2344 intellegamusque,
912 2262 938 2323 si
967 2280 1052 2323 mors
1075 2259 1191 2321 malum
1215 2260 1272 2333 sit,
1303 2280 1374 2322 esse
1396 2262 1620 2343 sempiternum
1643 2261 1772 2324 malum.

442 2355 518 2416 Nam
541 2353 624 2416 vitae
647 2353 781 2416 miserae
803 2374 887 2418 mors
910 2351 980 2417 linis
1003 2374 1074 2417 esse
1090 2352 1230 2415 videtur:
1253 2372 1339 2415 mors
1354 2354 1380 2415 si
1396 2361 1445 2416 est
1460 2355 1591 2427 misera,
1613 2351 1686 2416 linis
1701 2374 1774 2418 esse

442 2446 548 2509 nullus
569 2451 683 2528 potest.
719 2447 782 2510 Sed
805 2446 882 2531 quid
899 2468 957 2528 ego
977 2448 1137 2510 Socratem
1159 2454 1214 2509 aut
1228 2445 1456 2508 Theramenem
1479 2448 1669 2529 praestantis
1687 2449 1774 2511 siros

442 2541 566 2604 virtutis
597 2548 629 2602 et
657 2540 832 2622 sapientiae
854 2541 955 2622 gloria
978 2541 1214 2603 commemoro?
1241 2560 1312 2601 cum
1336 2540 1607 2603 Lacedaemonius
1629 2543 1772 2626 quidam,

441 2634 533 2697 cuius
555 2652 595 2695 ne
618 2654 733 2696 nomen
755 2634 883 2716 quidem
907 2634 1066 2718 proditum
1083 2643 1149 2708 est,
1172 2643 1304 2696 mortem
1320 2641 1407 2696 tanto
1423 2655 1518 2717 opere
1535 2638 1773 2718 contempserit,

403 2737 490 2801 aaut,
512 2748 584 2790 cum
607 2726 647 2788 ad
669 2747 739 2790 eam
761 2727 931 2790 duceretur
953 2728 1119 2790 damnatus
1142 2728 1182 2790 ab
1205 2727 1332 2809 ephoris
1355 2736 1388 2790 et
1409 2738 1494 2791 esset
1507 2729 1596 2792 voltu
1615 2730 1709 2794 hilari
1725 2739 1774 2793 at·

441 2841 504 2904 que
519 2820 613 2894 laeto,
629 2819 826 2904 dixissetque
843 2822 872 2883 ei
890 2820 1019 2904 quidam
1040 2822 1204 2884 inimicus:
1230 2820 1473 2884 «contemnisne
1489 2821 1575 2905 leges
1590 2824 1770 2908 Lycurgiir

440 2914 658 2996 responderit:
692 2916 784 2996 uligo
807 2935 882 2978 vero
904 2913 949 2977 illi
972 2915 1140 2977 maximam
1164 2915 1294 2995 gratiam
1317 2915 1437 2985 haheo,
1462 2919 1515 2999 qui
1538 2939 1588 2980 me
1610 2939 1649 2981 ea
1670 2939 1774 3002 poena

441 3008 635 3082 multaverit,
657 3029 753 3091 quam
775 3010 843 3071 sine
867 3004 1062 3071 mutuatione
1087 3017 1117 3071 et
1139 3010 1206 3071 sine
1222 3030 1349 3072 versura
1365 3030 1490 3091 possem
1510 3009 1714 3075 dicionem.»
1744 3011 1773 3074 Ο

440 3104 542 3166 virum
559 3102 671 3184 Sparta
687 3103 833 3185 dignuml
859 3111 893 3166 ut
908 3102 984 3165 mihi
1000 3101 1140 3184 quidem,
1156 3104 1211 3186 qui
1229 3111 1291 3166 tam
1308 3124 1422 3184 magno
1437 3104 1544 3167 animo
1559 3104 1664 3181 luerit,
1679 3108 1775 3170 inno-

402 3209 516 3259 rocens
531 3196 699 3261 damnatus
718 3218 787 3261 esse
807 3197 961 3261 videatur.
992 3192 1064 3263 tot.
1083 3196 1169 3259 Talis
1186 3198 1424 3261 innumerabilis
1439 3207 1546 3261 nostra
1563 3199 1674 3263 civitas
1690 3200 1774 3264 tulit.
1847 3224 1849 3229 ·

441 3290 503 3353 Sed
527 3290 602 3373 quid
628 3289 725 3354 dures
747 3299 779 3352 et
800 3291 961 3372 principes
984 3289 1162 3363 nominem,
1185 3310 1257 3353 cum
1280 3290 1422 3372 legiones
1445 3291 1560 3354 scribat
1583 3292 1660 3355 Cato
1675 3312 1773 3377 saepo

441 3384 553 3447 alacris
583 3386 617 3447 in
645 3383 717 3447 eum
748 3383 851 3447 locum
882 3383 1054 3466 prolectas,
1088 3382 1172 3445 unde
1201 3384 1357 3446 redituras
1379 3405 1413 3446 se
1437 3405 1501 3447 non
1523 3385 1773 3450 arbitrarentur?

441 3478 511 3540 Pari
533 3478 640 3541 animo
656 3478 896 3540 Lacedaemonii
918 3478 953 3539 in
968 3476 1190 3559 Thermopylis
1207 3478 1406 3553 occiderunt,
1428 3480 1461 3541 in
1477 3483 1558 3563 quos
1575 3480 1773 3545 Simonidosr

567 3572 655 3647 Dic,
677 3570 840 3654 hospes,
864 3572 1035 3654 Spartae
1058 3590 1125 3633 nos
1148 3579 1183 3634 te
1205 3572 1267 3635 hic
1289 3572 1446 3636 vidisse
1467 3574 1651 3648 iacentis,

400 3678 430 3725 aa
608 3668 702 3730 llum
725 3665 879 3728 sanctis
901 3665 1058 3747 patriae
1081 3664 1236 3746 legibus
1259 3666 1530 3749 obsequimur:

441 3758 596 3843 equibus
618 3780 718 3835 unus,
746 3780 818 3823 eum
844 3758 956 3823 Perses
977 3760 1079 3823 hostis
1102 3760 1135 3821 in
1158 3760 1329 3844 conloquio
1353 3761 1486 3824 dixisset
1506 3761 1662 3844 glorians:
1688 3763 1773 3827 «So-

503 4079 529 4127 i.
547 4077 596 4126 Sed
612 4080 707 4138 ronpm
722 4080 759 4125 est
775 4076 839 4137 oet]
857 4074 895 4125 Cl.
909 4078 1058 4126 Lactantius
1076 4078 1130 4139 vit,
1143 4079 1168 4127 ι.
1182 4104 1214 4113 -
1231 4076 1254 4127 l.
1274 4078 1309 4127 dii
1327 4077 1376 4127 CO
1395 4103 1422 4113 -
1442 4079 1466 4127 o.
1485 4078 1541 4127 Nos
1557 4077 1620 4128 0-
1637 4078 1715 4144 band]
1727 4084 1775 4130 urst

438 4155 487 4205 tin
507 4176 534 4189 -
554 4153 651 4202 mettim
668 4154 701 4206 a:
720 4153 758 4201 sic
776 4152 856 4202 etiam
874 4154 903 4211 G,
922 4152 971 4201 sed
990 4154 1146 4215 posteriori
1163 4156 1204 4203 est
1221 4153 1361 4210 turanum,
1380 4153 1405 4201 in
1419 4165 1470 4215 qua
1483 4152 1551 4202 duae
1569 4151 1672 4203 litterae
1690 4155 1773 4205 tuisse

437 4230 558 4294 possunt.
580 4255 607 4265 -
627 4228 668 4276 tt.
687 4227 793 4287 misero,
811 4228 927 4275 miseriae
942 4228 999 4289 pinis
1011 4228 1039 4277 0.
1062 4229 1110 4279 «Ut
1126 4226 1240 4276 Klotzius
1257 4227 1296 4276 sic
1313 4226 1462 4288 Tregderus
1474 4227 1618 4291 archetypi
1636 4230 1775 4279 revocavit

438 4304 610 4367 scripturam:
632 4302 815 4365 intelligemus,
833 4303 855 4350 ει·
870 4314 939 4350 mors
955 4303 1050 4351 malum
1066 4305 1111 4361 stt,
1130 4315 1181 4352 esse
1196 4304 1372 4363 sempiternom
1389 4300 1512 4351 motum.
1530 4302 1598 4350 Nom
1609 4304 1702 4352 vitoe
1717 4305 1775 4354 mn

438 4390 527 4428 seros
542 4388 610 4425 mors
625 4377 683 4440 pinis
699 4390 749 4426 csse
764 4378 877 4435 videtum·
894 4390 962 4426 mors
979 4380 1001 4427 st
1017 4382 1053 4427 est
1067 4378 1162 4426 misero
1180 4378 1204 4436 ti.
1225 4389 1249 4424 e.
1268 4376 1290 4425 si
1308 4376 1404 4425 mortui
1422 4376 1501 4426 etiam
1520 4377 1609 4426 misen
1627 4381 1689 4427 sunt
1705 4381 1774 4429 :si

437 4464 506 4502 mors
521 4451 618 4500 motion
633 4455 682 4511 est,
704 4450 737 4500 ci.
756 4452 772 4513 s
790 4451 813 4499 9.
834 4452 873 4499 is.
893 4451 995 4513 iladvig
1012 4451 1046 4501 ad
1065 4452 1117 4502 Fin.
1132 4452 1162 4509 V,
1176 4450 1226 4512 sii,
1243 4452 1302 4514 sinis
1318 4464 1368 4500 esse
1383 4450 1467 4500 nudor
1480 4455 1560 4513 potest
1577 4477 1604 4486 -
1625 4451 1774 4502 Cuiusnam

438 4530 498 4579 rcii
520 4527 546 4577 si
567 4524 770 4589 grammaticam
793 4523 938 4574 verborum
955 4526 1086 4576 rationem
1104 4530 1207 4584 teneas,
1232 4527 1300 4575 onos
1315 4526 1436 4575 miseros:
1456 4529 1482 4575 at
1499 4526 1633 4576 terrestris
1650 4526 1772 4588 quidem,

438 4616 507 4667 quae
525 4602 551 4652 h.
571 4601 587 4651 Ι.
607 4598 767 4662 intelligitur,
784 4599 850 4649 otae
867 4612 954 4660 mors,
976 4603 1032 4651 sive
1050 4602 1148 4650 misera
1167 4600 1280 4650 estsine
1299 4614 1351 4650 non
1369 4602 1481 4661 misera,
1500 4600 1558 4650 duis
1575 4602 1625 4649 est.
1652 4602 1721 4651 Nam
1738 4613 1773 4652 ex

436 4679 504 4727 ottae
524 4677 630 4726 miserae
653 4671 799 4735 intelligere
820 4672 882 4721 moti
904 4671 1021 4735 (aunem
1040 4677 1085 4723 aut
1101 4674 1217 4724 mneriee
1234 4675 1355 4736 (Nissen.)
1375 4677 1415 4726 vir
1434 4675 1507 4736 licet,
1530 4676 1690 4740 praesertim
1708 4687 1772 4726 cum

437 4765 490 4802 non
507 4753 608 4803 dietum
625 4750 659 4799 sit
675 4748 782 4797 munos
798 4747 879 4807 vitoe,
899 4745 947 4796 sed
965 4748 1030 4797 vitae
1046 4750 1167 4810 miseros,
1191 4748 1281 4800 Klotzii
1299 4751 1389 4798 autem
1407 4751 1521 4809 ratione,
1541 4749 1585 4812 qui
1604 4761 1638 4798 er
1653 4762 1773 4799 mors--

437 4829 530 4878 misero
552 4825 699 4888 intelligere
719 4825 773 4872 eins
795 4823 821 4885 (i.
837 4836 862 4872 e.
874 4823 967 4873 mortis
989 4823 1105 4872 miserae
1116 4849 1146 4872 =
1163 4825 1253 4873 miseri
1272 4826 1463 4888 postmortem
1481 4822 1575 4883 status)
1593 4820 1682 4883 iubet,
1707 4836 1773 4889 per-

438 4904 541 4953 versius
558 4899 621 4952 nihil
638 4898 696 4948 deri
713 4899 811 4961 potest.
838 4897 894 4946 Non
912 4897 999 4948 dicam
1018 4911 1050 4947 er
1066 4911 1135 4947 mors
1151 4904 1196 4949 est
1212 4899 1305 4948 misero
1323 4901 1395 4948 certe
1414 4911 1466 4947 non
1481 4897 1703 4957 mortis-nmmos,
1721 4896 1773 4948 sod

438 4976 622 5026 tantummodo
638 4976 727 5024 mortis
743 4970 849 5034 intelligi
867 4975 998 5036 potuisse:
1018 4971 1081 5022 illud
1100 4974 1195 5034 dicam,
1214 4975 1249 5023 ite
1267 4975 1381 5024 existere
1398 4971 1496 5022 bellam
1513 4972 1582 5021 hanc
1600 4971 1772 5024 demonstra-

437 5051 551 5101 tionem:
571 5051 599 5100 Si
615 5062 683 5099 mors
698 5048 795 5097 motion
811 5052 861 5107 cst,
879 5054 915 5098 cst
933 5047 977 5108 itti.
991 5061 1059 5096 mors
1076 5047 1201 5111 intelligit)
1219 5049 1395 5111 senpiternam
1405 5048 1509 5097 motum.
1531 5048 1599 5095 Nom
1613 5071 1640 5081 —
1653 5059 1732 5107 mors,
1749 5048 1772 5097 si

436 5130 472 5174 est
487 5126 595 5183 motam
618 5125 794 5185 senpiternam
811 5123 906 5172 motum
923 5130 965 5173 est.
994 5125 1061 5186 Lege
1080 5124 1095 5187 g
1113 5125 1127 5172 9
1146 5127 1172 5172 et
1190 5125 1220 5173 ib
1240 5124 1299 5186 (ubi
1316 5124 1370 5173 vito
1387 5123 1458 5173 idem
1475 5121 1605 5185 estquod
1624 5134 1706 5186 supra
1722 5122 1772 5171 ira-

435 5213 514 5249 mone
530 5198 689 5259 conditionelz
710 5197 837 5261 intelliges
856 5199 1013 5248 Ciceronem
1031 5200 1082 5249 hoc
1101 5199 1206 5250 dicore:
1232 5202 1277 5249 «si
1295 5213 1368 5250 mors
1385 5199 1484 5250 malum
1502 5202 1556 5258 est,
1575 5198 1771 5259 sempiternum

436 5275 535 5327 malum
553 5277 595 5324 est
610 5272 748 5323 bominibus
761 5274 928 5334 propositam.
952 5276 1018 5323 Nam
1034 5277 1138 5325 miseric
1155 5287 1262 5333 eorum,
1282 5288 1360 5337 quae.
1379 5275 1401 5324 si
1419 5274 1517 5324 mortui
1528 5283 1581 5322 non
1593 5272 1656 5320 sunt
1667 5271 1769 5331 miseri,

435 5353 505 5401 vitae
522 5348 620 5399 tinibus
638 5348 803 5405 terminatur,
822 5347 932 5407 eadem,
951 5349 972 5397 si
992 5351 1070 5399 etiam
1089 5350 1186 5400 mortui
1204 5351 1294 5399 miseri
1312 5354 1387 5409 sunt,
1406 5348 1473 5399 fines
1487 5345 1571 5397 nultos
1583 5342 1666 5393 habet
1677 5342 1770 5407 t=59

435 5427 462 5477 in
479 5424 642 5475 miseriam
658 5423 821 5472 noscimur
838 5424 1020 5484 sempiternom.
1045 5424 1104 5487 §⁴5
1121 5424 1245 5487 infinitum
1257 5428 1281 5473 et
1297 5424 1472 5485 sempiternom
1487 5422 1605 5472 motum
1620 5419 1770 5469 habemns

434 5501 466 5549 in
482 5500 572 5559 otto);
592 5496 625 5547 el.
644 5497 660 5558 s
680 5495 735 5546 sis.
763 5499 855 5558 itaque
879 5509 928 5558 ego
951 5510 983 5545 er
1000 5500 1107 5561 antiqua
1126 5498 1279 5547 coniectura
1300 5502 1360 5562 post
1376 5500 1469 5548 misero
1487 5496 1556 5548 addo
1573 5495 1702 5556 moerim,
1719 5493 1769 5546 sed

435 5588 497 5625 cum
515 5574 604 5631 uncis,
623 5571 876 5635 quoniamquidem
895 5571 952 5621 fieri
969 5574 1069 5635 potest,
1090 5575 1119 5622 ut
1136 5574 1228 5622 Cicero
1247 5573 1316 5636 ipse,
1341 5576 1371 5621 ut
1387 5571 1462 5632 alibi,
1481 5573 1515 5621 ita
1533 5571 1576 5621 bio
1594 5570 1768 5634 negligentius

435 5649 582 5712 duriusque
600 5646 761 5711 scripserit.»
781 5648 822 5697 W.
851 5646 889 5697 0b
914 5647 940 5696 id
963 5648 1050 5710 ipsum
1070 5660 1118 5697 nos
1135 5646 1251 5697 miseriae
1268 5647 1417 5697 reiecimus
1439 5673 1465 5682 -
1487 5648 1526 5697 42.
1544 5652 1667 5697 socratam
1682 5651 1706 5697 et
1722 5648 1768 5696 out

436 5726 455 5774 C
473 5751 505 5761 -
523 5722 563 5774 tl.
582 5728 711 5784 tantopore
728 5724 747 5772 C
769 5748 795 5758 -
815 5723 855 5772 t6.
873 5723 1055 5784 contempnism
1072 5724 1093 5770 G
1107 5749 1134 5757 -
1153 5722 1254 5785 ippnrqi
1271 5722 1320 5771 aa
1335 5748 1361 5756 -
1381 5722 1421 5771 it.
1435 5720 1505 5784 Coto]
1523 5726 1613 5771 nocato
1630 5720 1723 5771 litteris
1733 5733 1767 5769 aro

436 5797 531 5847 eadem
549 5811 585 5847 m.
605 5795 699 5847 deletis
717 5798 736 5847 a
753 5823 786 5833 -
802 5810 875 5859 saepe
891 5810 1024 5862 superscr.
1043 5796 1138 5846 eadem
1156 5810 1191 5846 m.
1210 5796 1236 5846 in
1255 5799 1275 5846 G
1294 5822 1321 5831 —
1341 5798 1380 5846 23.
1400 5796 1550 5858 thermopilis
1566 5799 1615 5848 Gli
1631 5823 1658 5834 -
1678 5797 1706 5846 in
1717 5809 1766 5858 qno

435 5872 566 5922 simonides
583 5873 602 5923 C
618 5896 645 5909 -
665 5872 707 5921 26.
725 5886 738 5922 s
754 5872 842 5934 qaibns
859 5872 981 5935 Bentley:
1003 5872 1067 5932 (inid
1083 5872 1124 5920 itte
1140 5874 1194 5921 dire
1210 5873 1329 5922 semidam
1341 5872 1476 5934 (Leonidas
1486 5872 1514 5933 0)
1527 5871 1587 5921 dicit
1602 5870 1683 5935 (ducit
1693 5882 1763 5923 corr.

438 5945 464 5995 tn
481 5946 541 5996 dicit
557 5945 638 6007 aar?
657 5946 753 6010 Porotta
774 5945 860 5997 animo
880 5947 956 6010 sorti,
982 5947 1185 6008 Lacedaemonti;
1206 5947 1277 5999 nodie
1299 5948 1367 6011 opud
1383 5948 1475 6011 inferos
1488 5946 1596 6011 fortusse
1611 5945 1760 5999 cenom.
