4342 7459
956 1258 1204 1329 FRAGMENTA.

493 1418 610 1479 Alove
629 1418 785 1479 Musarum
805 1414 986 1498 primordie:
1007 1438 1112 1494 nennper
1129 1425 1160 1479 in
1181 1441 1229 1481 orr

417 1512 556 1571 Plurinnur
574 1515 621 1571 ille
639 1516 779 1593 lominurn
797 1522 853 1580 ont,
875 1516 924 1585 qui
943 1518 1063 1585 compito
1082 1520 1193 1573 numine
1218 1534 1319 1591 unoquo

417 1608 619 1681 conciliumque
637 1615 729 1666 olrurn
747 1610 861 1681 complet
879 1610 1043 1682 poloqurquo
1063 1614 1231 1682 melunduno

416 1704 452 1759 Et
469 1705 562 1776 pcloqi
579 1711 685 1776 portur.
726 1704 859 1760 Fruinnur
876 1702 942 1759 loor
960 1711 985 1760 ct
1004 1707 1108 1762 utimur
1130 1724 1236 1772 omnen:

414 1797 471 1855 Non
490 1815 573 1870 qcnur
592 1799 686 1864 illiur,·
707 1798 787 1854 nolin
806 1799 854 1853 illc
872 1800 963 1854 orninc
981 1798 1052 1855 torto

413 1892 535 1949 llrotnro
551 1896 710 1964 procriqnot
727 1893 910 1963 populumque
929 1892 1071 1948 lodoriiur
1091 1900 1186 1966 urqct,
1302 1965 1305 1970 Ι

416 1988 544 2044 consulat
563 1994 593 2042 ut
611 1988 701 2043 citor:
722 1988 833 2057 quondo
853 1988 891 2041 nit
908 1993 985 2041 terro
1010 1987 1097 2059 liqoni

413 2083 512 2156 Aptior
524 2072 577 2139 ¹out
595 2083 681 2137 dulus
700 2090 789 2138 rnonrt
817 2088 842 2137 et
861 2097 914 2153 quo
935 2088 1054 2152 ternpore
1071 2098 1127 2154 por
1144 2084 1182 2137 rit

415 2178 469 2235 Aut
486 2194 573 2233 serere
592 2185 641 2233 out
659 2183 768 2246 coeptos
787 2176 907 2247 lqrnpnir
925 2175 1087 2246 odrqcrqero
1104 2177 1227 2247 plantor.

413 2271 476 2344 lpse
493 2273 578 2328 etiarn
596 2272 626 2326 in
646 2285 745 2342 onoqno
764 2269 859 2340 deficit
877 2271 971 2325 sidero
996 2270 1097 2325 nnundo

416 2364 520 2424 Ordine
539 2381 661 2436 quoequr
677 2380 727 2419 ruo
747 2371 828 2434 otquc
847 2364 877 2417 in
897 2369 984 2419 toturn
1000 2363 1133 2433 prooidur
1153 2379 1257 2420 onnurn

414 2462 497 2519 tetro
515 2463 602 2525 dedit,
624 2477 695 2532 quoe
713 2474 762 2514 nor
780 2465 925 2525 moneant,
946 2474 1003 2529 quo
1021 2459 1157 2529 quoclidet
1176 2460 1247 2516 loro

414 2556 486 2628 Apto
504 2558 579 2628 qrri,
603 2563 678 2611 certo
695 2561 846 2610 nocentur
864 2562 894 2609 ut
913 2555 1009 2609 onnnio
1035 2554 1102 2626 leqe.

413 2651 489 2709 lien
507 2666 572 2722 erqo
589 2651 696 2721 primur
714 2649 846 2721 plocotur
863 2655 889 2704 et
907 2648 1020 2704 ultinnur
1042 2650 1125 2705 idem.

413 2744 513 2817 Hoan
530 2752 622 2816 poter,
644 2759 774 2815 unoqnunn
793 2742 955 2798 mortalibus
975 2743 1184 2807 incrementum,

413 2840 556 2912 uoqenos
573 2839 670 2910 prior,
691 2844 716 2893 ct
734 2837 824 2893 dulcor
843 2844 907 2892 ontc
926 2838 1021 2894 omnio
1046 2836 1160 2901 Μιιιιι,

413 2933 508 2991 Cuncti
525 2950 583 2989 uno
599 2932 699 2988 coiecto
718 2932 788 2986 milli
806 2938 832 2986 et
851 2931 918 2985 durn
936 2933 1030 2987 sidero
1048 2939 1146 2997 conto,

412 3027 445 3086 Si
464 3032 506 3085 ius
524 3029 621 3098 [mque
638 3029 745 3099 sinunt,
767 3026 877 3096 lonqunn
896 3027 1018 3083 &ducite
1037 3044 1159 3083 cumen.

488 3121 600 3183 Celere
619 3118 766 3180 labuntur
784 3116 875 3179 celeri
897 3117 1046 3180 caelestia
1065 3127 1168 3194 motu,

414 3216 493 3278 Cum
513 3213 663 3293 coeloque
682 3213 773 3275 simul
794 3222 965 3293 noctesque
985 3214 1117 3295 diesque
1138 3214 1297 3290 teruntur;

413 3312 482 3369 Acir
502 3320 531 3367 ot
552 3313 679 3367 ιἰιιιιιοιιιι
697 3328 838 3383 nunquoon
856 3313 974 3382 rectiqio
998 3319 1103 3377 nnutot,

415 3405 468 3464 Sed
489 3413 557 3462 tenet
577 3406 690 3477 ocquoli
708 3405 827 3461 lilrotor
843 3406 962 3476 ponem
983 3412 1085 3471 terrun

414 3501 502 3572 Quen
521 3504 623 3558 circum
642 3517 744 3572 rnoqno
762 3517 791 3557 rr
808 3501 893 3557 coluit
912 3502 1019 3558 turbine
1043 3502 1160 3559 coelum

412 3594 642 3672 Extremusque
662 3590 741 3653 odeo
762 3589 876 3670 duplici
896 3589 936 3651 de
956 3590 1083 3654 cardine
1102 3601 1212 3653 vertex

416 3687 535 3748 Dicitur
554 3703 626 3746 esse
645 3684 750 3765 polus,
771 3705 888 3759 quorun
907 3689 952 3745 nic
968 3704 1025 3744 non
1042 3690 1180 3755 cernitur,
1203 3689 1249 3745 illc

413 3785 457 3843 to
476 3783 607 3852 Boreorn,
634 3780 738 3840 Oceani
756 3799 856 3854 rupero
874 3785 994 3854 confinio
1012 3784 1114 3839 tendit:

413 3878 500 3948 Quen·
520 3880 631 3949 cinqunt
653 3874 763 3932 llrroe
781 3877 896 3933 celclm
913 3879 1071 3949 coqnonnine
1090 3877 1271 3942 Plourtri,

411 3974 497 4046 Ques
517 3967 612 4030 nostri
633 3974 755 4048 septem
774 3968 854 4029 soliti
873 3968 1009 4030 vocitare
1029 3970 1168 4031 Triones.

411 4069 532 4125 Alterius
551 4074 633 4138 coqut
651 4066 766 4122 oltrriur
784 4068 960 4137 flammantia
979 4074 1056 4140 tcrqo

411 4162 536 4234 Adrqioit
554 4164 636 4233 inque
654 4163 739 4217 ιιιιιιι
756 4178 861 4232 pronos
879 4163 955 4232 roqit
975 4163 1051 4217 ordin
1070 4164 1101 4216 ιἰι
1120 4163 1194 4233 ipson

412 4247 560 4314 cononici
580 4258 716 4311 lurncror.
759 4254 854 4319 Creta,
876 4257 901 4309 ri
920 4257 1027 4311 crcrlm
1045 4258 1091 4326 sor
1112 4263 1166 4317 ccl,

409 4350 453 4408 to
471 4352 542 4407 corii
560 4351 662 4405 nitidos
682 4366 748 4406 ocri
767 4365 861 4405 ornere
878 4349 991 4406 relicto:

409 4444 533 4517 luppiter
552 4446 603 4500 lnoc
620 4444 723 4517 coluit,
744 4460 823 4514 ᾳιιιιιι
841 4444 890 4499 rub
909 4445 974 4500 dene
993 4444 1127 4500 ounrteun
1152 4442 1242 4498 labin

409 4537 557 4596 honor·
576 4538 652 4594 Dicti
670 4546 752 4611 qrcto
770 4555 882 4609 potuere
900 4540 950 4594 rud
970 4547 1052 4593 ontro

408 4633 522 4691 ldoeurn
542 4635 580 4689 od
599 4641 715 4689 ιιιοιιιιιιι
735 4641 872 4705 tolunnquc
890 4633 984 4690 olucre
1001 4650 1052 4705 prr
1070 4649 1191 4699 ornum,

409 4727 560 4785 Soturnm
579 4729 681 4798 sollum
699 4730 765 4784 durn
783 4729 893 4785 Dictaei
916 4727 1092 4800 Corqlontcn.

407 4819 453 4880 Ex
473 4819 521 4881 his
540 4817 637 4880 altere
658 4817 741 4899 epud
762 4821 871 4882 Graios
891 4820 1092 4900 Cynosura
1112 4828 1256 4895 vocetur,

407 4910 513 4974 Altera
533 4910 645 4973 dicitur
664 4930 735 4973 esse
757 4912 903 4991 Helice,
924 4933 994 4988 quen
1012 4925 1148 4972 nomtrot
1176 4916 1284 4973 tontole

406 5008 441 5065 ln
459 5010 557 5082 prloqo
575 5011 655 5066 nocie
675 5027 728 5082 quo
747 5013 783 5066 nit
802 5014 949 5077 certendo‚·
971 5014 1018 5068 red
1037 5013 1090 5067 illo

410 5099 566 5161 Confidunt
585 5098 666 5161 duee
685 5109 834 5163 nocturne
854 5102 1026 5163 Phoenices
1045 5103 1077 5163 in
1097 5100 1168 5164 ello.

410 5192 472 5256 Sed
493 5194 580 5274 prior
598 5192 648 5255 ille
669 5194 767 5273 magis
788 5194 888 5260 stellis
907 5194 1051 5257 distinete
1071 5193 1203 5273 relulget

406 5288 445 5350 Et
463 5287 524 5351 lete
545 5288 644 5368 prime
664 5288 824 5351 coelestim
846 5307 864 5352 e
884 5297 975 5350 noete
995 5289 1127 5352 videtur.

406 5383 490 5445 Heee
508 5399 583 5442 vero
602 5399 699 5461 parve
719 5390 785 5459 est,
806 5381 863 5444 sed
884 5385 987 5445 nautis
1007 5402 1084 5446 usus
1103 5386 1137 5446 in
1156 5384 1214 5447 hee
1238 5395 1304 5463 est;

406 5476 482 5537 Nem
503 5492 597 5536 eursu
615 5475 761 5536 interiore
781 5475 867 5537 brevi
888 5478 1079 5539 convertitur
1098 5478 1191 5556 orbe,

407 5571 546 5645 Siqnoquc
565 5569 689 5628 Sidoniis
708 5573 843 5629 nnonrtrdt
861 5575 1015 5631 certiorirnu
1038 5579 1142 5631 nautis.

481 5662 542 5724 llus
562 5662 659 5738 inter,
681 5661 774 5725 veluti
795 5663 904 5746 cepido
924 5683 994 5726 eum
1013 5668 1134 5746 gurgite
1158 5667 1290 5743 flumen,

406 5755 516 5818 Torvu'
535 5755 661 5819 Dreeo
680 5760 795 5838 serpit,
816 5759 926 5821 subter
945 5778 1123 5842 superoque
1146 5760 1310 5823 revolvens

471 5910 496 5959 t.
517 5908 591 5971 Quno
610 5906 703 5963 literis
720 5908 837 5976 obliquiu
856 5911 890 5975 (s.
908 5913 1029 5975 cuminis)
1049 5912 1219 5978 exhibentur,
1241 5916 1304 5966 suut
1322 5915 1404 5966 Grotll
1423 5913 1619 5980 supplementa.
