4342 7459
472 1274 514 1340 28
868 1273 1191 1341 sctuulsscoatut
1211 1272 1392 1339 PRIORUM

470 1454 575 1514 tamen
604 1449 650 1512 illi
671 1446 815 1511 versibus
838 1447 1003 1531 increpant
1023 1464 1134 1509 eorum
1155 1444 1370 1526 adrogantiam
1392 1444 1483 1526 quasi
1505 1444 1589 1518 irati,
1619 1441 1691 1526 qui,
1720 1461 1793 1505 cum

471 1543 545 1607 sciri
568 1542 649 1605 nihil
671 1542 786 1627 possit,
807 1540 947 1604 audeant
967 1559 1002 1603 se
1023 1539 1104 1603 scire
1126 1538 1241 1601 dicere.
1274 1538 1314 1600 llt
1333 1538 1373 1600 ab
1389 1537 1427 1600 iis
1442 1538 1548 1601 aiebas
1566 1535 1792 1599 removendum

472 1637 623 1700 Socraten
646 1642 677 1698 et
697 1635 871 1698 Platonem.
908 1633 994 1696 Curi
1015 1654 1056 1697 an
1079 1634 1118 1696 de
1139 1632 1215 1695 ullis
1237 1632 1352 1694 certius
1372 1651 1500 1715 possum
1515 1630 1644 1694 diceret
1665 1629 1793 1694 Vixisse

471 1749 542 1792 cum
570 1729 610 1791 iis
637 1727 785 1813 equidem
813 1727 942 1791 videor:
971 1728 1015 1791 ita
1038 1726 1127 1793 multi
1151 1745 1312 1789 sermones
1333 1725 1499 1808 perscripti
1521 1732 1608 1797 sunt,
1638 1722 1793 1807 equibus

447 1822 607 1885 stublon
640 1842 706 1884 non
738 1821 840 1906 possit
866 1821 945 1905 quin
975 1820 1096 1885 Socrati
1127 1818 1206 1882 nihil
1229 1819 1271 1881 sit
1293 1819 1395 1881 visum
1417 1818 1491 1882 sciri
1513 1837 1617 1900 posse.
1660 1816 1794 1898 Excepit

470 1936 569 1979 unum
598 1921 719 1981 tantum
748 1915 853 1978 ascire
875 1935 910 1977 se
939 1914 1017 1977 nihil
1040 1935 1074 1977 se
1096 1913 1209 1987 scire,o
1240 1912 1318 1976 nihil
1339 1912 1485 1994 amplius.
1522 1909 1607 1987 Quid
1629 1910 1731 1973 dicam
1754 1908 1793 1972 de

470 2009 623 2073 Platone‘l
657 2010 711 2094 qui
743 2015 826 2072 certe
856 2016 919 2071 tam
948 2008 1055 2071 multis
1083 2008 1173 2070 libris
1199 2006 1278 2070 haec
1306 2013 1489 2088 persecutus
1512 2026 1577 2069 non
1600 2010 1700 2079 esset,
1732 2003 1794 2067 uisi

470 2101 677 2186 probavisset.
720 2103 859 2167 lroniam
886 2102 972 2166 enim
1000 2101 1146 2174 alterius,
1179 2108 1364 2183 perpetuam
1392 2101 1593 2183 praesertim,
1621 2099 1708 2162 nulla
1736 2097 1797 2162 tuit

470 2195 549 2260 ratio
571 2198 729 2280 persequi.

435 2300 463 2347 tt
554 2289 670 2353 xxiv.
692 2288 743 2353 75.
765 2290 925 2354 Videorne
947 2289 1022 2363 tibi,
1052 2310 1136 2364 non,
1158 2298 1194 2353 ut
1216 2290 1422 2363 Saturninus,
1445 2290 1607 2352 nominare
1629 2289 1725 2351 modo
1747 2288 1796 2349 in·

471 2385 585 2447 lustres
606 2382 767 2457 homines,
790 2383 845 2447 sed
868 2384 983 2447 imitari
1005 2403 1180 2467 numquam
1202 2384 1262 2446 nisi
1279 2383 1417 2456 clarum,
1439 2383 1501 2445 nisi
1516 2383 1676 2446 nobilem?
1699 2382 1795 2466 Atqui

471 2477 625 2540 habebam
648 2477 800 2540 molestos
814 2478 919 2551 vobis,
942 2478 998 2541 sed
1023 2478 1176 2550 minutos,
1200 2477 1387 2560 Stilponem,
1410 2475 1595 2550 Diodorum,
1618 2476 1796 2550 Alexinum,

472 2592 606 2655 quorum
629 2576 703 2634 sunt
724 2578 867 2634 contorta
890 2578 923 2633 et
943 2572 1084 2634 aculeata
1108 2572 1263 2655 quaedam
1285 2571 1495 2655 sophismata;
1518 2572 1563 2634 sic
1585 2573 1669 2634 enim
1688 2570 1797 2655 appel-

471 2665 579 2727 lantur
607 2663 736 2727 fallaces
768 2664 1054 2727 conclusiunculae.
1098 2665 1161 2727 Sed
1190 2665 1267 2747 quid
1295 2685 1349 2728 eos
1379 2663 1538 2747 colligam,
1571 2684 1643 2727 cum
1664 2663 1798 2726 habeam

435 2758 700 2842 ascbrysippum,
725 2758 780 2841 qui
801 2755 913 2820 fulcire
935 2766 1064 2840 putatur
1085 2760 1241 2840 porticum
1265 2758 1467 2822 Stoicorum?
1497 2758 1599 2834 Quam
1623 2757 1721 2819 multa
1743 2756 1798 2820 ille

472 2858 582 2914 contra
604 2869 733 2924 sensus,
756 2870 851 2934 quam
873 2852 971 2914 multa
994 2859 1102 2915 contra
1125 2853 1248 2924 omnia,
1270 2871 1353 2936 quae
1373 2853 1405 2915 in
1421 2851 1649 2915 consuetudine
1663 2851 1799 2935 proban·

472 2945 539 3008 turi
571 2946 612 3006 at
633 2944 777 3008 dissolvit
798 2944 893 3007 idem.
928 2945 1005 3008 Mihi
1028 2946 1156 3028 quidem
1179 2967 1243 3009 non
1266 2944 1405 3009 videtur:
1432 2946 1488 3008 sed
1511 2945 1690 3008 dissolverit
1712 2965 1798 3008 sane.

474 3038 565 3101 Certe
587 3045 651 3100 tam
673 3037 771 3100 multa
792 3059 856 3101 non
878 3038 1072 3119 collegisset,
1096 3058 1177 3122 quae
1199 3060 1256 3101 nos
1276 3038 1422 3102 fallerent
1442 3039 1660 3123 probabilitate
1676 3059 1798 3122 magna,

473 3132 534 3195 nisi
557 3132 679 3194 videret
698 3132 738 3194 iis
759 3132 862 3195 resisti
884 3153 948 3195 non
971 3131 1063 3196 facile
1085 3152 1190 3214 posse.
1234 3131 1285 3195 76.
1308 3132 1392 3209 Quid
1424 3133 1609 3217 Cyrenaici?
1641 3128 1801 3216 [videntur

436 3225 602 3288 cominius
624 3227 796 3308 contempti
818 3226 1017 3309 philosophi,
1047 3222 1114 3309 qui]
1145 3235 1262 3310 negant
1284 3248 1353 3290 esse
1375 3228 1546 3311 quicquam
1569 3227 1657 3311 quod
1679 3227 1800 3310 percipi

473 3321 574 3402 possit
594 3321 809 3382 extrinsecus:
832 3340 870 3382 ea
893 3340 927 3383 se
949 3320 1016 3383 sola
1038 3322 1216 3403 percipere,
1239 3342 1321 3405 quae
1344 3330 1428 3384 tactu
1450 3322 1572 3385 intumo
1592 3321 1743 3394 sentiant,
1765 3327 1802 3382 ut

474 3413 630 3488 dolorem,
663 3421 697 3475 nt
730 3412 940 3496 voluptatem:
973 3433 1078 3497 neque
1111 3435 1146 3478 se
1170 3435 1234 3497 quo
1257 3415 1334 3497 quid
1366 3414 1473 3477 colore
1496 3424 1551 3478 aut
1572 3435 1635 3497 quo
1659 3433 1738 3478 sono
1761 3415 1803 3477 sit

474 3506 572 3580 scire,
594 3506 650 3569 sed
671 3514 794 3570 tantum
816 3510 934 3571 sentire
956 3504 1047 3570 adlici
1069 3527 1104 3571 se
1127 3509 1266 3592 quodam
1288 3510 1392 3571 modo.
1429 3508 1511 3572 Satis
1527 3509 1625 3572 multa
1639 3509 1679 3572 de
1694 3515 1802 3571 aucto·

475 3600 573 3662 ribus.
610 3599 809 3684 Quamquam
832 3622 872 3665 ex
894 3622 944 3665 me
967 3601 1166 3685 quaesieras,
1194 3622 1300 3666 nonne
1329 3612 1471 3685 putarem
1491 3610 1564 3685 post
1585 3603 1657 3667 illos
1678 3610 1802 3668 veteres

437 3700 522 3757 sstot
543 3693 678 3757 saeculis
700 3694 836 3758 inveniri
859 3717 968 3759 verum
990 3695 1150 3778 potuisse,
1173 3703 1220 3760 tot
1242 3696 1378 3780 ingeniis
1400 3696 1560 3779 tantisque
1575 3697 1688 3760 studiis
1704 3716 1803 3780 quae·

475 3787 628 3850 rentibus.
664 3787 748 3863 Quid
772 3790 933 3853 inventum
957 3789 998 3851 sit
1019 3789 1114 3871 paulo
1137 3799 1210 3872 post
1232 3789 1356 3864 videro,
1386 3799 1417 3854 te
1444 3792 1514 3873 ipso
1537 3790 1664 3874 quidem
1687 3789 1803 3853 iudice.

474 3881 638 3945 Arcesilan
656 3901 733 3950 vero
754 3903 818 3946 non
840 3883 1034 3947 obtrectandi
1051 3903 1146 3947 causa
1162 3905 1232 3947 cum
1248 3889 1373 3948 Zenone
1394 3885 1601 3966 pugnavisse,
1624 3883 1679 3946 sed
1696 3903 1803 3946 verum

475 3976 617 4037 invenire
639 3974 795 4051 voluisse,
818 3977 863 4040 sic
884 3977 1088 4059 intellegitur.
1137 3975 1189 4039 77.
1215 3980 1314 4042 Nemo
1340 3998 1491 4061 umquam
1519 3978 1714 4063 superiorum
1739 3998 1802 4040 non

476 4070 569 4133 modo
594 4079 803 4152 expresserat,
825 4070 881 4134 sed
904 4091 945 4134 ne
967 4071 1091 4134 dixerat
1113 4071 1241 4155 quidem
1264 4092 1358 4153 posse
1381 4072 1542 4134 hominem
1565 4070 1644 4134 nihil
1668 4071 1803 4153 opinari,

438 4176 535 4226 conec
558 4164 661 4227 solum
682 4183 794 4247 posse,
817 4164 873 4228 sed
895 4164 939 4227 ita
961 4184 1093 4227 necesse
1116 4185 1186 4228 esse
1209 4168 1354 4247 sapienti.
1393 4165 1467 4228 Visa
1491 4173 1539 4228 est
1559 4164 1716 4227 Arcesilae
1732 4185 1804 4227 cum

476 4277 550 4320 vera
583 4260 754 4333 sententia,
788 4266 854 4322 tum
884 4256 1019 4321 honesta
1047 4267 1079 4321 et
1110 4259 1205 4341 digua
1234 4259 1386 4341 sapiente.
1424 4259 1590 4352 Quaesivit
1614 4259 1654 4321 de
1677 4263 1804 4322 Zenone

475 4351 625 4426 fortasse,
649 4354 725 4436 quid
747 4352 888 4415 futurum
911 4359 1010 4425 esset,
1041 4354 1067 4415 si
1090 4372 1149 4415 nec
1172 4354 1331 4436 percipere
1355 4355 1526 4437 quicquam
1548 4357 1658 4435 posset
1679 4354 1804 4436 sapiens

476 4464 536 4508 nec
551 4448 674 4529 opinari
694 4446 844 4529 sapientis
859 4454 953 4510 esset
981 4445 1055 4521 llle,
1078 4447 1191 4522 credo,
1214 4448 1293 4511 nihil
1309 4448 1524 4531 opinaturum,
1547 4445 1695 4530 quoniam
1712 4453 1804 4530 esset,

544 4775 567 4821 t.
586 4770 622 4820 itti
638 4765 668 4821 θ’
679 4766 722 4829 V¹,
741 4772 769 4819 ut
785 4769 902 4820 malebat
912 4771 955 4820 Or.
970 4770 995 4819 ln
1013 4770 1117 4820 adnot:
1135 4771 1184 4819 iltis
1200 4766 1329 4819 AB²V²0
1343 4796 1368 4805 -
1388 4769 1501 4831 increpat
1516 4767 1546 4818 1³¹
1563 4795 1590 4805 -
1610 4769 1634 4819 2.
1653 4769 1685 4819 ab
1702 4770 1733 4819 iis
1744 4771 1803 4821 Ab:

477 4848 510 4899 ab
525 4848 563 4896 his
578 4846 629 4895 VO
647 4871 674 4881 -
694 4844 778 4895 cubus
795 4844 900 4895 lamb:
920 4844 1003 4894 aicbat
1020 4845 1054 4905 C,
1073 4844 1173 4893 cubant
1190 4844 1220 4893 B²
1236 4872 1263 4881 -
1281 4845 1306 4893 3.
1326 4845 1455 4894 Socratem
1472 4845 1492 4894 0
1507 4871 1532 4879 -
1552 4846 1582 4894 dc
1597 4845 1646 4893 iltis
1663 4846 1691 4894 θ’
1709 4870 1732 4881 -
1750 4860 1806 4908 pos-

477 4936 561 4973 sumus
577 4921 635 4972 cod.
654 4920 737 4973 Ursini
758 4947 784 4955 -
808 4920 832 4971 l.
851 4921 883 4969 its
900 4921 934 4970 C:
959 4920 996 4968 bis
1013 4921 1033 4969 0
1054 4947 1079 4956 -
1103 4922 1127 4968 5.
1146 4921 1209 4969 scire
1225 4917 1255 4969 A¹
1276 4944 1302 4955 —
1323 4920 1347 4969 7.
1365 4920 1426 4968 baec
1443 4920 1478 4968 C:
1503 4919 1547 4968 boc
1564 4920 1584 4968 0
1604 4945 1630 4954 —
1649 4920 1673 4968 8.
1692 4920 1806 4969 ironeam

478 5000 509 5050 C¹
529 5024 554 5034 —
574 4998 614 5047 tt.
632 4996 675 5045 sed
691 4996 726 5045 V:
745 4995 787 5045 scd
803 4996 879 5045 ctiam
896 4997 945 5045 ΑΒ
965 5021 993 5031 -
1012 4994 1130 5044 imitari?
1146 5009 1207 5044 uum
1224 5008 1296 5057 wem
1313 4994 1456 5052 Manutius3
1475 4994 1570 5042 tmitcri
1587 4994 1708 5043 neminem
1726 4994 1807 5046 male·

477 5072 524 5124 bat
540 5072 650 5126 Dentes:
670 5070 755 5134 possis
773 5070 852 5119 ctiam
869 5070 966 5119 nullm
983 5067 1034 5130 (vet
1050 5070 1180 5130 neminem)
1198 5083 1331 5132 umquem,
1350 5069 1400 5120 sed
1417 5072 1489 5119 recte
1508 5059 1724 5119 sensithavisius
1735 5084 1807 5120 num-

477 5160 554 5211 quam
570 5146 613 5195 bic
630 5146 717 5195 minus
734 5148 826 5209 aptum
842 5144 936 5194 videri.
958 5170 982 5180 -
1012 5145 1122 5206 aeques
1143 5171 1170 5181 -
1198 5147 1237 5194 ta.
1257 5146 1391 5208 Stilponem
1411 5144 1568 5195 Lambinus:
1594 5143 1757 5195 silibonsanc
1778 5172 1804 5181 -

478 5225 518 5275 ta.
536 5226 624 5271 contos·
643 5225 667 5270 et
683 5220 712 5270 B¹
734 5245 758 5258 -
789 5221 828 5269 td.
846 5220 920 5269 ebria
939 5218 974 5278 V,
995 5231 1061 5279 crus.
1080 5221 1116 5277 lt3
1138 5218 1173 5267 ad
1194 5218 1281 5270 locum
1305 5221 1412 5283 respicit
1434 5220 1583 5269 Lactantius
1600 5218 1653 5269 div.
1672 5219 1732 5269 inst.
1752 5218 1805 5279 vu,

477 5299 518 5359 23,
537 5296 561 5347 d.
583 5321 609 5333 ··
629 5295 669 5345 ll.
688 5298 715 5343 ut
731 5294 840 5344 diuoluit
856 5294 966 5345 Davles:
985 5293 1131 5342 uddissoluit
1148 5291 1207 5353 BV,
1230 5295 1367 5349 ..dissoluit
1384 5296 1404 5344 Α
1419 5319 1445 5329 -
1466 5294 1506 5343 ts.
1525 5294 1552 5343 ai
1569 5295 1599 5352 V,
1618 5294 1663 5342 niti
1680 5291 1709 5342 B¹
1720 5321 1754 5330 -
1769 5294 1808 5342 ui·

477 5373 566 5423 ductis
581 5383 629 5419 res.
642 5369 704 5428 AV,
721 5369 833 5418 sideritis
849 5383 897 5419 res.
917 5371 986 5419 u1-
1005 5368 1108 5429 cyrenei
1119 5371 1152 5423 Α,
1170 5370 1269 5428 cyrenei
1287 5368 1345 5428 bv,
1365 5368 1487 5428 Ομνωιαιι·
1498 5368 1532 5428 0,
1551 5368 1622 5431 quod
1641 5368 1696 5432 ipse
1714 5370 1806 5432 postea

478 5444 637 5511 improbavit
659 5444 684 5493 in
705 5444 873 5495 Onomastico
893 5457 916 5494 s.
935 5457 960 5493 v.
979 5456 1006 5507 p.
1025 5443 1082 5492 2⁰7.
1105 5468 1131 5478 -
1153 5444 1271 5491 uidentur
1291 5442 1392 5492 minime
1409 5444 1444 5491 C:
1466 5442 1612 5492 videnturne
1632 5442 1676 5491 tibi
1697 5441 1806 5497 Lamb.;

479 5519 563 5583 Quid?
583 5518 714 5581 turenses·
732 5519 848 5567 uidemur
862 5519 964 5568 miniosa
980 5517 1149 5567 coaternuendi
1164 5518 1301 5581 philosophi
1317 5519 1426 5576 Davies;
1447 5519 1562 5567 evidentur
1579 5520 1598 5568 0
1616 5532 1677 5569 cum
1696 5520 1808 5567 Grutero

478 5594 584 5647 delevit.
612 5593 692 5645 Nobis
709 5592 805 5653 verba,
824 5607 891 5657 quae
909 5592 1076 5652 inclusimus,
1096 5592 1183 5654 potius
1200 5590 1332 5655 glossema
1347 5592 1483 5648 videntur:
1502 5605 1564 5642 nam
1583 5606 1635 5645 non
1653 5595 1709 5644 stne
1727 5606 1807 5644 causa

480 5669 571 5723 bamb.
590 5671 616 5720 in
633 5681 692 5719 voc.
705 5669 749 5730 qut
766 5681 872 5732 quoque
891 5668 1012 5728 ollendtt,
1031 5667 1107 5717 cuius
1125 5664 1182 5715 loco
1200 5667 1292 5717 maluit
1306 5669 1331 5716 tat
1346 5695 1371 5704 -
1386 5668 1427 5718 ᾖ.
1441 5667 1551 5717 dourenc
1567 5674 1590 5717 et
1606 5667 1653 5717 cot.
1669 5669 1689 5717 G
1703 5694 1729 5704 -
1749 5668 1810 5730 quid

479 5749 499 5798 Α
517 5758 576 5809 sup.
594 5742 640 5794 ltu.
659 5757 695 5795 m.
714 5744 738 5793 2.
759 5769 786 5779 -
814 5757 898 5794 smnus
915 5746 934 5795 B
959 5770 985 5780 -
1014 5743 1055 5793 23.
1073 5755 1099 5791 sc
1115 5745 1212 5790 tantum
1230 5741 1273 5799 tt¹.
1298 5743 1339 5793 sed
1360 5748 1443 5791 tameo
1460 5744 1479 5793 B
1504 5768 1531 5777 -
1560 5744 1650 5793 sentire
1666 5755 1719 5793 om.
1739 5745 1759 5793 G
1779 5769 1806 5779 -

478 5821 520 5872 26.
538 5820 637 5882 ᾳυίἀοω
653 5820 688 5870 C:
710 5818 915 5881 quoqueLamb.
935 5818 1020 5869 etalii
1045 5844 1072 5855 -
1096 5818 1137 5868 il.
1155 5820 1291 5869 arcessitos
1308 5819 1327 5868 B
1349 5844 1374 5856 -
1398 5816 1554 5867 obtrectandi
1570 5818 1593 5867 V
1611 5843 1638 5854 -
1662 5819 1759 5868 senoil
1780 5845 1807 5855 -

479 5894 521 5945 28.
538 5907 659 5957 umquem
675 5891 717 5945 A¹z
738 5895 842 5959 inquom
860 5895 909 5945 CO
924 5920 951 5931 -
969 5895 1011 5944 29.
1029 5899 1181 5958 cspomcrot
1195 5894 1263 5944 coni.
1276 5893 1372 5944 Davies
1383 5918 1416 5930 —
1433 5894 1538 5943 diesem
1553 5891 1582 5944 Β1
1596 5919 1623 5929 -
1643 5892 1684 5944 34.
1703 5893 1810 5957 sopismt

481 5970 530 6020 Ab
550 5995 577 6006 -
595 5968 636 6020 32.
652 5982 723 6032 posse
740 5965 769 6020 Βι
787 5994 814 6007 -
834 5969 874 6019 33.
892 5970 1055 6032 opinaturum
1071 5967 1116 6019 ed.
1134 5970 1259 6020 baccus:
1281 5968 1400 6032 optumus
1416 5969 1446 6019 C,
