4342 7459
503 1244 545 1313 20
905 1242 1231 1309 assuuntconuu
1251 1242 1433 1309 effloruit

501 1415 592 1481 tersit
611 1415 696 1477 inter
715 1411 884 1497 perspicua
904 1419 937 1476 et
950 1414 1077 1476 inaniat
1099 1410 1218 1477 Eadem
1233 1413 1313 1476 ratio
1329 1422 1378 1476 est
1392 1411 1596 1475 somniorum.
1624 1413 1708 1475 Num
1722 1433 1834 1478 censes

501 1509 657 1583 Ennium,
686 1528 758 1572 cum
787 1506 821 1569 in
850 1506 950 1570 bortis
979 1528 1049 1570 cum
1074 1507 1183 1570 Servio
1205 1506 1322 1582 Galba,
1353 1505 1458 1570 vicino
1487 1526 1564 1582 suo,
1593 1506 1834 1584 ambulavisset,

503 1602 640 1667 dixisse:
671 1601 786 1665 sVisus
816 1621 887 1664 sum
915 1599 992 1665 mihi
1014 1621 1087 1665 cnm
1109 1600 1207 1665 Galba
1228 1599 1440 1664 ambularet»
1478 1601 1536 1676 At,
1558 1620 1631 1665 cum
1652 1602 1834 1684 somniavit,

501 1697 546 1761 ita
566 1696 722 1761 narrarit:

478 1800 493 1848 4
777 1790 989 1855 ....visus
1011 1788 1209 1852 Homerus
1231 1788 1376 1874 edesse
1397 1794 1530 1872 potita.

501 1886 653 1971 Idemque
676 1885 708 1947 in
731 1883 940 1968 Epicharmo:

647 1981 735 2042 Nam
756 1978 912 2042 videbar
933 1978 1120 2041 somniare
1143 1979 1224 2042 med
1247 1998 1315 2061 ego
1338 1999 1421 2042 esse
1444 1985 1639 2043 mortuum.

499 2077 626 2161 ltaque,
648 2073 742 2138 simul
763 2078 800 2135 ut
820 2071 995 2155 experrecti
1019 2093 1138 2148 sumus,
1164 2074 1232 2137 visa
1253 2073 1307 2136 illa
1330 2074 1563 2137 contemnimus
1585 2093 1690 2157 neque
1711 2072 1755 2137 ita
1775 2070 1833 2135 ba·

498 2170 628 2243 bemus,
649 2173 685 2230 ut
705 2185 759 2242 ea,
783 2186 866 2249 quae
887 2165 921 2228 in
942 2165 1012 2229 foro
1036 2166 1202 2250 gessimus.
1245 2168 1343 2230 XVII.
1367 2164 1421 2231 52.
1445 2170 1503 2232 «At
1525 2170 1610 2232 enim
1630 2167 1705 2231 dnm
1720 2167 1833 2231 viden-

462 2274 566 2339 ⁴⁰tur,
590 2262 701 2327 eadem
723 2261 826 2324 estin
848 2260 982 2323 somniis
1004 2261 1129 2342 species
1152 2281 1343 2344 corumque,
1366 2281 1448 2345 quae
1469 2262 1637 2345 vigilantes
1653 2261 1829 2325 videmuso

498 2358 637 2422 Primum
666 2356 816 2429 interest,
844 2354 901 2417 sed
930 2354 963 2417 id
987 2353 1186 2417 omittamus:
1214 2354 1297 2417 illud
1321 2354 1406 2417 enim
1429 2354 1581 2432 dicimus,
1610 2376 1674 2419 non
1697 2356 1831 2421 eandem

499 2472 570 2516 esse
591 2452 656 2516 vim
678 2468 784 2531 neque
804 2447 1018 2530 integritatem
1040 2447 1263 2512 dormientium
1289 2456 1321 2511 et
1342 2448 1540 2532 vigilantium
1562 2469 1621 2512 nec
1644 2458 1750 2514 mente
1771 2470 1831 2515 nec

498 2566 605 2610 sensu.
647 2545 694 2606 Ne
714 2542 869 2606 vinolenti
893 2543 1021 2626 quidem
1044 2562 1126 2626 quae
1147 2541 1284 2617 iaciunt,
1314 2542 1425 2606 eadem
1454 2543 1683 2626 adprobatione
1710 2544 1831 2609 iaciunt

498 2660 563 2724 qua
584 2637 697 2702 sobrii:
726 2635 885 2710 dubitant,
914 2635 1089 2709 haesitant,
1115 2643 1266 2699 revocant
1287 2657 1322 2699 sc
1344 2636 1504 2700 interdum
1526 2638 1650 2722 iisque,
1681 2658 1761 2723 quae
1783 2639 1831 2702 vi·

459 2734 627 2805 sedentur,
656 2726 837 2792 inbecillius
858 2728 1098 2804 adsentiuntur;
1130 2749 1267 2812 cumque
1289 2730 1542 2806 edormiverunt,
1567 2731 1623 2797 illa
1645 2733 1713 2797 visa
1734 2753 1829 2818 quam

497 2827 581 2890 levia
600 2823 719 2889 fuerint
738 2823 937 2904 intellegunt.
975 2821 1069 2898 Quod
1092 2823 1176 2885 idem
1198 2823 1353 2906 contingit
1375 2823 1515 2900 insanis,
1537 2831 1620 2890 utet
1641 2826 1830 2911 incipientes

496 2919 603 2985 furere
625 2918 765 2982 sentiant
785 2922 817 2979 et
839 2915 946 2979 dicent
967 2916 1106 2999 aliquid,
1130 2916 1214 2999 quod
1237 2937 1300 2980 non
1324 2917 1381 2991 sit,
1403 2916 1438 2980 id
1460 2919 1561 2983 videri
1583 2920 1661 2996 sibi,
1684 2927 1734 2997 et,
1755 2941 1828 2985 cum

497 3014 696 3086 relaxentur,
718 3010 870 3084 sentiant,
893 3017 989 3093 atquc
1011 3010 1067 3073 illa
1089 3011 1196 3073 dicant
1216 3010 1437 3076 Alcmaeonis:

530 3107 600 3172 Sed
622 3104 712 3169 mibi
735 3124 780 3167 ne
802 3103 972 3186 utiquam
994 3124 1057 3167 cor
1078 3104 1270 3168 consentit
1291 3125 1374 3168 cum
1397 3106 1591 3172 oculorum
1612 3109 1806 3193 adspectu.

459 3200 548 3266 4453.
571 3202 632 3264 «tt
652 3198 737 3264 enim
759 3198 828 3281 ipse
850 3198 977 3278 sapiens
999 3198 1136 3261 sustinet
1157 3218 1191 3261 se
1214 3198 1247 3261 in
1269 3197 1393 3275 furore,
1422 3221 1463 3264 ue
1491 3201 1647 3284 adprobet
1666 3202 1747 3268 falsa
1768 3224 1827 3288 pro

495 3298 607 3362 verino
645 3297 686 3359 Et
707 3292 785 3356 alias
808 3291 937 3375 quidem
960 3310 1073 3375 saepe,
1096 3292 1122 3354 si
1145 3293 1255 3356 autin
1278 3293 1423 3357 sensibus
1446 3294 1546 3379 ipsius
1562 3295 1827 3381 estnliquaforte

496 3392 631 3477 gravitas
654 3393 709 3450 aut
730 3385 877 3459 tarditas,
908 3392 962 3447 aut
984 3384 1169 3449 obscuriora
1194 3392 1270 3449 sunt
1291 3407 1374 3471 quae
1396 3388 1558 3464 videntur,
1588 3396 1644 3454 sut
1664 3410 1684 3454 a
1703 3393 1828 3476 perspi·

495 3485 607 3550 ciendo
630 3481 780 3564 temporis
802 3477 956 3541 brevitate
978 3478 1167 3542 excluditur.
1204 3479 1403 3564 Quamquam
1426 3490 1527 3546 totum
1548 3482 1629 3559 hoc,
1651 3484 1827 3568 sapientem

494 3576 665 3661 aliquando
688 3572 845 3636 sustinere
867 3570 1108 3646 adsensionem,
1131 3579 1241 3636 contra
1255 3595 1313 3638 vos
1328 3583 1385 3638 est.
1422 3575 1454 3638 Si
1469 3576 1554 3639 enim
1568 3578 1651 3642 inter
1664 3578 1733 3642 visa
1746 3577 1827 3641 nibil

456 3674 678 3743 suintercsset,
700 3674 754 3731 aut
776 3684 901 3749 semper
921 3666 1092 3728 sustineret
1112 3674 1166 3728 eut
1187 3686 1370 3750 numquam.
1408 3667 1470 3732 Sed
1493 3691 1535 3733 ex
1548 3670 1610 3735 boc
1626 3690 1742 3754 genere
1757 3680 1826 3736 toto

494 3764 630 3851 perspici
661 3766 767 3845 potest
792 3759 903 3821 levitas
925 3760 1078 3822 orationis
1101 3778 1228 3835 eorum,
1257 3762 1313 3845 qui
1336 3763 1443 3825 omnia
1464 3764 1597 3846 cupiunt
1620 3764 1826 3829 contundere.

496 3858 685 3935 Quaerimus
700 3852 878 3938 gravitatis,
901 3853 1114 3929 constantiae,
1137 3851 1302 3932 firmitatis,
1324 3856 1497 3940 sapientiae
1515 3858 1685 3922 iudicium:
1705 3859 1827 3923 utimur

495 3950 648 4035 exemplis
678 3946 918 4022 somniantium,
945 3945 1154 4023 furiosorum,
1183 3949 1390 4013 ebriosorum.
1434 3951 1516 4014 lllud
1545 3951 1762 4029 adtendimus,
1791 3954 1826 4017 in

493 4046 555 4109 boc
577 4044 663 4108 omni
685 4060 801 4126 genere
824 4059 921 4124 quam
942 4040 1161 4104 inconstanter
1183 4042 1375 4127 loquamur?
1411 4046 1482 4107 Non
1504 4045 1589 4108 enim
1612 4045 1825 4128 proferremus

455 4140 568 4204 :ovino
591 4146 647 4201 aut
667 4155 778 4200 somno
801 4154 969 4218 oppressos
992 4143 1046 4197 aut
1067 4145 1173 4199 mente
1194 4144 1303 4221 captos
1325 4145 1389 4201 4444
1412 4138 1564 4213 absurde,
1595 4147 1631 4202 ut
1651 4147 1717 4202 tum
1740 4138 1826 4203 dice·

493 4254 599 4298 remus
621 4234 774 4297 interesse
795 4227 879 4291 inter
900 4226 1099 4309 vigilantium
1115 4230 1184 4292 visa
1205 4238 1237 4293 et
1251 4230 1429 4294 sobriorum
1444 4240 1476 4294 et
1491 4251 1641 4295 sanorum
1657 4237 1825 4309 eteorum,

494 4328 550 4413 qui
572 4333 680 4391 essent
700 4322 794 4387 aliter
814 4320 946 4396 adlecti,
976 4328 1043 4383 tum
1073 4321 1152 4385 nihil
1173 4323 1336 4388 interesse.
1380 4322 1431 4389 5t.
1454 4327 1499 4390 Ne
1521 4325 1583 4389 boc
1605 4324 1736 4410 quidem
1758 4346 1825 4390 cer·

493 4428 589 4498 nunt,
620 4419 728 4485 omnia
748 4437 783 4480 se
805 4414 940 4479 reddere
961 4415 1097 4490 incerta,
1131 4415 1217 4500 quod
1244 4419 1374 4495 uolunt;
1406 4437 1445 4482 ea
1473 4418 1543 4482 dieo
1574 4420 1709 4496 incerta,
1740 4439 1825 4504 quae

494 4512 602 4596 ἄδηλα
625 4511 747 4579 Graeci.
791 4510 824 4574 Si
847 4510 932 4574 euim
954 4530 1006 4573 res
1028 4530 1062 4573 se
1083 4510 1129 4573 ita
1150 4508 1304 4587 habeant,
1332 4519 1368 4574 ut
1388 4511 1471 4575 nibil
1491 4513 1631 4589 intersit,
1652 4522 1759 4579 utrum
1781 4514 1826 4580 ita

455 4609 545 4674 meni
566 4608 725 4682 rideatur,
746 4613 783 4670 ut
803 4605 917 4670 insano
939 4624 980 4669 an
1002 4624 1098 4680 sano,
1121 4605 1172 4669 cui
1194 4605 1298 4690 possit
1319 4605 1517 4689 exploratum
1544 4626 1614 4671 esse
1632 4606 1674 4672 de
1695 4627 1755 4673 sue
1775 4627 1826 4674 sa-

560 4892 780 4954 t.nodeinV¹-
803 4890 1115 4947 rationietsom.ii¹-
1137 4896 1355 4947 2.crti:tii'-
1379 4891 1549 4947 844Βὶ-
1572 4894 1823 4951 inamoenus

494 4979 678 5030 Goerenzio-
698 4975 722 5028 6.
740 4974 822 5037 inspic
838 4974 927 5023 444444
938 4971 960 5019 V
972 4997 999 5008 -
1019 4972 1043 5021 7.
1056 4972 1113 5022 med
1128 4984 1173 5036 eqo
1190 4974 1321 5023 Manutius
1338 4975 1366 5022 et
1381 4970 1489 5023 Lamb.:
1507 4984 1546 5021 me
1562 4977 1586 5023 44
1601 4984 1646 5035 epo
1658 4973 1693 5034 C,
1711 4985 1757 5037 epo
1766 4974 1824 5024 44444

493 5053 609 5117 Scaliger
625 5052 699 5102 Coni.
712 5063 739 5114 p.
749 5049 790 5109 46,
808 5052 897 5098 4444444
912 5060 957 5110 eqo
969 5044 1122 5108 Guilelmus,
1140 5052 1228 5097 menset
1245 5048 1348 5098 Ernesti
1366 5051 1394 5098 et
1410 5048 1430 5097 0
1446 5074 1471 5086 -
1491 5047 1516 5097 8.
1534 5048 1640 5098 44444444
1650 5049 1820 5100 ltnnutins-

492 5127 718 5190 connnpnimnen
730 5150 757 5159 —
778 5123 802 5173 9.
816 5118 931 5173 4444441Ι
946 5146 972 5157 -
992 5124 1081 5171 can
1095 5150 1121 5159 -
1141 5125 1181 5174 ⁴0.
1194 5125 1221 5173 in
1237 5124 1387 5174 sonnisco
1402 5150 1428 5160 -
1447 5137 1581 5185 4444444444
1592 5124 1621 5174 (1.
1632 5124 1660 5174 F.
1672 5124 1821 5177 Hermann:

492 5204 629 5263 comme,
647 5199 809 5252 ciceronio
827 5211 888 5249 cnm
906 5197 998 5248 Lcmb.
1015 5222 1049 5233 -
1066 5199 1106 5247 tt.
1123 5200 1234 5260 primum
1251 5199 1336 5248 CEr:
1358 5198 1498 5261 pissimum
1514 5200 1536 5248 V
1554 5200 1579 5249 in
1596 5211 1681 5263 marg.
1700 5200 1774 5252 G0v
1792 5225 1820 5237 -

494 5278 534 5328 43.
553 5291 636 5329 sensns
652 5272 682 5327 Βι
700 5300 728 5313 -
746 5288 790 5324 nec
806 5275 859 5322 444.
879 5269 949 5323 t²ss²
966 5297 993 5308 -
1011 5274 1134 5324 4444444444
1149 5273 1209 5325 B¹V
1227 5302 1255 5311 -
1274 5275 1372 5336 quidem
1390 5288 1444 5326 om.
1458 5274 1482 5323 V
1500 5301 1526 5313 -·
1547 5273 1588 5326 tl.
1605 5274 1638 5324 its
1653 5286 1766 5337 quaeque
1781 5270 1822 5337 13¹,

492 5352 540 5402 biis
555 5364 667 5415 quaeque
682 5354 716 5408 A,
734 5349 819 5411 bisque
836 5362 900 5410 quae
915 5348 938 5396 V
957 5373 984 5384 -
1004 5350 1045 5399 ⁴5.
1063 5350 1232 5401 edomiemnt
1248 5351 1279 5399 132
1296 5376 1324 5385 -
1344 5351 1384 5400 47.
1401 5351 1540 5413 [44444444.
1559 5363 1592 5401 cn
1609 5363 1661 5414 qua
1678 5347 1739 5400 lect.
1759 5350 1823 5400 Gut-

493 5425 602 5481 lelmus:
621 5427 752 5489 incipiente
766 5424 853 5487 surore
873 5449 898 5459 -
918 5424 1015 5475 idom
1035 5424 1127 5475 bamb.
1142 5452 1169 5462 -
1189 5427 1229 5477 48.
1248 5424 1351 5475 44444444
1367 5420 1399 5473 V¹
1417 5450 1446 5462 -
1467 5424 1601 5475 4444444444
1616 5424 1665 5474 ΑΒ
1685 5449 1713 5460 -
1732 5422 1773 5473 tii.
1790 5436 1823 5475 44

492 5505 608 5566 uticum
624 5499 759 5552 Ribbeck:
777 5498 923 5561 neutiquam
939 5499 959 5548 0
973 5524 1000 5534 -
1019 5504 1120 5561 aspectu
1131 5502 1166 5561 Α,
1185 5503 1214 5550 ut
1230 5513 1379 5564 semper·
1398 5501 1441 5550 20.
1461 5502 1495 5550 nd
1506 5497 1538 5548 V¹
1551 5525 1579 5537 -
1597 5500 1639 5551 84.
1657 5504 1702 5550 unt
1717 5498 1740 5549 44
1755 5499 1821 5552 oisc.

493 5580 563 5630 coni.
576 5575 669 5629 bamb.
682 5601 708 5611 -
725 5573 885 5637 perspiccndc
896 5574 939 5622 tv
951 5599 977 5607 -
992 5572 1033 5625 il.
1046 5575 1108 5624 44444
1124 5576 1248 5626 interesset
1265 5589 1303 5626 rv
1320 5578 1347 5626 et
1358 5575 1381 5624 V
1392 5576 1418 5625 ln
1431 5587 1525 5639 merga
1545 5587 1599 5626 om.
1610 5574 1648 5635 C:
1667 5571 1727 5624 lort.
1741 5574 1822 5625 inter-

492 5658 553 5703 esset
568 5651 630 5702 44444
644 5651 710 5699 inter
724 5649 779 5697 eise
797 5673 825 5685 -
850 5649 892 5697 25.
910 5661 944 5697 en
959 5649 990 5697 4ο
1007 5650 1037 5699 ΑΙ
1056 5678 1083 5687 -
1103 5651 1144 5701 27.
1163 5651 1283 5701 4444444444
1300 5663 1353 5701 om.
1372 5651 1404 5700 Αι
1422 5676 1449 5688 -
1468 5651 1509 5702 28.
1528 5650 1654 5702 4444444444
1671 5646 1731 5701 cod.
1751 5650 1822 5701 Can·

493 5726 561 5777 tebr.
580 5754 613 5763 —
627 5725 690 5774 iliud
707 5724 741 5773 C:
759 5736 804 5773 444
819 5722 881 5772 illud
898 5722 1019 5785 Ursinus,
1037 5738 1098 5775 4444
1114 5725 1176 5775 itud
1187 5726 1207 5775 0
1219 5738 1281 5776 cum
1298 5726 1458 5786 Goerenzio:
1476 5725 1539 5775 iilud
1554 5725 1711 5776 4444444444
1727 5724 1821 5776 444444-

493 5802 545 5852 tius
563 5827 591 5842 -
613 5800 654 5850 29.
674 5799 870 5862 prosernnust
896 5824 922 5834 -
949 5797 990 5848 34.
1008 5799 1098 5849 numa:
1120 5800 1140 5849 0
1160 5813 1222 5849 cum
1239 5798 1399 5859 Goerenzio:
1426 5802 1454 5849 at
1469 5812 1495 5849 v.
1514 5800 1649 5851 Hermann
1664 5812 1692 5864 p.
1710 5796 1770 5851 468.
1789 5823 1818 5835 -

493 5875 534 5926 en.
556 5880 584 5925 ut
605 5875 626 5925 0
648 5886 711 5925 cum
732 5872 871 5925 schuetrio
895 5871 972 5937 incl,
995 5877 1022 5924 at
1042 5889 1068 5924 v.
1091 5874 1180 5925 Herm.
1200 5872 1218 5923 t.
1237 5887 1261 5925 c.
1281 5899 1309 5910 -
1334 5886 1369 5924 sn
1387 5879 1415 5925 nt
1431 5886 1492 5926 sono
1508 5872 1665 5943 Lambinus,
1683 5875 1772 5941 recte,
1790 5876 1821 5928 nl

492 5947 607 6001 videtur.
