4342 7459
434 1221 498 1288 128
894 1224 948 1289 uu
969 1220 1139 1287 DEORUM
1159 1219 1321 1285 NATURA

438 1380 615 1471 [luciliora].
652 1384 742 1449 Certe
763 1386 807 1449 ita
828 1394 946 1448 temere
968 1384 1008 1447 de
1030 1384 1150 1448 mundo
1173 1381 1333 1457 effutiunt,
1361 1388 1398 1446 ut
1418 1380 1496 1445 mihi
1517 1383 1647 1467 quidem
1669 1407 1763 1454 num·

436 1500 531 1567 quam
554 1477 636 1542 hunc
658 1480 871 1543 admirabilem
894 1479 972 1542 caeli
995 1486 1155 1551 ornatum,
1187 1478 1240 1561 qui
1263 1476 1352 1539 locus
1374 1486 1422 1540 est
1442 1480 1621 1561 proximus,
1649 1501 1763 1567 suspe-

436 1575 522 1637 xisse
550 1574 724 1638 videantur.
767 1572 818 1635 95.
841 1574 1003 1636 Praeclare
1026 1592 1102 1654 ergo
1124 1570 1308 1634 Aristoteles
1338 1572 1391 1634 ost
1413 1580 1537 1635 essenti>
1562 1574 1665 1658 inquit
1687 1576 1763 1659 equi

436 1669 495 1731 sub
517 1676 600 1732 terra
622 1689 747 1751 semper
760 1666 984 1731 habitavissent
1000 1667 1092 1730 bonis
1108 1674 1138 1728 et
1153 1665 1338 1727 inlustribus
1354 1666 1538 1741 domiciliis,
1560 1687 1641 1750 quae
1655 1677 1764 1735 essent

411 1767 546 1825 sornam
568 1763 667 1846 signis
689 1771 785 1847 atque
808 1762 938 1845 picturis
953 1764 1168 1845 instructaque
1184 1760 1276 1821 rebus
1292 1759 1332 1821 iis
1347 1760 1511 1834 omnibus,
1533 1764 1648 1844 quibus
1663 1766 1764 1829 abun·

437 1854 513 1917 dant
542 1855 582 1931 ii,
612 1858 665 1939 qui
688 1858 773 1920 beati
795 1864 957 1938 putantur,
980 1876 1039 1918 nec
1060 1863 1165 1917 tamen
1188 1854 1328 1916 exissent
1350 1874 1498 1937 nmquam
1521 1876 1616 1939 supra
1637 1866 1763 1933 terram,

436 1950 633 2033 accepissent
663 1959 767 2013 autem
792 1950 874 2013 lama
897 1957 928 2012 et
949 1949 1111 2012 auditione
1135 1966 1204 2011 esse
1226 1945 1386 2029 quoddam
1411 1969 1527 2011 numen
1548 1960 1581 2013 et
1601 1953 1664 2017 vim
1687 1954 1764 2018 deo·

435 2061 520 2116 rum,
547 2043 663 2107 deinde
692 2045 800 2127 aliquo
832 2053 971 2126 tempore
998 2041 1162 2125 patefactis
1192 2050 1294 2103 terrae
1327 2039 1472 2105 faucibus
1495 2064 1534 2105 ex
1562 2044 1626 2109 illis
1649 2048 1764 2112 abditis

437 2135 566 2200 sedibus
587 2138 721 2201 evadere
739 2140 772 2201 in
792 2137 869 2200 haec
885 2137 969 2211 loca,
992 2156 1073 2220 quae
1088 2156 1147 2199 nos
1162 2135 1342 2208 incolimus,
1364 2144 1460 2218 atque
1475 2138 1561 2200 exire
1577 2142 1763 2223 potuissent,

398 2241 507 2294 locum
529 2240 660 2313 repente
682 2241 795 2295 terram
819 2237 851 2294 et
866 2232 963 2294 maria
977 2231 1163 2314 caelumque
1178 2228 1347 2302 vidissent,
1369 2229 1498 2292 nubium
1513 2234 1763 2315 magnitudinem

436 2330 662 2407 ventorumque
678 2326 742 2388 vim
758 2326 981 2408 cognovissent
995 2325 1258 2407 aspexissentque
1274 2323 1388 2397 solem,
1409 2323 1541 2409 eiusque
1557 2348 1625 2391 cum
1642 2331 1763 2413 magui·

436 2416 578 2480 tudinem
600 2419 944 2502 pulchritudinemque,
971 2420 1154 2482 tumeliam
1182 2415 1383 2480 efficientiam
1406 2421 1646 2500 cognovissent,
1675 2422 1763 2506 quotl

435 2510 464 2573 is
485 2509 568 2573 diem
592 2509 731 2576 efficeret
751 2521 818 2578 toto
840 2513 927 2576 caelo
946 2514 1016 2576 luce
1038 2511 1166 2585 diffusa,
1189 2530 1259 2572 cum
1275 2521 1379 2574 autem
1395 2520 1494 2574 terras
1509 2533 1572 2577 nox
1588 2525 1763 2597 opacasset,

436 2612 503 2666 tum
526 2605 648 2667 caelum
671 2614 770 2670 totum
786 2615 951 2671 cernerent
972 2606 1064 2669 astris
1080 2606 1261 2668 distinctum
1278 2612 1308 2667 et
1323 2613 1468 2669 ornatum
1490 2607 1650 2692 lunaeque
1672 2611 1764 2676 lumi-

400 2711 513 2760 tonum
528 2700 711 2763 varietatem
728 2709 793 2763 tum
809 2701 992 2773 crescentis,
1016 2708 1082 2763 tum
1099 2700 1306 2773 senescentis,
1329 2720 1502 2783 eorumque
1518 2704 1660 2767 omnium
1675 2712 1763 2769 ortus

438 2800 471 2856 et
492 2813 623 2857 occasus
645 2802 742 2880 atque
765 2795 904 2859 inomni
927 2796 1112 2858 aeternitate
1133 2801 1216 2857 ratos
1239 2794 1505 2878 inmutabilesque
1527 2817 1660 2860 cursusz
1682 2820 1764 2882 quae

437 2907 510 2951 cum
531 2887 692 2964 viderent,
720 2889 863 2973 prolecto
886 2897 917 2952 et
938 2909 1008 2952 esse
1030 2890 1108 2952 deos
1138 2896 1169 2951 et
1195 2888 1275 2950 haec
1303 2895 1386 2950 tanta
1416 2909 1512 2972 opera
1541 2890 1671 2954 deorum
1694 2912 1765 2957 esse

438 2981 691 3045 arbitrarentur.»
722 2984 898 3047 XXXVIII.
913 2980 964 3044 96.
978 2984 1081 3065 Atque
1097 2983 1173 3045 haec
1189 2981 1318 3065 quidem
1333 2982 1396 3044 ille.
1419 2984 1483 3045 Nos
1498 2992 1603 3048 autem
1619 2987 1765 3050 tenebras

438 3075 613 3158 cogitemus
635 3085 754 3151 tantas,
777 3086 912 3162 quantae
928 3076 1089 3161 quondam
1112 3076 1280 3158 eruptione
1296 3078 1507 3138 Aetnaeorum
1530 3077 1650 3160 ignium
1673 3075 1765 3155 finiti,

399 3183 505 3232 aonias
527 3172 673 3252 regiones
696 3173 914 3235 obscuravisse
936 3173 1092 3244 dicuntur,
1115 3180 1149 3234 ut
1168 3190 1224 3252 per
1238 3170 1369 3232 biduum
1384 3190 1478 3233 nemo
1493 3171 1653 3235 hominem
1669 3173 1765 3237 homo

438 3272 639 3345 agnosceret,
668 3285 739 3328 cum
770 3274 874 3329 autem
904 3267 996 3329 tertio
1027 3266 1077 3327 die
1101 3264 1146 3328 sol
1170 3264 1354 3335 inluxisset,
1380 3270 1446 3327 turn
1468 3272 1504 3327 ut
1526 3265 1681 3343 revixisse
1703 3266 1764 3329 sibi
1833 3284 1839 3298 ·

438 3358 628 3421 viderentur.
663 3358 756 3433 Quod
779 3360 806 3422 si
828 3359 888 3422 hoc
909 3360 993 3421 idem
1014 3377 1054 3421 ex
1069 3358 1206 3420 aeternis
1221 3353 1360 3418 tenebris
1376 3358 1588 3439 contingeret,
1612 3367 1648 3421 ut
1662 3360 1765 3423 subito

437 3453 541 3516 lucem
568 3453 797 3535 aspiceremus,
829 3473 984 3537 quaenam
1013 3454 1135 3535 species
1166 3451 1243 3513 caeli
1272 3451 1455 3513 videretur?
1489 3452 1550 3515 Sed
1573 3453 1765 3517 adsiduitate

437 3545 596 3610 cotidiana
623 3553 655 3610 et
676 3548 906 3610 consuetudine
929 3548 1092 3610 oculorum
1115 3545 1307 3609 adsuescunt
1327 3544 1423 3607 animi
1445 3565 1549 3629 neque
1571 3548 1766 3610 admirantur

400 3650 541 3722 ”neque
567 3641 733 3722 requirunt
761 3642 897 3704 rationes
929 3661 1034 3704 earum
1065 3659 1186 3713 rerum,
1216 3660 1296 3722 quas
1324 3660 1451 3722 semper
1471 3642 1595 3716 vident,
1629 3642 1765 3726 proinde

439 3734 532 3817 quasi
554 3735 677 3796 novitas
699 3755 758 3797 nos
781 3735 880 3816 magis
902 3755 996 3818 quarn
1020 3733 1200 3819 magnitudo
1228 3752 1331 3795 rerum
1354 3735 1466 3797 debeat
1488 3736 1528 3797 ad
1550 3735 1765 3819 exquirendas

438 3846 549 3890 causas
579 3828 727 3890 excitare.
769 3826 819 3891 97.
843 3828 923 3903 Quis
946 3828 1030 3890 enim
1058 3828 1142 3889 hunc
1164 3827 1324 3889 homiuem
1348 3827 1478 3902 dixerit,
1507 3829 1578 3912 qui,
1607 3850 1678 3892 cum
1702 3838 1764 3894 tam

439 3928 541 3984 certos
570 3921 649 3983 caeli
678 3929 797 3995 motus,
824 3929 886 3984 tam
915 3931 1001 3985 ratos
1023 3931 1176 3984 astrorum
1200 3920 1328 3983 ordines
1350 3929 1477 4005 tamque
1498 3924 1580 3986 inter
1600 3943 1635 3985 se
1658 3925 1766 3987 omnia

440 4034 561 4077 conexa
583 4022 615 4078 et
635 4024 708 4097 apta
730 4016 858 4089 viderit,
890 4023 983 4097 neget
1011 4017 1043 4078 in
1072 4016 1122 4077 his
1144 4015 1240 4076 ullam
1264 4015 1367 4078 inesse
1390 4018 1543 4079 rationem
1566 4036 1667 4099 eaque
1690 4036 1766 4079 casn

402 4105 507 4172 nfieri
531 4108 628 4183 dicat,
656 4130 736 4192 quae
760 4118 877 4193 quanto
900 4110 1030 4173 consilio
1060 4118 1209 4191 gerantur
1231 4109 1317 4170 nullu
1340 4110 1475 4172 consilio
1498 4110 1630 4192 adsequi
1653 4131 1766 4192 possu-

440 4206 536 4267 musl
568 4206 616 4264 An
639 4225 709 4266 curn
733 4205 963 4267 machinatione
984 4205 1119 4287 quadarn
1143 4204 1260 4265 moveri
1283 4203 1402 4284 aliquid
1421 4203 1578 4277 videmus,
1602 4213 1637 4266 ut
1652 4204 1766 4285 sphae-

440 4318 522 4370 ram,
549 4304 585 4358 ut
614 4297 723 4370 horas,
753 4305 787 4360 ut
813 4299 875 4361 alia
905 4299 1077 4380 permulta,
1107 4318 1169 4360 non
1198 4296 1377 4358 dubitamus
1400 4297 1477 4376 quin
1507 4297 1562 4359 illa
1584 4318 1681 4379 opera
1704 4299 1765 4360 siut

438 4391 588 4454 rationis:
612 4412 682 4455 curn
704 4402 808 4455 autem
832 4393 984 4473 impetum
1007 4392 1085 4454 caeli
1102 4412 1173 4452 cum
1188 4389 1365 4452 admirabili
1382 4391 1542 4452 celeritate
1559 4391 1678 4453 moveri
1694 4411 1765 4453 ver·

440 4729 495 4779 Scr.
518 4740 583 4790 quoe
603 4732 661 4775 sunt
679 4728 761 4776 minue
783 4740 901 4788 operoso,
927 4731 951 4774 ct
973 4726 1050 4774 mirlto
1072 4725 1171 4787 quidem
1194 4725 1258 4788 (auos
1279 4727 1376 4775 mindcr
1394 4725 1489 4774 schwer
1505 4732 1536 4774 est
1552 4727 1604 4774 und
1621 4740 1694 4775 zwar
1709 4728 1768 4777 weit

438 4804 555 4866 minder).
572 4802 689 4862 foediora
707 4801 825 4850 additum
843 4800 877 4849 nb
895 4800 997 4861 aliquo,
1017 4803 1060 4863 qni
1080 4815 1131 4850 non
1151 4801 1313 4850 intellexerat
1330 4807 1352 4849 et
1369 4802 1446 4849 multo
1464 4803 1564 4861 quidem
1582 4805 1715 4866 pertinere
1733 4802 1767 4853 ad

438 4878 521 4926 minus
537 4890 649 4937 operoso.
675 4876 713 4926 ct.
733 4875 766 4924 ad
785 4878 793 4924 l
812 4876 826 4938 5
844 4877 884 4924 il.
904 4877 1016 4931 blxnvrc,
1036 4889 1090 4937 quo
1109 4880 1216 4925 auctore
1233 4879 1351 4938 fociltoro
1368 4876 1534 4926 seclusimus.
1557 4905 1582 4913 -
1602 4880 1682 4927 multo
1700 4880 1718 4928 B
1739 4902 1764 4915 -

440 4953 464 5000 t.
482 4953 607 5013 effuttmnt
623 4954 658 5005 x:
677 4953 783 5015 effits'unt
799 4965 866 5000 corr.
887 4953 912 5000 in
930 4953 1054 5013 effuttinnt
1067 4953 1104 4999 B:
1123 4953 1232 5015 effic-tunt
1250 4953 1268 5001 E
1284 4981 1309 4989 -
1328 4954 1352 5001 5.
1366 4954 1403 5000 hie
1419 4950 1441 5003 ‘ll
1457 4978 1483 4986 -
1503 4951 1649 5002 habundant
1665 4955 1703 5010 133
1721 4954 1768 5002 bo·

440 5025 534 5074 hundot
551 5027 599 5074 CE
617 5027 651 5088 (in
671 5028 690 5076 C
709 5039 841 5089 superscr.
861 5041 877 5073 n
895 5028 954 5073 ante
973 5027 990 5085 t)
1011 5053 1037 5060 -
1057 5026 1080 5074 6.
1100 5027 1125 5073 bi
1141 5028 1191 5075 XC
1204 5027 1253 5075 liV
1273 5053 1298 5061 -
1319 5028 1342 5075 o.
1362 5027 1476 5075 sedilibus
1494 5028 1512 5075 C
1530 5055 1554 5062 -
1570 5030 1609 5077 to.
1628 5029 1768 5088 reptenteh

443 5127 469 5136 -
489 5107 558 5149 terre
576 5102 595 5150 C
616 5127 642 5136 -
661 5101 763 5148 nubium
776 5102 991 5162 --cognorr'sscnt
1008 5114 1061 5149 oux.
1082 5103 1101 5150 C
1123 5129 1147 5136 -
1173 5102 1210 5149 ll.
1231 5116 1287 5149 cum
1304 5102 1431 5150 ARCV:
1458 5108 1509 5148 tum
1527 5102 1576 5151 EO
1597 5130 1622 5139 —
1644 5104 1683 5151 ld.
1704 5103 1770 5162 quod

440 5177 477 5226 br‘s
494 5178 543 5227 ΟΕ
562 5178 600 5237 (in
619 5177 638 5224 C
657 5173 703 5224 litt.
721 5176 737 5224 b
755 5174 863 5236 deleta);
883 5176 948 5235 quod
965 5174 1003 5221 dis
1021 5175 1138 5235 (altered
1157 5175 1284 5233 deletatV
1305 5205 1330 5212 -
1352 5176 1390 5224 tl.
1410 5183 1462 5225 tum
1480 5178 1574 5226 CEV:
1594 5191 1651 5226 cum
1669 5179 1719 5227 ab
1739 5204 1767 5214 -

442 5256 481 5303 te.
500 5260 553 5302 tum
569 5253 697 5300 crescentis
708 5265 761 5301 om.
777 5253 795 5300 C
817 5278 842 5285 „
862 5252 1018 5309 siderumque
1036 5251 1175 5300 llotlrnann
1188 5253 1311 5314 (Zoitsclsr.
1325 5253 1343 5312 s.
1357 5254 1381 5301 d,
1397 5253 1575 5312 Gymnasiulw.
1589 5253 1642 5300 VIII
1661 5265 1687 5314 p.
1701 5253 1767 5312 704).

443 5355 472 5365 -
492 5329 531 5377 lti.
551 5340 687 5389 quaecum
703 5327 814 5374 obducet
831 5327 893 5387 cet]
913 5325 1109 5375 «anacoluthon
1129 5328 1179 5376 hoc
1198 5340 1306 5389 prorsus
1324 5341 1338 5374 a
1357 5329 1491 5376 Ciceronis
1510 5330 1535 5376 in
1548 5341 1580 5376 eo
1593 5341 1690 5386 genere
1703 5342 1770 5377 con·

441 5402 582 5453 suetudine
604 5400 716 5451 discedit
739 5401 848 5450 relativo
870 5402 965 5463 posito,
991 5402 1035 5450 ubi
1058 5404 1152 5451 Cicero
1174 5405 1320 5451 orationem
1345 5401 1445 5463 longius
1464 5404 1546 5453 tusam
1565 5402 1714 5465 collegisset
1731 5405 1770 5454 sic

442 5477 514 5529 lero:
536 5503 562 5515 -
581 5477 655 5525 boec
672 5476 718 5539 [stc
736 5477 813 5525 codd.
833 5476 931 5539 aliquot
950 5478 1013 5525 dett.
1033 5481 1060 5526 ot
1077 5477 1149 5526 editt.
1171 5477 1244 5540 vett]
1263 5491 1319 5525 cum
1336 5478 1457 5537 viderant¹
1474 5479 1584 5540 profecto
1597 5482 1648 5528 cet.
1669 5480 1770 5529 Vereor

442 5568 476 5604 ne
494 5554 588 5604 CIcero
608 5554 763 5616 scripserIt:
788 5567 921 5614 corumque
944 5553 1053 5601 omnium
1075 5544 1184 5600 ortus'et
1201 5566 1304 5600 occasus
1321 5558 1394 5611 atoue
1411 5554 1437 5600 tn
1454 5555 1520 5600 omni
1538 5555 1685 5604 aeternitate
1700 5560 1770 5602 ratos

440 5628 647 5688 inmutabilesque
663 5643 751 5678 cursu
766 5643 823 5677 crem
838 5630 964 5686 uiderent,
980 5629 1091 5689 profecto
1110 5629 1172 5684 cel..
1191 5625 1296 5675 sublato
1311 5640 1399 5687 quoae
1419 5629 1526 5675 hlxnvto.
1544 5656 1570 5664 -
1591 5629 1630 5677 49.
1651 5630 1769 5678 aethnae-

443 5717 515 5752 orum
532 5702 568 5762 V,
591 5704 751 5752 etbnneorum
769 5706 804 5758 X,
828 5704 988 5751 cethaeorum
1005 5704 1041 5756 C.
1065 5703 1207 5750 ethaeorum
1225 5704 1243 5751 l:
1264 5727 1290 5738 -
1315 5702 1355 5751 bl.
1375 5703 1522 5750 admoneant
1539 5716 1607 5751 corr.
1628 5717 1660 5753 ex
1677 5703 1769 5751 adsue-

442 5784 511 5827 scont
528 5780 548 5827 at
568 5804 595 5812 -
615 5780 654 5827 25.
671 5779 776 5840 proinde
793 5778 933 5839 (superscr.
952 5779 1004 5838 per)
1025 5777 1044 5822 V
1065 5804 1091 5812 -
1117 5779 1156 5825 st.
1176 5779 1230 5838 qun
1251 5779 1364 5826 enimn
1377 5779 1419 5837 qui
1436 5782 1488 5826 tom
1504 5784 1583 5827 certos
1598 5780 1661 5828 coeli
1677 5784 1767 5839 motus,

444 5860 496 5903 tom
511 5860 590 5903 status
605 5861 732 5903 astrorum
749 5856 835 5903 ordine
857 5863 1002 5913 eumenen
1015 5858 1084 5916 neget
1106 5854 1143 5902 ln's
1154 5879 1190 5889 --
1202 5857 1324 5904 rationem
1342 5856 1440 5904 Nonius
1457 5867 1482 5916 p.
1497 5854 1553 5903 235.
1576 5882 1602 5891 -
1622 5855 1662 5904 3³.
1681 5855 1768 5904 rebm-

444 5934 494 5980 tote
509 5931 605 5980 mouere·
621 5932 734 5993 uertique
751 5929 776 5980 in
793 5941 886 5979 rasura
904 5932 932 5979 a.
