4342 7459
716 1382 718 1386 Ι
754 1288 822 1352 m.
843 1287 883 1351 u.
911 1286 985 1351 cn.
1006 1289 1138 1354 v-vr.
1166 1287 1212 1373 gg
1235 1284 1382 1353 u-to.
1671 1279 1727 1352 tot

407 1460 463 1545 qui
492 1461 687 1543 torqueatur.
732 1460 780 1521 Tu
808 1464 913 1521 autem
943 1458 1027 1521 inter
1055 1459 1134 1523 haec
1164 1466 1279 1524 tantam
1308 1460 1541 1525 multitudinem
1567 1460 1733 1525 hominum

407 1555 606 1619 interiectam
628 1572 692 1616 non
714 1553 803 1617 vides
825 1573 885 1616 nec
907 1552 1091 1616 laetantium
1112 1573 1171 1617 nec
1193 1554 1390 1619 dolentium‘l
1430 1551 1480 1618 ll.
1501 1558 1574 1619 Non
1593 1575 1734 1640 prorsus,

407 1648 530 1732 inquit,
560 1648 745 1731 omnisque,
779 1648 834 1732 qui
864 1647 932 1710 sine
961 1646 1071 1709 dolore
1102 1648 1180 1722 sint,
1213 1647 1248 1709 in
1276 1649 1454 1732 voluptate,
1488 1657 1520 1713 et
1544 1669 1583 1712 ea
1604 1648 1734 1733 quidem

409 1761 549 1816 summe,
578 1761 649 1805 esse
678 1741 759 1805 dico.
802 1744 886 1824 Ergo
915 1742 949 1804 in
978 1740 1089 1805 eadem
1100 1741 1273 1824 ‚voluptate
1297 1763 1385 1816 eum,
1413 1744 1470 1828 qui
1492 1743 1583 1807 alteri
1605 1742 1735 1806 misceat

409 1837 546 1901 mulsum
567 1837 637 1919 ipae
659 1856 725 1899 non
748 1836 876 1910 sitiens,
898 1843 1039 1911 etcum,
1062 1835 1118 1918 qui
1139 1834 1220 1898 illud
1240 1836 1352 1900 sitiens
1372 1837 1480 1900 hihat‘l
1743 1855 1759 1903 t

493 1931 547 1994 vt.
568 1931 650 1994 Tum
672 1930 742 2004 ille,
764 1930 889 2004 Finem,
912 1930 1032 2013 inquit,
1052 1930 1284 2012 interrogandi,
1307 1930 1334 1994 si
1348 1931 1482 2006 videtur,
1503 1930 1590 2015 quod
1605 1931 1736 2015 quidem

409 2047 468 2110 ego
490 2045 509 2089 a
530 2024 690 2108 principio
713 2025 758 2086 ita
780 2045 830 2087 me
852 2023 946 2087 malle
970 2023 1129 2098 dixeram,
1150 2023 1211 2087 hoo
1231 2024 1334 2107 ipsum
1352 2024 1533 2107 providens,
1554 2025 1736 2089 dialecticas

409 2122 580 2205 captiones.
617 2118 786 2182 llhetoriee
809 2118 917 2200 igitur,
946 2117 1094 2201 inquam,
1124 2137 1184 2180 nos
1207 2120 1305 2181 maris
1327 2138 1420 2201 quam
1444 2117 1606 2183 dialectice
1627 2120 1737 2202 dispu-

409 2218 499 2280 tare?
538 2213 639 2290 Quasi
667 2232 761 2287 vero,
791 2211 910 2295 inquit,
932 2219 1083 2295 perpetua
1106 2212 1208 2274 oratio
1230 2212 1390 2275 rhetorum
1412 2211 1533 2289 solum,
1554 2234 1620 2277 non
1642 2215 1736 2277 etiam

410 2308 670 2396 philosophorum
700 2307 752 2370 sit.
795 2307 933 2368 Zenonis
955 2316 1020 2380 est,
1049 2306 1197 2389 inquam,
1227 2306 1289 2369 hoo
1307 2306 1428 2369 'Stoicis
1456 2325 1582 2370 omnem
1603 2306 1667 2368 rim
1689 2306 1774 2369 lo-to

409 2403 544 2489 quendi,
573 2399 692 2464 utiam
715 2408 789 2464 ante
810 2400 1012 2476 Aristoteles,
1043 2400 1075 2462 in
1098 2399 1176 2463 duas
1198 2400 1346 2464 trihutam
1367 2419 1438 2463 esse
1459 2408 1581 2485 partes,
1602 2398 1738 2470 rhetori·

410 2518 478 2562 ean
500 2496 640 2579 palmae,
664 2495 860 2558 dialecticam
882 2494 979 2576 pugni
1003 2495 1139 2558 similem
1162 2514 1232 2558 esse
1256 2494 1394 2569 dicebat,
1417 2494 1502 2579 quod
1517 2494 1612 2558 latius
1627 2492 1738 2576 loque-

410 2599 520 2655 rentur
541 2588 705 2663 rhetores,
727 2588 883 2650 dialectici
904 2596 1010 2649 autem
1033 2590 1253 2672 compressius.
1290 2588 1456 2671 Ohsequar
1475 2588 1571 2670 igitur
1583 2586 1738 2652 voluntati

409 2694 483 2750 tuae
505 2684 686 2765 dicamque,
713 2682 740 2744 si
769 2688 898 2763 potero,
927 2680 1101 2756 rhetorice,
1129 2682 1184 2744 sed
1207 2683 1266 2745 hae
1287 2682 1445 2746 rhetorica
1465 2681 1739 2766 philosophorum,

410 2798 475 2844 non
502 2783 611 2841 nostra
644 2775 699 2839 illa
729 2775 866 2849 forensi,
898 2794 990 2856 quam
1021 2784 1152 2838 necesse
1178 2782 1240 2850 est,
1272 2796 1342 2840 cum
1364 2776 1561 2859 populariter
1581 2776 1738 2859 loquatur,
1748 2789 1776 2836 tt

411 2894 482 2939 esse
508 2869 669 2935 interdum
696 2869 793 2953 paulo
821 2868 1026 2931 hebetiorem.
1069 2864 1121 2930 l8.
1144 2869 1206 2932 Sed
1229 2869 1303 2933 dum
1327 2869 1538 2943 dialecticam,
1568 2870 1739 2951 Torquate,

411 2966 585 3035 contemnit
607 2964 780 3049 Epicurus,
802 2982 885 3046 quae
907 2982 970 3026 una
993 2964 1134 3025 eontinet
1155 2983 1279 3026 omnem
1303 2971 1335 3025 et
1355 2960 1584 3046 perspiciendi,
1607 2961 1684 3044 quid
1705 2962 1739 3022 in

413 3081 544 3148 quaque
566 3080 601 3122 re
623 3058 679 3132 sit,
702 3057 866 3121 scientiam
890 3064 922 3118 et
943 3054 1120 3130 iudicandi,
1145 3057 1241 3140 quale
1262 3057 1304 3119 sit
1325 3056 1485 3140 quidque,
1507 3063 1539 3119 et
1559 3056 1681 3118 ratione
1702 3073 1739 3117 ac

410 3158 461 3220 sia
483 3151 684 3238 disputandi,
707 3151 772 3213 ruit
792 3151 826 3211 in
849 3149 1001 3225 dicendo,
1031 3157 1066 3212 ut
1088 3149 1165 3212 mihi
1188 3150 1314 3234 quidem
1337 3150 1477 3225 ridetur,
1501 3168 1559 3212 nec
1580 3167 1634 3222 ea,
1657 3166 1739 3231 quae

411 3250 527 3314 docere
549 3246 634 3320 vult,
657 3243 723 3308 ulla
743 3251 811 3306 arte
830 3244 1011 3327 distinguit,
1034 3251 1070 3306 ut
1090 3244 1168 3308 haec
1189 3245 1276 3327 ipsa,
1298 3263 1381 3327 quae
1403 3244 1498 3307 modo
1519 3242 1778 3327 loquebamur.ro

413 3345 579 3408 Summum
602 3360 621 3403 a
641 3338 732 3402 vohis
754 3338 873 3401 honum
895 3337 1042 3422 voluptas
1064 3338 1190 3402 dicitur.
1233 3337 1447 3422 Aperiendum
1469 3347 1518 3402 est
1534 3336 1640 3419 igitur,
1663 3336 1740 3420 quid

412 3438 454 3503 sit
473 3435 638 3519 voluptas3
669 3432 761 3495 aliter
782 3432 868 3495 enim
890 3430 1042 3514 explicari
1070 3431 1158 3516 quod
1186 3432 1349 3516 quaeritur
1383 3452 1448 3495 non
1476 3438 1592 3516 potest.
1637 3429 1740 3505 Quam

412 3531 439 3594 si
462 3527 701 3611 explicavisset,
723 3546 788 3589 non
809 3532 873 3589 tam
894 3524 1082 3589 haesitaret:
1105 3533 1159 3590 aut
1180 3526 1263 3590 enim
1284 3547 1355 3590 eam
1375 3527 1570 3612 voluptatem
1591 3532 1740 3599 tueretur,

414 3643 512 3709 quam
532 3621 729 3702 Aristippus,
753 3618 785 3681 id
809 3627 872 3693 est,
895 3640 958 3704 qua
980 3641 1093 3683 sensus
1115 3620 1251 3684 dulciter
1268 3642 1305 3685 ac
1318 3622 1456 3685 iucunde
1471 3627 1623 3696 moretur,
1646 3639 1741 3704 quam

413 3717 509 3781 etiam
530 3714 686 3799 pecudes,
715 3714 742 3777 si
764 3714 852 3797 loqui
875 3722 1021 3797 possent,
1051 3715 1249 3799 appellarent
1270 3715 1478 3800 voluptatem,
1501 3721 1570 3790 aut,
1592 3713 1619 3778 si
1641 3715 1779 3798 mugisse

412 3812 553 3895 placeret
574 3829 632 3873 suo
654 3829 741 3873 more
763 3807 851 3891 loqui
874 3828 969 3891 quam
990 3817 1026 3872 ut

689 3902 834 3965 Omnes
855 3903 977 3966 Danai
999 3912 1123 3988 atque
1144 3906 1425 3988 Mycenenses,
1545 3929 1553 3947 ·

688 3998 826 4060 Attica
847 3995 991 4079 pultes,
1012 4030 1054 4044 -

412 4095 593 4179 reliquique
619 4092 746 4165 Graeci,
775 4093 829 4175 qui
858 4092 919 4153 hoc
948 4100 1119 4175 anapaesto
1148 4094 1299 4168 citantur,
1327 4092 1389 4156 hoo
1416 4112 1480 4155 non
1502 4092 1609 4156 dolere
1637 4092 1741 4156 solum

413 4188 586 4271 voluptatis
618 4186 745 4249 nomine
777 4184 967 4268 appellaret,
996 4186 1076 4249 illud
1106 4189 1320 4271 Aristippeum
1342 4194 1579 4261 contemneret,
1612 4194 1682 4263 aut,
1715 4187 1780 4250 siao

413 4294 585 4366 utrumque
606 4279 772 4364 probaret,
803 4287 838 4342 ut
860 4280 986 4362 prohat,
1016 4282 1221 4363 coniungeret
1242 4280 1360 4344 doloris
1383 4280 1571 4344 vacuitatem
1593 4300 1664 4344 cum
1686 4300 1743 4344 vo·

413 4378 534 4459 luptate
557 4382 588 4436 et
611 4372 735 4435 duobus
757 4373 876 4435 ultimis
899 4380 1049 4436 uteretur.
1094 4369 1144 4436 t9.
1167 4376 1258 4438 Multi
1280 4376 1364 4438 euim
1387 4383 1419 4437 et
1436 4375 1541 4456 magni
1560 4374 1741 4459 philosophi

413 4470 492 4533 haec
514 4467 800 4531 ultimabonorum
832 4468 940 4530 iuncta
962 4467 1118 4544 lecerunt,
1147 4478 1183 4532 ut
1203 4469 1389 4533 Aristoteles
1411 4468 1535 4531 virtutis
1557 4489 1649 4532 usum
1672 4489 1742 4533 cum

413 4565 496 4627 vitae
519 4561 677 4646 perfectae
700 4562 910 4644 prosperitate
933 4562 1115 4637 coniunxit,
1140 4562 1284 4645 Callipho
1314 4562 1461 4626 adiunxit
1482 4561 1522 4626 ad
1544 4562 1742 4626 honestatem

414 4655 627 4738 voluptatem,
649 4655 809 4718 Diodorus
832 4654 871 4717 ad
895 4653 1028 4717 eandem
1050 4657 1248 4719 honestatem
1271 4657 1392 4720 addidit
1410 4658 1597 4720 vacuitatem
1613 4655 1781 4721 dolorisan

415 4750 502 4812 ldem
530 4746 659 4812 iecisset
679 4750 850 4832 Epicurus,
879 4749 906 4812 si
929 4752 1117 4813 sententiam
1139 4750 1238 4825 hanc,
1268 4771 1351 4834 quae
1372 4771 1458 4813 nunc
1479 4750 1664 4833 Hieronymi
1686 4758 1743 4823 est,

417 4845 632 4907 coniunxisset
661 4864 730 4906 cum
752 4844 904 4926 Aristippi
932 4852 1039 4906 vetere
1069 4847 1236 4907 sententia.
1278 4845 1328 4907 llli
1352 4845 1436 4908 enim
1459 4846 1544 4907 iuter
1564 4863 1599 4906 se
1621 4844 1744 4906 dissen-

417 4939 515 5012 tiunt;
537 4945 707 5021 propterea
729 4939 861 5020 singulis
884 4935 999 5000 finibus
1022 4946 1154 5002 utuntur
1175 4946 1220 5012 et,
1244 4960 1314 5001 oum
1334 4946 1468 5021 uterque
1484 4937 1602 5001 Graece
1618 4938 1744 5021 egregie

416 5031 580 5114 loquatur,
613 5052 673 5094 neo
704 5033 902 5115 Aristippus,
935 5032 991 5115 qui
1022 5033 1216 5116 voluptatem
1250 5053 1405 5096 summum
1440 5032 1558 5095 honum
1587 5031 1676 5104 dicit,
1709 5033 1742 5093 in

418 5128 579 5209 voluptate
608 5127 699 5209 ponit
729 5148 792 5190 non
820 5127 946 5201 dolere,
976 5146 1080 5210 neque
1111 5128 1339 5211 Hieronymus,
1369 5126 1425 5209 qui
1447 5145 1603 5190 summum
1625 5125 1781 5194 honumrp

480 5474 506 5524 Ξ.
524 5473 680 5523 interiectam
696 5476 730 5523 A:
749 5473 923 5538 [interiectam]
942 5474 979 5531 At;
999 5474 1083 5523 omss
1100 5499 1124 5509 -
1146 5471 1169 5522 3.
1189 5472 1295 5536 quidem]
1313 5484 1389 5533 qaum
1405 5472 1425 5521 B
1440 5498 1467 5507 —
1486 5470 1510 5522 l.
1529 5483 1588 5522 esse.
1606 5472 1669 5522 Dico
1685 5485 1745 5536 erpo

421 5551 465 5600 AB
486 5577 512 5586 -
533 5550 557 5599 6.
576 5550 755 5613 interrogastis
771 5551 792 5598 si
809 5551 854 5608 A¹;
874 5549 1045 5612 interrogandi
1061 5550 1103 5609 soe
1119 5549 1140 5597 st
1157 5549 1188 5598 A²
1207 5574 1234 5584 -
1258 5549 1282 5597 7.
1301 5547 1385 5610 molle]
1401 5547 1466 5596 molo
1482 5544 1513 5597 A¹
1532 5574 1560 5584 -
1578 5547 1602 5597 8.
1620 5548 1746 5610 captiones

420 5639 471 5675 om.
486 5627 504 5675 ll
520 5652 546 5661 -
566 5624 679 5689 inquom]
696 5626 777 5686 inquit
794 5622 823 5674 A¹
844 5651 870 5660 -
891 5627 931 5674 tt.
951 5624 1083 5672 aristotiles
1100 5625 1165 5681 AB;
1185 5624 1248 5673 item
1265 5636 1290 5674 v.
1304 5624 1344 5672 33.
1364 5648 1391 5658 -
1412 5623 1452 5672 ts.
1467 5622 1548 5685 popul
1565 5621 1598 5671 E:
1614 5623 1706 5686 pugnis
1723 5625 1744 5673 A

422 5704 469 5752 llD
488 5727 515 5737 -
537 5701 577 5751 ⁴3.
595 5703 763 5762 cosnpreasius
780 5699 810 5751 A'
830 5727 856 5736 -
877 5700 916 5749 l8.
934 5700 966 5749 sit
983 5700 1089 5761 quidque
1106 5703 1141 5749 A:
1161 5699 1267 5759 quidque
1283 5699 1315 5747 sit
1331 5698 1413 5747 utto
1427 5722 1453 5733 —
1474 5697 1513 5745 t9.
1533 5698 1639 5746 docendo
1656 5698 1743 5759 Blalsel

423 5778 447 5827 in
464 5779 594 5828 ltuemos.
613 5776 648 5835 ll,
667 5790 693 5839 p.
707 5774 764 5825 ita.
779 5802 806 5812 -
827 5775 867 5824 ⁶20.
886 5776 969 5824 doceri
986 5776 1007 5824 D
1023 5801 1048 5810 -
1067 5774 1128 5837 utto]
1146 5774 1191 5823 illo
1207 5774 1226 5822 B
1247 5799 1273 5809 -
1292 5774 1333 5822 ht.
1352 5773 1443 5822 dtcstm
1459 5784 1513 5820 om.
1530 5772 1548 5819 B
1563 5798 1589 5807 -
1609 5771 1651 5821 27.
1670 5777 1746 5831 atque

424 5852 579 5902 Lambinus:
598 5855 643 5900 aut
655 5851 703 5900 ΑΒ
715 5852 733 5900 E
747 5874 774 5885 -
793 5851 834 5900 28.
848 5851 936 5913 Attico]
950 5855 994 5898 out
1011 5849 1094 5898 urtica
1110 5850 1145 5903 Β;
1163 5854 1191 5897 ut
1207 5849 1289 5898 artico
1301 5849 1320 5898 Ε
1333 5873 1360 5883 -
1380 5848 1419 5897 30.
1433 5846 1560 5909 appellunt
1575 5846 1595 5896 B
1608 5872 1635 5882 -
1656 5847 1695 5898 at.
1709 5848 1746 5911 ut}

424 5933 466 5977 ost
482 5927 530 5978 AB
549 5951 578 5963 -
603 5926 643 5976 ³2.
662 5927 727 5975 caim
744 5924 774 5989 et]
792 5925 910 5974 emonii
931 5952 957 5960 —
977 5924 1018 5974 33.
1036 5926 1135 5974 uirtutis
1150 5926 1213 5975 AB:
1233 5925 1276 5985 qai
1291 5924 1391 5972 virtutis
1407 5923 1427 5973 0
1446 5949 1473 5959 -
1492 5923 1573 5984 mam]
1590 5922 1679 5972 warni
1696 5923 1744 5973 BE

427 6026 452 6037 -
470 6001 510 6053 dl.
529 6001 641 6065 compto
657 6003 722 6053 AB:
742 6002 869 6067 Calliphoa
887 6002 907 6050 0
928 6024 954 6037 ··
973 6000 1088 6066 compto
1104 5999 1123 6049 B
1144 6026 1171 6037 —
1189 5999 1230 6050 39.
1248 5996 1300 6064 aee]
1317 5998 1360 6050 heo
1376 5999 1406 6048 B.
