4342 7459
752 1271 819 1335 Lm.
840 1271 865 1337 1.
892 1271 966 1335 Cur.
987 1272 1144 1334 lx-xl.
1173 1267 1220 1353 §S
1243 1269 1389 1337 lr-ua.
1667 1258 1729 1333 2⁴5

407 1438 521 1494 natura
543 1450 691 1495 maxuma
712 1439 805 1494 esset
835 1432 912 1495 liius
934 1433 1046 1496 doctor
1071 1433 1158 1496 Plato
1181 1432 1336 1514 triplicem
1357 1405 1451 1495 flixit
1471 1433 1620 1505 animum,
1641 1434 1730 1494 cuius

407 1525 635 1609 principatum,
664 1525 697 1587 id
725 1534 774 1589 est
799 1528 966 1600 rationem,
1000 1527 1033 1589 in
1061 1528 1165 1609 capite
1188 1528 1270 1589 sicut
1297 1526 1330 1587 in
1359 1545 1431 1588 arce
1460 1526 1568 1607 posuit
1596 1532 1629 1587 et
1652 1524 1731 1587 duas

406 1628 513 1703 partes
540 1620 569 1682 ei
598 1638 708 1701 parere
733 1620 846 1692 voluit,
879 1622 955 1683 iram
977 1629 1010 1683 et
1030 1620 1254 1702 cupiditatem,
1276 1639 1356 1703 quas
1381 1619 1458 1681 locis
1483 1618 1567 1692 suis,
1595 1618 1675 1680 iram
1696 1617 1730 1679 in

407 1722 554 1797 pectore,
581 1713 787 1796 cupiditatem
809 1714 916 1777 subter
937 1713 1121 1798 praecordia
1142 1714 1265 1776 locarit.
1310 1708 1361 1774 il.
1387 1713 1595 1775 Dicaearchus
1626 1720 1731 1775 autem

407 1808 439 1869 in
470 1820 509 1871 eo
539 1827 701 1881 sermone,
734 1828 829 1890 quem
860 1808 998 1871 Corinthi
1031 1807 1173 1871 habitum
1202 1808 1301 1871 tribus
1328 1806 1416 1867 libris
1446 1806 1591 1888 exponit,
1624 1806 1754 1871 docto-o

408 1922 477 1964 rum
503 1902 668 1964 hominum
691 1902 916 1983 disputantium
939 1903 1039 1985 primo
1062 1901 1144 1963 libro
1166 1901 1282 1963 multos
1303 1899 1462 1981 loquentis
1490 1896 1580 1973 iacit3
1608 1898 1732 1963 duobus

408 1994 617 2057 Pherecrates
645 1994 802 2076 quendam
832 1994 1008 2058 Phthiotam
1031 2015 1156 2067 senem,
1186 2014 1280 2075 quem
1301 1993 1345 2056 ait
1366 2013 1384 2056 a
1405 1993 1596 2057 Deucalione
1618 2002 1732 2067 ortum,

409 2088 614 2151 disserentem
637 2087 769 2161 inducit,
792 2088 871 2150 nihil
893 2108 962 2151 esse
984 2090 1112 2151 omnino
1133 2089 1272 2150 animum
1293 2095 1324 2148 et
1345 2086 1406 2148 hoc
1420 2106 1489 2148 esse
1504 2106 1618 2150 nomen
1632 2094 1732 2150 totum

409 2183 502 2245 inane
524 2181 705 2264 frustraque
727 2182 874 2245 animalia
897 2190 928 2244 et
943 2183 1110 2245 animantis
1125 2181 1295 2265 appellari,
1318 2200 1422 2262 neque
1437 2180 1469 2241 in
1484 2180 1613 2243 homine
1628 2181 1733 2243 inesse

409 2277 548 2339 animum
571 2274 622 2336 vel
644 2276 781 2337 animam
802 2296 861 2338 nec
884 2277 914 2337 iu
930 2276 1047 2349 bestia,
1071 2276 1196 2356 vimque
1212 2294 1336 2336 omnem
1351 2293 1438 2346 eam,
1461 2293 1524 2357 qua
1537 2274 1588 2337 vel
1603 2293 1733 2356 agamus
1742 2297 1771 2342 so

410 2370 484 2453 quid
509 2369 559 2431 sel
582 2369 771 2441 sentiamus,
794 2369 827 2430 in
850 2369 994 2431 omnibus
1016 2368 1201 2450 corporibus
1224 2368 1303 2430 vivis
1325 2367 1533 2449 aequabiliter
1548 2361 1734 2430 csse'iusam

411 2483 467 2526 nec
489 2462 698 2546 separabilem
720 2482 739 2524 a
761 2482 893 2544 corpore
915 2483 1001 2535 esse,
1024 2463 1143 2545 quippe
1166 2481 1247 2544 quae
1269 2459 1356 2522 nulla
1376 2461 1417 2523 sit
1435 2481 1493 2524 nec
1508 2461 1549 2523 sit
1564 2461 1733 2543 quicquam

411 2557 470 2619 nisi
502 2576 620 2638 corpus
648 2575 744 2616 unum
775 2564 806 2617 st
834 2556 985 2638 simplex,
1017 2555 1060 2616 ita
1081 2555 1267 2636 figuratum,
1301 2561 1336 2615 ut
1357 2555 1582 2638 temperatione
1603 2562 1735 2619 naturae

411 2652 516 2732 rigeat
546 2658 578 2712 et
606 2649 730 2710 sentiat.
772 2645 823 2710 22.
851 2649 1035 2711 Aristoteles
1067 2648 1160 2730 longe
1189 2649 1397 2711 omnibus-
1425 2648 1586 2711 Platonem
1613 2666 1736 2730 semper

412 2741 535 2825 excipio
560 2773 600 2785 -
621 2750 785 2823 praestans
817 2751 849 2804 et
882 2743 1009 2823 ingenio
1042 2750 1074 2805 et
1104 2742 1282 2824 diligentia,
1314 2761 1385 2804 cum
1409 2751 1556 2824 quattuor
1585 2750 1660 2805 nota
1681 2740 1773 2809 illass

412 2854 527 2918 genera
549 2833 779 2917 principiorum
801 2845 885 2897 esset
907 2835 1109 2916 complexus‘,
1135 2856 1152 2896 e
1175 2836 1289 2919 quibus
1312 2836 1418 2898 omnia
1440 2843 1621 2907 orerentur,
1643 2833 1736 2917 quin·

412 2940 474 2992 tam
503 2928 662 3012 quandam
687 2936 830 2991 naturam
860 2937 966 2991 censet
995 2949 1079 3001 esse,
1109 2948 1213 3011 equa
1234 2930 1274 2992 sit
1296 2949 1394 2991 mens.
1432 2928 1574 3009 Cogitarc
1597 2928 1681 2990 enim
1704 2936 1736 2990 et

414 3021 581 3105 providere
610 3030 642 3083 et
669 3021 788 3083 discere
817 3031 849 3084 et
878 3021 993 3083 docere
1023 3030 1054 3084 et
1083 3022 1223 3085 invenire
1252 3021 1373 3103 aliquid
1402 3028 1517 3084 ettam
1540 3020 1639 3083 multa
1660 3020 1736 3094 alia,

414 3115 613 3188 meminisse,
635 3133 754 3188 amare,
776 3116 897 3189 odisse,
919 3135 1050 3198 cupere,
1074 3115 1201 3188 timere,
1223 3115 1311 3196 angi,
1333 3113 1459 3188 laetari,
1480 3112 1560 3177 haec
1575 3119 1608 3176 et
1622 3113 1737 3177 similia

415 3229 524 3271 eorum
552 3208 585 3270 in
616 3208 729 3270 horum
756 3217 906 3292 quattuor
927 3228 1077 3292 generum
1099 3207 1203 3270 inesse
1225 3208 1313 3270 nullo
1335 3213 1439 3289 putat:
1469 3208 1614 3291 quintum
1636 3227 1775 3288 genusne

414 3302 543 3365 adhibet
563 3321 677 3364 vacans
699 3303 844 3375 nomine,
869 3310 902 3366 et
922 3303 968 3365 sic
990 3304 1093 3384 ipsum
1115 3304 1254 3365 animum
1276 3305 1473 3378 ἐνδελέχειαν
1494 3300 1633 3384 appellat
1653 3320 1737 3363 novo

414 3395 542 3459 nomine
565 3395 656 3478 quasi
678 3395 836 3478 quandam
859 3396 1072 3459 continuatam
1095 3396 1267 3459 motionem
1289 3403 1321 3457 et
1345 3414 1525 3477 perennem.

496 3490 553 3551 xl.
576 3488 643 3550 Nisi
666 3508 749 3571 quae
771 3509 821 3551 mc
844 3489 924 3551 forte
945 3490 1083 3571 lugiunt,
1107 3490 1186 3552 haec
1208 3488 1361 3552 suntierc
1376 3488 1417 3551 de
1432 3488 1538 3551 animo
1553 3489 1736 3553 sententiae.

415 3581 626 3646 Democritum
654 3582 755 3656 enim,
778 3602 925 3664 magnum
947 3583 1036 3644 illum
1058 3583 1187 3666 quidem
1210 3583 1330 3656 virum,
1356 3582 1412 3645 sed
1434 3582 1556 3646 levibus
1579 3590 1611 3645 et
1631 3590 1739 3646 rotun·

416 3675 464 3740 dis
485 3675 686 3757 corpusculis
706 3675 896 3737 efficientem
912 3677 1050 3739 animum
1066 3696 1221 3739 concursu
1236 3675 1373 3758 quodam
1386 3674 1526 3749 fortuito,
1541 3676 1776 3752 omittamusns

414 3769 489 3833 nihil
513 3776 561 3831 est
583 3767 667 3831 enim
689 3768 773 3850 apud
803 3770 881 3830 istos
904 3769 990 3850 quod
1013 3790 1075 3831 non
1097 3778 1275 3833 atomorum
1297 3770 1389 3833 turba
1412 3766 1566 3833 conficiat.
1602 3767 1653 3833 23.
1676 3771 1740 3834 lla·

414 3884 482 3927 rum
504 3861 732 3925 sententiarum
755 3881 837 3943 quae
859 3881 933 3924 vera
955 3864 998 3926 sit
1018 3862 1095 3925 deus
1115 3864 1214 3947 aliqui
1230 3863 1360 3926 viderit:
1383 3882 1465 3945 quae
1484 3863 1550 3926 veri
1572 3862 1739 3937 simillima,

415 3974 527 4037 magna
549 3955 694 4049 quaestio
715 3963 773 4016 est.
807 3955 914 4016 Utrum
930 3954 1025 4036 igitur
1039 3957 1121 4018 inter
1135 3956 1191 4019 has
1208 3957 1378 4019 sententias
1395 3957 1568 4019 diiudicare
1583 3957 1739 4020 malumus

415 4069 454 4113 aa
481 4050 521 4110 ad
550 4048 746 4130 propositum
773 4048 899 4109 rediret
942 4049 978 4110 Α.
1003 4048 1158 4130 Cuperem
1181 4049 1328 4130 equidem
1350 4057 1535 4131 utrumque,
1565 4051 1593 4112 si
1622 4057 1739 4132 posset,

416 4142 470 4204 sed
493 4151 542 4203 est
565 4139 693 4202 difficile
717 4137 919 4202 confundere.
952 4141 1075 4215 Quare
1098 4143 1139 4215 si,
1162 4151 1197 4204 ut
1218 4144 1277 4204 ista
1298 4162 1361 4204 non
1382 4143 1590 4218 disserantur,
1614 4142 1776 4211 liberariso

418 4237 525 4299 mortis
549 4242 633 4295 metu
656 4255 840 4316 possumus,
863 4234 894 4295 id
917 4253 1066 4315 agamus3
1091 4236 1138 4297 sin
1158 4236 1189 4297 id
1207 4258 1269 4298 non
1286 4243 1390 4317 potest
1405 4236 1464 4298 nisi
1479 4236 1538 4298 hac
1554 4237 1739 4318 quaestione

416 4332 590 4392 animorum
615 4329 787 4409 explicata,
811 4347 911 4402 nunc,
933 4329 958 4389 si
982 4329 1122 4401 videtur,
1144 4330 1221 4402 hoc,
1244 4329 1322 4391 illud
1344 4329 1431 4391 alias.
1468 4331 1509 4391 M.
1534 4328 1628 4403 Quod
1648 4329 1739 4391 malle

419 4431 448 4485 te
471 4421 638 4502 intellego,
661 4423 693 4483 id
717 4430 792 4504 puto
815 4441 885 4483 esse
909 4421 1112 4483 commodius.
1148 4420 1270 4484 Efficiet
1292 4423 1375 4484 enim
1398 4422 1477 4483 ratio
1500 4431 1548 4495 ut,
1572 4423 1740 4506 quaecum·

416 4536 479 4600 que
501 4536 576 4578 vera
599 4515 639 4576 sit
661 4535 769 4576 earum
791 4517 1030 4588 sententiarum,
1061 4535 1140 4597 quas
1171 4515 1318 4598 exposui,
1347 4534 1431 4577 mors
1462 4523 1517 4577 aut
1539 4517 1654 4578 malum
1675 4535 1740 4578 non

417 4755 527 4820 putabat
544 4755 687 4818 particulae
705 4771 791 4806 oerum
812 4754 900 4806 locum
918 4769 977 4805 esse
999 4756 1107 4806 nullum.
1136 4758 1224 4806 Potest
1241 4757 1310 4805 enim
1328 4755 1379 4805 dici
1395 4756 1543 4805 Xenocrates
1560 4756 1639 4806 animi
1650 4770 1740 4807 υννε-

417 4833 486 4894 pacit
503 4844 553 4879 esso
571 4834 607 4889 t:
625 4831 688 4879 dixit
705 4834 822 4881 animum
841 4845 893 4880 non
911 4830 1010 4881 habere
1023 4832 1189 4895 --corpus],
1207 4845 1294 4880 verum
1310 4830 1360 4893 (vel
1373 4833 1421 4891 scd)
1439 4845 1570 4881 numam
1587 4830 1636 4894 (vel
1653 4845 1741 4882 nume-

417 4909 531 4969 rumque)
549 4921 611 4955 esse:
631 4910 730 4968 soponit
749 4934 786 4965 -,
805 4921 891 4955 cerum
903 4907 964 4968 (scd)
978 4934 1004 4942 -
1024 4908 1108 4955 dicit
1125 4920 1177 4955 uon
1196 4907 1271 4962 item,
1292 4907 1435 4968 requiritur
1452 4906 1608 4967 asyndeton,
1627 4907 1738 4969 uigil:

418 4984 460 5031 diu
476 4996 610 5030 messuros
626 4983 713 5031 ciunt
735 4984 843 5041 animos,
868 4997 961 5037 semper
984 4989 1108 5044 ncpcnt.
1136 4983 1266 5031 Manutius
1284 4996 1316 5031 ex
1334 4982 1496 5031 deteriorum
1514 4981 1591 5031 codd.
1610 4984 1739 5045 scriptura

419 5055 479 5106 iecit
495 5069 546 5104 esse
564 5056 651 5113 ullum,
671 5071 800 5105 nuceram
815 5084 851 5113 —,
871 5057 942 5119 quod
961 5058 1023 5106 mihi
1042 5058 1125 5116 magis
1137 5056 1272 5120 probatur,
1292 5058 1333 5104 cui
1346 5058 1400 5106 veri
1412 5053 1521 5106 similius
1534 5057 1653 5105 videatur
1664 5056 1741 5105 ouum

420 5133 444 5181 in
461 5145 550 5179 uerum
568 5144 626 5180 esse
645 5132 819 5195 depravatum
837 5145 917 5193 quam
935 5131 968 5180 ab
987 5131 1038 5181 ullo
1056 5131 1162 5181 librario
1179 5144 1265 5179 oerum
1282 5144 1313 5179 ac
1331 5144 1383 5179 non
1400 5132 1441 5178 sed
1458 5130 1586 5182 additum.
1606 5130 1645 5181 Cl.
1659 5132 1739 5181 head.

420 5206 450 5263 ll,
471 5204 517 5254 til
535 5218 569 5253 cn
593 5208 705 5265 (animus
723 5209 785 5263 est).
810 5212 837 5253 ut
857 5208 1020 5265 Χενεοεναεεε,
1042 5220 1159 5255 numerus
1180 5207 1268 5254 nullo
1292 5218 1449 5266 corpore.»
1472 5207 1514 5255 W.
1534 5234 1565 5244 -
1587 5208 1610 5256 t.
1629 5209 1741 5256 animum

420 5278 542 5340 bentley:
568 5283 680 5328 unimam
698 5282 716 5329 C
738 5307 764 5315 —
783 5280 807 5329 3.
824 5285 910 5340 partes
927 5282 948 5328 ei
963 5294 1054 5340 parcre
1070 5282 1203 5329 Davisius:
1230 5285 1314 5340 portes
1329 5293 1447 5342 separare
1464 5282 1497 5337 C;
1512 5288 1599 5343 parter
1614 5283 1740 5344 porcrcO

422 5381 447 5390 -
468 5356 527 5403 locis
549 5356 599 5403 suis
623 5356 757 5403 Davisius:
784 5355 843 5403 locis
869 5357 887 5402 C
911 5356 969 5413 (nisi
991 5355 1061 5417 quod
1087 5356 1104 5402 lt
1125 5356 1150 5403 in
1169 5368 1251 5418 marg.
1271 5357 1451 5405 recentissime
1470 5369 1505 5405 m.
1525 5356 1643 5406 additum
1661 5356 1741 5405 habet

420 5430 553 5491 disclusttl:
578 5430 638 5479 locis
660 5430 770 5477 disclusit
787 5431 806 5477 0
825 5455 851 5463 -
877 5428 900 5478 4.
919 5431 1046 5477 dicearcus
1063 5430 1112 5478 Glt
1130 5430 1165 5490 (in
1183 5434 1202 5477 G
1220 5443 1354 5494 superscr.
1373 5432 1395 5489 hl
1417 5457 1443 5465 —
1461 5432 1485 5478 5.
1504 5431 1626 5478 dictorum
1643 5431 1691 5477 GR
1711 5456 1737 5465 -

421 5505 444 5554 7.
463 5504 632 5553 Phnscrctcm
651 5506 698 5555 llD
718 5533 744 5541 -
770 5506 928 5565 pthiotomC
949 5529 974 5538 —
1007 5504 1030 5552 9.
1048 5506 1192 5564 (metroque
1208 5511 1230 5553 st
1247 5505 1370 5553 animatio
1387 5507 1406 5553 0
1426 5530 1452 5539 -
1472 5504 1511 5552 46.
1530 5505 1656 5552 orirentur
1672 5504 1692 5552 0
1710 5528 1737 5538 -

422 5578 461 5626 ti.
480 5583 539 5626 met
561 5580 581 5626 G
606 5580 645 5641 (in
666 5592 748 5642 marg.
767 5580 929 5639 correctum)
948 5581 967 5628 il
984 5605 1017 5615 -
1033 5579 1074 5626 at.
1094 5579 1261 5627 endelecheian
1279 5580 1316 5636 C;
1340 5575 1513 5635 ἐντελέχειαν
1530 5580 1549 5628 0
1569 5604 1596 5614 -
1615 5578 1741 5639 appellant

421 5666 489 5703 corr.
508 5654 534 5703 in
551 5654 660 5717 appellet
677 5656 771 5704 eadem
790 5670 825 5705 m.
840 5657 859 5704 G
880 5680 906 5689 -
926 5654 966 5703 23.
985 5654 1031 5702 hoc
1048 5653 1105 5701 13²0
1121 5678 1145 5688 -
1167 5653 1206 5703 at.
1225 5656 1323 5716 quidem
1338 5655 1409 5703 illum
1425 5654 1445 5702 0
1460 5679 1486 5689 -
1506 5653 1546 5703 26.
1559 5654 1741 5703 citilcstsnim

421 5730 488 5789 opud
503 5730 572 5787 istos,
591 5742 651 5789 quos
666 5745 716 5777 con
732 5743 816 5778 eorum
835 5729 909 5777 turbo
925 5731 1039 5791 conficiet
1056 5730 1154 5778 Nonius
1171 5743 1196 5792 p.
1210 5730 1266 5778 469.
1283 5756 1309 5766 -
1328 5731 1424 5779 Horum
1436 5729 1575 5778 --oidcrit
1592 5729 1740 5779 Lactantius

424 5802 480 5856 vll.
497 5804 522 5852 8.
543 5827 570 5838 -
590 5804 630 5852 28.
650 5805 778 5851 dissdicorc
795 5816 864 5852 corr.
884 5803 942 5851 eod.
964 5818 998 5854 m.
1020 5806 1044 5852 in
1061 5805 1235 5852 diiudiccrcG
1262 5830 1288 5839 -
1313 5804 1354 5854 29.
1371 5804 1448 5865 possit
1468 5799 1512 5863 (3¹,
1532 5815 1600 5851 corr.
1620 5804 1645 5852 in
1660 5808 1741 5865 posset

423 5877 516 5927 eadem
535 5892 570 5928 m.
587 5905 614 5914 -
633 5878 673 5928 34.
690 5892 765 5926 tuero
781 5884 816 5927 cst
834 5878 980 5941 Tregderus
998 5892 1030 5927 ex
1047 5891 1095 5926 sua
1113 5879 1273 5938 coniectura,
1293 5878 1402 5929 tortasse
1420 5878 1507 5927 minus
1523 5879 1687 5938 necessaria;
1706 5878 1738 5928 cl.

424 5950 453 6010 V,
465 5951 504 6001 83.
519 5954 558 6015 (lt,
572 5953 612 6003 li.
627 5953 657 6014 V,
671 5952 726 6003 408.
745 5951 817 6002 Ollio.
839 5953 880 6012 lll,
898 5954 937 6003 20.
958 5952 1043 6002 ltsdv.
1062 5954 1157 6017 opusc.
1177 5967 1203 6016 p.
1222 5952 1265 6003 484
1287 5955 1368 6015 not.)»
1386 5953 1427 6002 W.
1447 5977 1473 5987 -
1492 5952 1628 6002 meliorum
1644 5953 1674 6003 s,
