4342 7459
440 1228 503 1295 270
764 1232 1085 1297 TUSCULANARUM
1105 1233 1433 1300 DlSPUTA'l'lONUhl

441 1413 476 1456 se
498 1398 594 1476 atque
615 1390 658 1454 ita
679 1390 795 1455 addicti
818 1398 850 1454 et
871 1392 1041 1456 exanimati
1061 1392 1180 1458 iacent:
1203 1394 1259 1478 qui
1276 1402 1382 1459 autem
1397 1396 1579 1459 restiterunt
1593 1393 1761 1460 discedunt

441 1488 624 1568 saepissime
657 1486 850 1567 superiorem
889 1493 963 1548 sunt
995 1488 1079 1549 enim
1109 1488 1265 1569 quaedam
1306 1489 1403 1551 animi
1433 1488 1657 1553 similitudines
1688 1510 1760 1553 cum

441 1600 583 1663 corpore.
613 1579 652 1641 Ut
673 1598 768 1642 onera
789 1580 946 1643 contentis
968 1581 1153 1663 corporibus
1175 1581 1299 1648 facilius
1318 1581 1472 1657 feruntur,
1493 1581 1634 1647 remissis
1653 1583 1762 1665 oppri-

441 1682 540 1749 munt,
556 1674 712 1737 simillime
727 1673 851 1736 animus
867 1674 1041 1737 intentione
1056 1694 1113 1737 sua
1129 1676 1259 1758 depellit
1272 1696 1414 1760 pressum
1431 1696 1557 1740 omnem
1575 1677 1762 1759 ponderum,
1786 1698 1791 1708 ·

417 1769 628 1844 ammissione
649 1777 754 1832 autem
777 1769 822 1830 sic
837 1776 975 1849 urgetur,
997 1776 1033 1831 ut
1053 1789 1088 1831 se
1109 1778 1247 1853 nequeat
1268 1770 1429 1834 extollere.
1464 1769 1516 1833 55.
1537 1771 1587 1845 Et,
1608 1770 1637 1833 si
1654 1790 1762 1833 verum

441 1864 641 1950 quaerimus,
668 1863 701 1925 in
730 1862 876 1925 omnibus
904 1861 1017 1926 officiis
1044 1863 1276 1947 persequendis
1297 1864 1394 1927 animi
1417 1873 1467 1929 est
1485 1862 1666 1928 adhibenda
1688 1884 1763 1928 con·

440 1959 558 2031 tentio;
589 1976 626 2019 ea
648 1963 697 2019 est
719 1956 787 2020 sola
809 1952 904 2018 officii
927 1964 1086 2038 umquam
1108 1956 1260 2021 custodia.
1292 1956 1355 2020 Sed
1375 1955 1436 2021 boc
1449 1959 1579 2041 quidem
1595 1959 1628 2021 in
1651 1956 1763 2021 dolum

441 2070 588 2114 maxume
603 2058 652 2113 est
666 2048 903 2131 providendum,
916 2069 955 2111 ne
971 2050 1047 2132 quid
1063 2050 1195 2124 abiecte,
1210 2070 1250 2113 ne
1266 2052 1344 2135 quid
1358 2052 1479 2127 timide,
1494 2072 1534 2115 ne
1548 2052 1624 2136 quid
1638 2053 1762 2134 ignave,

441 2167 481 2208 ne
502 2145 578 2228 qnid
600 2144 756 2208 serviliter
778 2142 1010 2206 muliebriterve
1031 2142 1200 2217 faciamus,
1222 2144 1255 2206 in
1277 2145 1452 2229 primisque
1473 2144 1628 2209 refutetur
1646 2164 1685 2207 ac
1700 2144 1763 2208 rei·

403 2251 431 2297 so
440 2241 542 2304 cietur
566 2238 776 2302 Philocteteus
805 2237 860 2299 ille
887 2235 1014 2299 clamor.
1054 2239 1271 2319 Ingemescere
1301 2258 1365 2301 non
1395 2259 1568 2321 numquam
1591 2239 1657 2303 viro
1685 2256 1762 2301 con·

441 2353 562 2396 cessum
585 2339 634 2396 est
654 2331 751 2414 idque
772 2350 861 2406 raro,
884 2330 1019 2394 eiulatus
1041 2351 1082 2393 ne
1105 2332 1228 2395 mulieri
1252 2331 1390 2414 quidem.
1424 2334 1462 2394 ut
1482 2332 1535 2396 bic
1549 2332 1697 2395 nimirum
1713 2338 1763 2394 est

440 2428 546 2501 fletus,
569 2445 664 2509 quem
686 2424 853 2487 duodecim
875 2423 1000 2487 tabulae
1022 2425 1054 2486 in
1075 2424 1239 2487 funeribus
1255 2422 1397 2489 adbiberi
1412 2435 1590 2489 vetuerunt.
1626 2421 1677 2486 56.
1696 2425 1762 2487 Nec

440 2541 515 2583 vero
538 2539 686 2602 umquam
710 2539 749 2581 ne
772 2518 959 2599 ingemescit
980 2518 1107 2600 quidem
1131 2519 1180 2580 vir
1201 2517 1349 2583 fortisac
1371 2520 1514 2601 sapiens,
1538 2519 1598 2582 nisi
1620 2516 1701 2581 forte
1724 2523 1762 2580 ut

440 2634 474 2677 se
495 2613 641 2680 intendat
662 2611 701 2676 ad
722 2609 913 2685 firmitatem,
935 2613 1022 2674 utin
1042 2611 1145 2675 stadio
1160 2632 1306 2676 cursores
1321 2614 1498 2676 exclamant
1512 2633 1605 2697 quam
1622 2612 1761 2675 maximo

402 2720 431 2765 se
441 2714 580 2791 possunt.
618 2706 749 2769 Faciunt
769 2704 867 2777 idem,
896 2724 966 2766 cum
989 2715 1193 2781 exercentur,
1220 2705 1374 2782 athletae;
1402 2707 1524 2789 pugiles
1545 2728 1638 2781 vero,
1666 2708 1761 2769 etiam

439 2822 509 2864 cum
531 2800 648 2864 feriunt
669 2798 898 2872 adversarium,
920 2799 953 2860 in
977 2798 1131 2862 iactandis
1153 2800 1310 2862 caestibus
1331 2801 1563 2882 ingemescunt,
1586 2820 1650 2864 non
1674 2796 1761 2881 quod

439 2893 567 2957 doleant
593 2893 738 2956 animove
759 2891 980 2965 succumbant,
1007 2892 1063 2953 sed
1086 2893 1162 2974 quia
1189 2892 1409 2975 profundenda
1430 2914 1508 2958 voce
1530 2913 1622 2958 omne
1644 2911 1762 2974 corpus

438 2988 612 3051 intenditur
633 2988 783 3068 venitque
804 2986 898 3067 plaga
918 2984 1144 3047 vehementior.
1182 2988 1293 3049 XXIV.
1318 2987 1424 3062 Quint
1448 2989 1504 3070 qui
1524 2987 1635 3050 volunt
1654 2984 1761 3048 excla-

440 3101 524 3146 mare
546 3081 665 3156 maius,
687 3100 762 3143 num
784 3079 861 3142 satis
882 3078 1001 3142 bahent
1022 3078 1137 3153 latera,
1159 3078 1281 3153 fauces,
1304 3079 1443 3163 linguam
1457 3080 1632 3154 intendere,
1655 3079 1761 3162 equi·

401 3176 497 3240 asbus
524 3176 582 3238 eici
605 3194 712 3238 vocem
736 3180 767 3236 et
788 3172 879 3235 fundi
900 3171 1065 3234 videmus?
1096 3179 1162 3235 toto
1183 3192 1314 3254 corpore
1335 3182 1429 3257 atque
1452 3175 1599 3238 omnibus
1620 3172 1760 3255 ungulis,

439 3276 475 3333 ut
496 3260 625 3343 dicitur,
648 3266 842 3331 contentioni
864 3267 950 3328 vocis
974 3265 1167 3329 adserviunt.
1203 3264 1254 3330 57.
1277 3266 1368 3330 Genu
1391 3268 1569 3333 mehercule
1590 3268 1634 3332 bl.
1658 3269 1759 3330 Ante·

352 3405 356 3423 .
438 3363 525 3426 nium
548 3363 626 3436 vidi,
649 3381 720 3424 cum
743 3367 891 3423 contente
913 3379 970 3441 pro
993 3378 1027 3422 se
1050 3361 1119 3442 ipse
1140 3360 1209 3443 lege
1223 3361 1317 3423 Varia
1331 3360 1465 3436 diceret,
1488 3370 1603 3426 terram
1618 3369 1758 3443 tangere.

439 3458 479 3521 Ut
499 3457 583 3520 cuim
605 3455 737 3517 balistae
758 3450 899 3534 lapidum
922 3461 954 3513 et
974 3452 1097 3535 reliqua
1118 3461 1273 3517 tormenta
1286 3454 1421 3518 telorum
1437 3475 1475 3518 eo
1490 3455 1649 3539 gravimes
1664 3454 1759 3517 emis·

437 3555 544 3617 aiones
565 3549 698 3621 habent,
727 3566 791 3629 quo
813 3554 888 3608 sunt
909 3553 1057 3608 contenta
1079 3557 1173 3629 atque
1195 3546 1331 3610 adducta
1353 3548 1586 3624 vehementius,
1616 3550 1663 3613 sic
1685 3567 1759 3622 vox,

401 3650 483 3713 assic
505 3664 632 3713 cursus,
654 3642 699 3703 sic
720 3639 813 3722 plaga
832 3637 894 3701 boc
916 3638 1054 3719 gravior,
1076 3661 1140 3722 quo
1163 3648 1212 3704 est
1233 3642 1328 3704 missa
1343 3630 1532 3705 contentius.
1570 3641 1668 3705 Cuius
1682 3660 1759 3705 con·

438 3739 590 3806 tentionis
612 3755 685 3798 cum
707 3739 792 3796 tanta
814 3732 861 3793 vis
883 3732 939 3804 sit,
961 3732 987 3793 si
1010 3733 1144 3813 gemitus
1165 3734 1199 3795 in
1222 3733 1331 3797 dolore
1353 3734 1393 3797 ad
1417 3731 1667 3798 confirmandum
1690 3733 1757 3796 ani·

439 3853 523 3897 mum
546 3829 676 3900 valebit,
702 3834 844 3888 utemur:
873 3826 922 3887 sin
944 3826 1004 3888 erit
1025 3825 1078 3889 ille
1100 3827 1235 3909 gemitus
1257 3827 1498 3902 clamentahilis,
1530 3828 1557 3891 si
1580 3826 1758 3900 inbecillus,

439 3930 466 3994 si
488 3926 644 3998 abiectus,
672 3921 698 3985 si
722 3918 848 3992 flebilis,
871 3919 900 3981 ei
923 3919 1035 4001 quise
1057 3920 1195 3992 dederit,
1219 3921 1272 3982 vix
1293 3941 1364 3985 eum
1387 3922 1488 3985 virum
1512 3921 1656 3985 dixerim.
1693 3920 1757 3996 Qui

439 4021 569 4105 quidem
600 4015 736 4099 gemitus
768 4013 795 4075 si
824 4011 991 4074 levationis
1019 4011 1140 4094 aliquid
1171 4012 1321 4089 adferret,
1352 4025 1458 4078 tamen
1481 4015 1657 4080 videremus
1679 4013 1758 4097 quid

402 4120 523 4180 ³0esset
544 4111 635 4174 fortis
657 4117 689 4172 et
710 4106 842 4169 animosi
865 4105 941 4167 viri:
964 4126 1035 4168 cum
1051 4126 1125 4168 vero
1140 4105 1219 4169 nihil
1234 4108 1400 4171 imminuat
1415 4107 1548 4183 doloris,
1571 4129 1627 4173 cur
1640 4108 1758 4171 frustm

378 4240 381 4247 ¹
438 4221 547 4294 turpes
570 4225 639 4270 esse
663 4200 830 4264 volumus?
852 4199 928 4282 quid
951 4207 1000 4262 est
1021 4201 1106 4262 enim
1128 4202 1203 4264 lletu
1219 4200 1362 4264 muliebri
1378 4202 1445 4265 viro
1462 4202 1606 4284 turpius?
1635 4200 1688 4263 58.
1702 4203 1758 4263 st-

439 4325 502 4387 que
523 4303 584 4363 hoc
606 4303 821 4380 praeceptum,
844 4291 928 4375 quod
952 4292 991 4354 de
1014 4292 1123 4355 dolore
1138 4293 1244 4367 datur,
1266 4302 1352 4376 patet
1366 4294 1467 4358 latius.
1501 4293 1657 4357 Omnibus
1671 4291 1756 4355 enim

438 4397 547 4466 rebus,
570 4412 635 4456 non
653 4389 757 4453 solum
780 4387 898 4460 dolori,
921 4385 1016 4450 simili
1039 4387 1241 4450 contentione
1263 4388 1359 4449 animi
1380 4387 1591 4450 resistendum
1613 4393 1670 4451 est
1707 4388 1758 4449 lra

438 4488 631 4559 exardescit,
659 4482 758 4547 libido
787 4480 978 4543 concitatur:
1008 4480 1041 4542 in
1063 4479 1195 4543 eandem
1221 4499 1324 4543 arcem
1345 4478 1592 4562 confugiendum
1613 4486 1676 4553 est,
1705 4497 1758 4542 ea·

400 4583 510 4647 sedem
533 4587 607 4645 sunt
627 4596 713 4641 arma
734 4572 895 4638 sumenda.
935 4572 997 4635 Sed
1021 4573 1170 4655 quoniam
1193 4572 1233 4635 de
1254 4572 1364 4636 dolore
1386 4574 1561 4657 loquimur,
1588 4571 1643 4635 illa
1665 4572 1759 4635 omit·

437 4685 550 4741 umus.
597 4671 646 4734 Ad
675 4667 839 4732 ferendum
869 4666 965 4748 igitur
994 4665 1135 4728 dolorem
1165 4666 1287 4750 placide
1318 4674 1412 4750 atque
1443 4665 1550 4730 sedate
1587 4664 1759 4747 plurimum

438 4765 561 4853 prolicit
582 4774 649 4829 toto
671 4769 815 4844 pectore,
838 4769 874 4822 ut
894 4759 1024 4833 dicitur,
1048 4760 1186 4840 cogitare
1209 4778 1304 4843 quam
1325 4758 1357 4821 id
1374 4759 1541 4823 honestum
1557 4758 1607 4821 sit.
1641 4758 1758 4821 Sumus

438 4863 522 4926 enim
543 4868 668 4931 natura,
690 4864 724 4917 ut
746 4861 818 4917 ante
841 4852 906 4915 dixi
928 4884 969 4898 -
992 4850 1161 4914 dicendum
1186 4860 1233 4914 est
1255 4854 1337 4914 enim
1360 4852 1486 4934 saepius
1507 4883 1565 4925 -,
1590 4849 1759 4914 studiosis·

438 4956 509 5019 simi
537 4948 852 5035 adpetentissimique
880 4945 1072 5020 honestatis,
1102 4946 1190 5008 cuins
1217 4946 1243 5007 si
1267 4945 1354 5028 quasi
1378 4944 1483 5008 lumen
1498 4942 1641 5027 *aliquod
1666 4962 1758 5026 aspe-

399 5047 558 5121 toximus,
592 5043 670 5108 nibil
700 5049 749 5105 cst
775 5039 878 5125 quod,
910 5046 945 5102 ut
971 5059 1010 5101 eo
1033 5040 1207 5121 potiamur,
1240 5057 1304 5100 non
1326 5038 1426 5120 parati
1449 5039 1546 5101 simus
1569 5043 1602 5099 et
1621 5035 1704 5099 ferre
1727 5043 1760 5099 et

503 5326 526 5373 t.
545 5334 570 5373 se
590 5331 724 5385 superscr.
748 5319 774 5368 in
798 5320 818 5367 G
841 5343 869 5354 -
893 5314 917 5365 3.
938 5315 969 5364 tlt
990 5328 1068 5365 onec
1084 5328 1106 5364 c.
1125 5329 1147 5365 c.
1164 5314 1184 5377 f.
1201 5313 1326 5376 reamur,
1339 5312 1452 5375 pesonae
1467 5312 1642 5375 opprimentes
1658 5312 1758 5363 Nonius

437 5416 463 5467 p.
482 5399 539 5449 259.
560 5422 587 5433 -
614 5394 639 5445 l.
656 5393 745 5443 similla
767 5395 797 5443 (3¹
818 5416 845 5427 -
871 5403 999 5453 gramm
1020 5390 1069 5439 Glt
1094 5417 1121 5425 -
1148 5387 1421 5451 sparnacenses
1446 5411 1472 5420 -
1500 5386 1525 5436 7.
1543 5387 1588 5437 hcc
1605 5387 1671 5437 worn
1688 5387 1707 5437 C
1728 5413 1755 5423 -

436 5477 461 5527 8.
479 5473 586 5525 ment
602 5482 672 5521 corr.
690 5481 726 5519 m.
745 5480 800 5518 sec.
819 5467 846 5516 in
862 5478 984 5515 massano
1000 5466 1034 5517 G:
1053 5464 1224 5513 maximamtt
1239 5489 1266 5497 -
1283 5460 1462 5524 providendas
1478 5466 1527 5524 est,
1545 5462 1758 5525 scnmcmmar

438 5550 571 5602 Charisius
589 5558 614 5610 p.
633 5542 691 5602 2⁰3,
709 5543 733 5591 7.
755 5568 781 5577 -
801 5541 840 5590 ⁴0.
858 5540 1015 5603 ingenium
1032 5539 1089 5588 lt¹B
1101 5539 1135 5594 ὓς
1153 5538 1217 5587 item
1234 5550 1259 5584 v.
1274 5537 1313 5586 tt.
1334 5562 1360 5572 -
1381 5536 1420 5586 43.
1439 5534 1477 5599 oc]
1494 5549 1539 5586 occ
1555 5538 1605 5587 GR
1624 5563 1652 5574 -
1673 5536 1712 5587 tl.
1730 5536 1757 5585 tn

435 5626 516 5677 sueto
527 5647 564 5659 --
576 5618 683 5669 athletos
699 5616 833 5667 Charisius
850 5627 875 5678 p.
895 5614 952 5672 2⁴6,
971 5613 1010 5661 se.
1033 5640 1058 5648 -
1082 5614 1122 5662 tt.
1142 5612 1250 5661 cunetae
1267 5612 1301 5671 n,
1323 5612 1437 5662 adtactus
1453 5614 1473 5661 G
1493 5637 1519 5646 -
1539 5611 1579 5661 46.
1597 5611 1758 5675 inponerent

437 5701 497 5750 pqr
516 5724 542 5734 ..
568 5694 607 5744 st.
623 5691 751 5754 molendo
773 5687 802 5740 G¹
828 5716 855 5725 -
877 5688 917 5737 20.
936 5688 991 5737 clici
1008 5687 1028 5737 C
1048 5710 1075 5721 -
1100 5687 1140 5736 Ὦ.
1159 5690 1293 5745 contempte
1309 5686 1328 5734 R
1347 5712 1372 5720 -
1393 5685 1597 5735 momodtccerct
1614 5687 1756 5750 (supernos.

437 5771 496 5837 syll.
513 5785 544 5836 aa
560 5783 596 5821 m.
609 5766 676 5829 sec.)
693 5768 713 5816 G
732 5791 759 5801 -
778 5764 819 5814 2³.
837 5762 950 5812 autom
965 5760 1021 5823 (sed
1033 5758 1115 5810 altera
1127 5761 1136 5809 t
1147 5759 1284 5824 expuncto)
1296 5760 1316 5809 s
1328 5785 1354 5794 -
1368 5760 1409 5809 to.
1422 5758 1479 5824 qao]
1497 5760 1585 5809 comt]
1600 5784 1626 5794 -
1639 5758 1681 5811 28.
1694 5770 1758 5821 qaae

437 5848 536 5910 qudem
552 5841 650 5902 qw-
669 5841 710 5891 29.
723 5839 849 5902 casem
864 5837 926 5895 nih
944 5836 1058 5899 cdlerm
1074 5837 1094 5884 G
1108 5860 1135 5871 -
1154 5833 1194 5885 34.
1207 5839 1279 5895 tame
1295 5835 1344 5883 GR
1359 5859 1385 5868 -
1404 5831 1445 5885 3l.
1458 5834 1617 5885 eaaomd-
1630 5830 1671 5883 ³5.
1684 5832 1759 5883 crott-

438 5920 551 5975 tamslt.
569 5912 857 5979 Videndum·
876 5909 917 5961 ev.
936 5908 1196 5973 cammaro-
1215 5906 1255 5959 to.
1274 5909 1415 5959 mmuh
