4342 7459
451 1232 514 1299 676
987 1230 1040 1293 DE
1063 1228 1233 1294 OFFICIIS

450 1393 600 1476 gitatione
627 1390 666 1453 nd
693 1408 743 1451 res
765 1408 858 1473 qnam
880 1396 1025 1471 optumas
1048 1397 1188 1463 utamur,
1217 1390 1390 1475 appetitum
1411 1389 1526 1453 rationi
1547 1387 1778 1455 oboedientem

449 1487 665 1571 praebeamus.

533 1577 692 1640 XXXVII.
714 1578 754 1639 Et
775 1577 924 1659 quoniam
948 1596 1059 1658 magne
1081 1578 1129 1640 vis
1151 1578 1302 1641 orationis
1324 1586 1373 1641 est
1394 1598 1496 1661 enque
1518 1576 1650 1660 duplex,
1671 1577 1778 1642 altera

449 1672 677 1745 contentionis,
699 1671 797 1734 altera
820 1671 991 1743 sermonis,
1021 1671 1182 1734 contentio
1204 1670 1488 1754 disceptationibus
1509 1671 1667 1735 tribuatur
1687 1670 1775 1735 indi·

425 1767 585 1838 sciorum,
617 1766 817 1837 contionum,
847 1770 990 1837 senatus,
1019 1785 1122 1828 sermo
1150 1765 1183 1827 in
1211 1764 1356 1840 circulis,
1385 1763 1673 1847 disputatIonibns,
1693 1784 1775 1829 con·

448 1859 660 1943 gressionibus
681 1858 882 1921 familiarium
904 1865 1056 1932 versetur,
1078 1865 1231 1941 sequntur
1252 1860 1345 1923 etiam
1368 1859 1519 1922 convivia.
1550 1858 1773 1922 Contentionis

446 1959 613 2035 praecepte
634 1951 795 2015 rbetornm
819 1959 903 2026 sunt,
926 1952 1013 2014 nulla
1035 1952 1206 2015 sermonis:
1229 1972 1419 2035 quemqnam
1441 1951 1528 2014 baud
1549 1952 1681 2016 scio-an
1695 1970 1774 2034 pos·

446 2047 510 2110 sint
536 2045 616 2108 baec
645 2065 772 2129 quoqne
802 2065 882 2109 esse.
933 2045 996 2108 Sed
1027 2045 1212 2108 discentium
1242 2046 1356 2109 studiis
1384 2045 1589 2108 inveniuntur
1616 2043 1772 2127 magistri,

445 2140 522 2203 buic
552 2147 655 2202 antem
689 2140 745 2222 qni
777 2138 927 2202 studeant
960 2146 1035 2202 sunt
1063 2139 1162 2211 nulli,
1195 2138 1356 2202 rhetorum
1386 2135 1478 2202 turbe
1506 2137 1622 2202 referte
1643 2136 1771 2201 omnia:

408 2250 636 2318 taquamquam
665 2252 747 2314 qnae
777 2232 944 2296 verborum
970 2233 1262 2317 sententiarumque
1288 2241 1457 2317 praecepta
1478 2242 1565 2307 sunt,
1595 2230 1706 2296 eadem
1728 2231 1771 2295 ad

444 2346 622 2389 sermonem
644 2326 857 2409 pertinebunt.
904 2321 975 2387 t33.
1005 2325 1067 2389 Sed
1092 2347 1162 2390 cum
1186 2328 1337 2390 orationis
1359 2326 1496 2391 indicem
1517 2345 1628 2389 rocem
1649 2322 1773 2389 babea-

403 2444 411 2460 ,
445 2439 531 2493 mus,
558 2420 592 2483 in
613 2440 690 2482 voce
713 2428 818 2482 antem
841 2421 904 2482 dno
928 2439 1114 2503 sequamur,
1145 2428 1179 2483 nt
1200 2421 1284 2483 clara
1305 2421 1363 2494 sit,
1393 2428 1429 2483 nt
1449 2421 1572 2495 suevis,
1595 2427 1771 2503 utrumqne

445 2514 575 2575 omnino
597 2520 748 2576 enatura
771 2515 944 2596 petundum
966 2522 1024 2587 est,
1046 2534 1154 2577 rernm
1177 2514 1310 2577 alterum
1334 2515 1517 2578 exercitatio
1536 2514 1673 2597 augebit,
1689 2513 1771 2577 alte·

444 2627 513 2671 rum
535 2607 668 2670 imitatio
690 2627 799 2689 presse
821 2605 1018 2690 loquentium
1042 2614 1074 2669 et
1096 2608 1219 2670 leniter.
1262 2608 1348 2671 Nihil
1370 2608 1431 2671 luit
1451 2608 1484 2670 in
1501 2607 1630 2682 Catulis,
1652 2614 1688 2671 nt
1710 2626 1769 2670 eos

404 2701 603 2783 tseanisito
625 2700 743 2764 indicio
766 2709 893 2784 putares
920 2699 965 2762 uti
987 2700 1177 2763 litterarum:
1208 2720 1399 2785 quamquam
1422 2709 1512 2766 erant
1532 2701 1679 2776 litterati,
1709 2702 1768 2765 sed

444 2801 475 2858 et
495 2795 569 2871 alii;
593 2794 615 2857 ii
637 2802 742 2857 autem
765 2795 884 2876 optime
906 2793 951 2856 nti
972 2792 1080 2875 lingna
1103 2794 1214 2856 Latina
1237 2795 1436 2877 putabantur.
1480 2795 1583 2860 Sonus
1605 2803 1673 2858 erat
1694 2793 1769 2859 dul·

442 2887 501 2961 cis,
531 2887 653 2952 litterae
680 2909 784 2971 neque
812 2908 981 2970 expressae
1003 2908 1109 2970 neque
1132 2908 1320 2971 oppressae,
1350 2909 1390 2953 ne
1412 2897 1465 2952 nut
1486 2888 1657 2952 obscurum
1680 2896 1769 2952 esset

442 2989 497 3046 ant
517 2980 677 3063 putidum,
707 2984 775 3046 sine
806 2982 1009 3045 contentione
1039 3001 1102 3044 vox
1131 3002 1190 3045 nec
1211 2982 1365 3066 languens
1387 3003 1448 3047 nec
1468 3001 1590 3047 canore.
1633 2980 1769 3046 Uberior

441 3076 542 3139 oratio
565 3077 599 3139 L.
616 3076 719 3141 Crassi
742 3097 801 3140 nec
822 3076 927 3140 minus
948 3076 1067 3150 faceta,
1097 3077 1152 3139 sed
1174 3077 1256 3139 bene
1277 3078 1431 3161 loquendi
1452 3074 1492 3141 de
1515 3074 1633 3140 Catulis
1655 3074 1767 3157 opinio

402 3187 504 3235 eonon
526 3172 637 3235 minor.
682 3171 753 3235 Sale
775 3191 850 3234 vero
874 3176 906 3233 et
926 3169 1048 3233 facetiis
1072 3168 1200 3243 Caesar,
1224 3169 1325 3235 Catuli
1347 3172 1445 3253 petris
1466 3170 1576 3244 frater,
1597 3168 1678 3231 sicit
1697 3187 1767 3232 om·

440 3283 508 3338 nes,
530 3266 619 3327 utin
641 3265 697 3328 illo
723 3266 793 3347 ipso
814 3263 934 3327 forensi
957 3283 1072 3346 genere
1095 3261 1219 3327 dicendi
1235 3266 1453 3327 contentiones
1468 3263 1602 3327 aliorum
1616 3281 1765 3325 sermone

438 3358 588 3421 vinceret.
633 3360 667 3420 ln
698 3357 845 3421 omnibns
874 3358 971 3440 Igitur
998 3358 1049 3420 bis
1071 3357 1296 3420 elaborandum
1320 3366 1386 3433 est,
1416 3358 1443 3421 si
1465 3358 1497 3420 in
1519 3355 1606 3420 omni
1626 3375 1662 3418 re
1684 3356 1765 3438 qnid

438 3450 548 3514 deceat
569 3452 775 3533 exquirimus.
819 3447 891 3513 t3t.
920 3451 967 3513 Sit
988 3471 1063 3533 ergo
1085 3451 1137 3514 bic
1160 3471 1279 3524 sermo,
1309 3452 1342 3515 in
1365 3471 1428 3535 quo
1451 3450 1601 3516 Socratici
1623 3449 1764 3514 maxime

438 3544 615 3618 excellunt,
636 3544 717 3607 lenis
740 3546 931 3627 minimeque
954 3546 1114 3627 pertinax,
1136 3546 1212 3609 insit
1232 3547 1265 3608 in
1286 3565 1325 3608 eo
1347 3546 1446 3627 lepos.
1488 3546 1554 3609 Nee
1575 3563 1660 3617 vero,
1682 3549 1764 3606 tem·

400 3654 533 3722 tequam
562 3640 594 3700 in
624 3639 857 3721 possessionem
880 3657 969 3700 sunm
991 3638 1130 3712 venerit,
1159 3635 1308 3702 excludat
1328 3639 1425 3713 elios,
1454 3640 1511 3702 sed
1533 3658 1604 3703 cum
1623 3635 1762 3719 reliquis

438 3732 470 3793 in
499 3733 594 3795 rebus
622 3742 687 3795 tum
717 3733 750 3794 in
778 3752 923 3795 sermone
952 3732 1110 3794 communi
1142 3732 1390 3797 vicissitudinem
1412 3752 1476 3795 non
1497 3732 1639 3816 iniquam
1659 3737 1762 3813 putet.

437 3825 483 3887 Ac
504 3826 609 3889 videat
636 3826 668 3888 in
698 3826 825 3908 primis,
855 3825 970 3909 quibus
999 3824 1038 3887 de
1060 3826 1155 3889 rebus
1177 3826 1344 3910 loquatur:
1374 3829 1400 3890 si
1423 3827 1532 3901 seriis,
1560 3823 1761 3888 severitatem

437 3918 601 3994 edbibeat,
624 3921 650 3982 si
672 3920 805 3994 iocosis,
827 3920 978 4002 leporem.
1021 3918 1057 3981 In
1080 3919 1253 4001 primisque
1276 3919 1440 4003 provideat
1461 3940 1501 3984 ne
1523 3938 1625 3983 sermo
1647 3919 1760 3983 vitium

437 4011 565 4094 aliquod
596 4014 714 4078 indicet
743 4016 849 4077 inesse
880 4014 913 4076 in
942 4013 1096 4077 moribus:
1126 4015 1211 4095 quod
1241 4034 1386 4079 maxume
1416 4022 1481 4077 tum
1510 4013 1592 4078 solet
1618 4012 1761 4088 evenire,

399 4124 509 4172 eccum
532 4108 672 4169 studiose
697 4109 736 4170 de
759 4104 943 4171 absentibus
966 4108 1150 4172 detrahendi
1174 4127 1268 4170 causa
1290 4118 1344 4171 ant
1367 4129 1423 4190 per
1444 4107 1611 4170 ridiculum
1632 4114 1689 4170 ant
1710 4128 1761 4170 se·

437 4222 526 4275 vere,
549 4200 702 4264 maledice
725 4202 1017 4284 contumelioseque
1040 4200 1164 4263 dicitur.
1209 4198 1281 4263 t35.
1308 4203 1472 4265 Habentur
1493 4210 1598 4264 antem
1620 4200 1761 4283 plerum·

437 4315 500 4377 qne
522 4314 682 4357 sermones
704 4305 758 4358 aut
780 4296 819 4357 de
843 4295 1025 4357 domesticis
1048 4295 1185 4374 negotiis
1207 4304 1261 4357 ant
1277 4296 1315 4357 de
1330 4316 1363 4358 re
1379 4296 1506 4377 publica
1519 4301 1574 4357 unt
1588 4294 1627 4356 de
1641 4294 1760 4358 artium

437 4388 549 4450 studiis
572 4397 666 4470 atque
689 4389 841 4452 doctrina.
885 4388 995 4451 Danda
1018 4388 1112 4470 igitur
1134 4409 1231 4470 opera
1254 4399 1367 4464 estut,
1390 4392 1484 4452 etiam
1507 4388 1534 4451 si
1556 4388 1703 4451 aberrare
1717 4388 1759 4451 ad

437 4482 499 4544 alia
521 4484 677 4564 coeperit,
707 4484 746 4546 ad
769 4484 847 4546 baec
869 4490 1035 4545 revocetur
1056 4484 1173 4556 oratio,
1197 4482 1252 4544 sed
1277 4490 1448 4565 utcumque
1469 4483 1622 4556 aderunt;
1650 4500 1759 4564 neque

400 4578 520 4640 ssenim
538 4598 646 4640 omnes
667 4578 767 4642 isdem
788 4577 827 4651 de
849 4578 944 4639 rebus
965 4597 1024 4639 nec
1043 4578 1128 4639 omni
1153 4584 1293 4658 tempore
1311 4597 1369 4639 nec
1390 4577 1534 4639 similiter
1546 4574 1759 4638 delectamur.

436 4671 756 4734 Animadvertendum
785 4681 833 4734 est
854 4672 964 4745 etlam,
987 4678 1144 4753 quatenus
1166 4691 1269 4733 sermo
1293 4671 1535 4733 delectationem
1557 4670 1687 4743 babent,
1715 4677 1759 4743 et,

439 4775 473 4828 ut
495 4765 664 4847 incipiendi
687 4767 768 4828 ratio
791 4766 894 4839 luerit,
917 4766 960 4827 ita
983 4766 1024 4828 sit
1045 4764 1210 4827 desinendi
1233 4764 1356 4826 modus.
1399 4762 1574 4826 XXXVIII.
1597 4758 1668 4824 t36.
1692 4762 1758 4826 Sed

438 4859 617 4943 quomodo
644 4860 677 4921 ln
704 4859 789 4921 omni
818 4861 881 4921 vita
908 4858 1083 4921 rectissime
1111 4859 1304 4941 praecipitur
1325 4865 1360 4920 ut
1381 4856 1633 4940 perturbationes
1653 4853 1758 4938 lagia·

503 5103 526 5150 t.
544 5113 584 5149 res
600 5114 662 5161 qssos
679 5112 693 5148 o
713 5126 739 5136 -
766 5099 915 5148 obedientem
931 5099 1056 5148 rationio
1081 5126 1108 5135 -
1134 5099 1279 5148 reticuisti
1307 5124 1333 5133 -
1362 5096 1527 5148 oboedientem
1542 5096 1662 5148 ABHb:
1681 5095 1760 5147 oboe-

436 5177 540 5226 dientem
556 5189 584 5234 a,
604 5175 752 5224 obedientem
769 5186 804 5224 oo
831 5200 857 5210 -
886 5175 910 5222 6.
929 5180 1065 5235 sequantur
1082 5188 1111 5232 a;
1135 5179 1333 5237 persequerere
1359 5200 1391 5209 -
1417 5173 1440 5221 7.
1459 5173 1519 5221 boat
1536 5173 1577 5222 lis
1603 5196 1630 5205 —
1656 5170 1681 5220 9.
1700 5175 1759 5221 sunt

437 5264 519 5302 omo
543 5277 570 5286 —
597 5248 681 5299 inulti
698 5263 714 5299 a
733 5277 759 5286 -
778 5250 870 5311 referta
887 5254 944 5297 sunt
960 5251 1075 5298 mnnioo
1104 5275 1131 5284 -
1159 5251 1198 5299 to.
1218 5261 1282 5310 quoe
1298 5246 1366 5298 A²ot
1386 5247 1504 5309 quoniam
1522 5245 1758 5311 [percompendint

436 5327 576 5378 mutter
604 5352 630 5362 -
659 5325 698 5373 ts.
717 5326 874 5388 ducpeneru
891 5337 1056 5385 sequamuro
1087 5350 1113 5359 -
1145 5322 1184 5372 43.
1202 5324 1444 5385 petendambaon
1473 5347 1499 5357 -
1530 5320 1570 5370 tt.
1588 5319 1670 5369 Ntcbit
1686 5320 1760 5369 attsd

435 5400 729 5464 sniomqnodfnttn
753 5426 779 5435 -
810 5399 1224 5460 t6.biiABt{b‚bs'jo,bieo
1253 5424 1280 5433 -
1309 5395 1759 5458 tt.ms·ttoipsotsttso:mttto

436 5478 488 5539 ipse
509 5477 566 5531 Ab;
592 5477 619 5525 in
635 5476 688 5537 ipso
704 5475 746 5523 ittc
769 5486 783 5524 o
813 5501 840 5510 -
870 5475 911 5523 ts.
930 5476 1044 5522 uenerint
1067 5485 1081 5521 o
1110 5501 1142 5509 -
1169 5487 1225 5522 cum
1241 5472 1331 5533 reliqui
1347 5473 1396 5521 sint
1411 5470 1505 5520 robusti
1520 5471 1547 5519 in
1563 5482 1674 5518 temone
1690 5481 1708 5519 a
1726 5495 1755 5505 —

436 5552 477 5601 26.
496 5556 548 5600 tum
563 5553 640 5600 etium
655 5552 716 5599 ino
747 5575 774 5584 -
804 5549 843 5597 29.
862 5550 939 5597 inesse
955 5548 1093 5597 minoribns
1114 5560 1146 5606 o;
1168 5549 1245 5597 inesse
1261 5547 1411 5597 moribusss
1442 5572 1469 5583 -
1499 5544 1539 5594 32.
1558 5548 1605 5593 esst
1620 5544 1758 5595 domesticis

438 5626 582 5688 (om.de)o
609 5652 636 5662 -
664 5623 704 5673 33.
723 5621 928 5687 ipitur1ucroB¹
952 5646 979 5658 -
1007 5624 1163 5672 atriatiam
1180 5623 1330 5673 oberrares
1354 5648 1381 5656 -
1409 5618 1449 5670 36.
1467 5630 1596 5669 omneso:
1615 5619 1754 5669 omdltll

437 5700 475 5749 sb
494 5726 526 5735 —
542 5700 619 5748 isdem
634 5701 712 5749 tab:
731 5700 823 5748 iisdem
840 5698 908 5753 ΒΗ;
926 5698 1016 5745 eisdem
1033 5708 1072 5746 oo
1093 5722 1117 5732 -
1143 5697 1295 5746 delectantur
1312 5698 1371 5745 Cer.
1385 5692 1497 5744 Sebere
1515 5693 1540 5743 in
1559 5693 1640 5743 labnii
1651 5692 1753 5744 Annall.

436 5772 526 5837 philol.
544 5772 633 5823 vol.8t
653 5787 677 5837 p.
688 5773 745 5823 stt.
770 5799 797 5807 -
822 5773 892 5821 dein
911 5770 999 5821 multis
1017 5770 1094 5821 codd.
1113 5775 1175 5833 (non
1194 5772 1219 5820 in
1237 5771 1311 5831 meis)
1331 5771 1458 5821 omissum
1474 5768 1516 5818 elli
1531 5767 1706 5819 secluserunt.
1722 5794 1749 5803 -

438 5848 478 5898 36.
497 5849 717 5912 estsuperscr.in
735 5849 751 5897 b
771 5871 797 5882 -
828 5846 1011 5908 quatinusAli
1041 5872 1068 5881 -
1098 5845 1138 5895 st.
1156 5847 1243 5895 modus
1259 5843 1659 5901 desinmdic-destinmdia;
1677 5842 1752 5891 desti-

437 5924 515 5972 nands·
531 5923 572 5974 Ab
591 5950 617 5961 -
636 5922 677 5973 38.
696 5936 744 5985 qno
759 5922 832 5972 modo
849 5921 966 5972 asub:
987 5922 1106 5983 quonium
1122 5922 1180 5986 (per
1191 5920 1389 5987 compendium)
1407 5932 1438 5983 s;
1456 5931 1529 5982 neem
1544 5919 1579 5971 ad
1593 5919 1693 5971 modest
1708 5928 1733 5967 o.
