4342 7459
439 1230 502 1299 tes
885 1228 939 1293 nu
961 1227 1133 1293 uuoeuu
1152 1227 1316 1293 ulmea
1413 1207 1418 1212 ’

438 1394 553 1461 melius
582 1390 721 1455 mundo:
750 1409 883 1455 necesse
911 1397 960 1453 est
989 1409 1065 1470 ergo
1094 1409 1167 1453 enm
1196 1390 1328 1453 deorum
1351 1389 1484 1454 consilio
1506 1397 1539 1453 at
1567 1389 1768 1473 providentia

438 1487 661 1554 administrari.
698 1486 862 1549 Postremo
892 1504 963 1547 cnm
993 1483 1069 1546 salis
1098 1483 1299 1546 docuerimus
1329 1483 1389 1547 hos
1417 1504 1488 1547 esse
1511 1483 1602 1561 deos,
1630 1505 1768 1569 quorum

437 1583 592 1664 insignem
615 1581 678 1643 vim
706 1586 738 1643 et
765 1577 930 1642 inlustrem
957 1577 1068 1640 faciem
1091 1577 1285 1652 videremus,
1314 1577 1415 1641 solem
1444 1577 1516 1641 dico
1544 1586 1575 1642 et
1600 1578 1710 1643 lunam
1736 1586 1769 1644 ct

436 1694 534 1758 vagas
556 1674 662 1737 stellas
684 1681 716 1737 et
737 1675 911 1737 inerrantes
934 1679 967 1735 et
988 1671 1110 1734 caelum
1133 1677 1165 1733 et
1186 1670 1339 1733 muudum
1362 1671 1465 1754 ipsum
1487 1679 1520 1734 et
1538 1692 1646 1736 earum
1660 1695 1768 1738 rerum
1839 1705 1845 1717 ·

414 1770 515 1843 evim,
548 1787 629 1851 qnae
662 1770 803 1830 inessent
829 1767 861 1827 iu
892 1766 978 1828 omni
1006 1764 1126 1827 mundo
1156 1784 1227 1827 cum
1256 1784 1370 1846 magno
1400 1785 1460 1827 usu
1489 1772 1522 1828 et
1543 1766 1768 1832 commoditate

437 1861 563 1947 generis
584 1860 733 1935 humani,
755 1859 892 1923 efficitur
913 1860 1020 1921 omnia
1045 1858 1111 1940 regi
1136 1858 1243 1921 divina
1265 1864 1370 1921 mente
1391 1866 1487 1941 atque
1508 1859 1689 1942 prudentia.
1723 1862 1770 1925 Ac

438 1957 602 2039 deprime
624 1954 752 2038 quidem
776 1962 862 2037 parte
884 1954 958 2016 satis
981 1953 1099 2017 dictum
1123 1961 1180 2019 est

522 2050 656 2111 xxxlt.
678 2044 729 2109 8l.
753 2048 905 2131 Sequitur
926 2054 961 2109 nt
982 2047 1112 2112 doceam
1135 2050 1241 2112 omnia
1262 2049 1404 2112 subiecta
1425 2068 1496 2112 esse
1517 2055 1650 2111 naturae
1665 2066 1767 2130 esque

438 2144 478 2207 eh
500 2164 538 2208 ea
559 2142 771 2227 pulcherrime
793 2141 871 2223 geri.
910 2141 972 2204 Sed
996 2143 1073 2225 quid
1096 2143 1136 2204 sit
1157 2143 1227 2225 ipsa
1248 2149 1360 2205 natura
1381 2141 1601 2225 explicandum
1625 2149 1675 2205 est
1695 2150 1769 2206 ante

402 2252 430 2300 to
440 2238 591 2310 breviter,
615 2255 681 2319 quo
701 2234 825 2298 facilius
847 2235 896 2309 id,
918 2235 1005 2318 quod
1021 2235 1136 2298 docere
1151 2236 1311 2309 volumus,
1335 2236 1477 2318 intellegi
1493 2238 1603 2318 possit.
1625 2237 1768 2319 Namque

439 2331 494 2395 elii
522 2338 664 2394 naturam
694 2348 765 2391 esse
795 2336 927 2392 censent
948 2330 1010 2391 mm
1033 2329 1192 2412 quandam
1215 2331 1283 2393 sine
1305 2329 1426 2392 ratione
1450 2330 1584 2393 cientem
1607 2336 1712 2392 motus
1734 2330 1769 2392 in

439 2423 625 2507 corporibus
648 2423 858 2495 necessarios,
880 2423 934 2486 alii
957 2431 1061 2486 autem
1083 2426 1146 2486 vim
1170 2424 1355 2506 participem
1377 2423 1509 2486 rationis
1530 2431 1626 2507 atque
1648 2422 1768 2486 ordinis

439 2526 599 2601 mmquam
628 2517 679 2580 via
706 2516 960 2600 progredientem
990 2516 1283 2601 declarantemque,
1315 2517 1390 2600 quid
1420 2517 1573 2600 cuiusque
1604 2518 1650 2581 rei
1672 2537 1769 2582 cansa

439 2608 570 2685 efficiat,
599 2610 675 2695 quid
697 2617 861 2694 sequatur,
893 2611 984 2674 cuius
1006 2611 1176 2674 sollertiam
1202 2611 1290 2674 nulla
1312 2630 1378 2685 ars,
1406 2611 1494 2673 nulla
1517 2629 1645 2686 manus,
1674 2631 1768 2675 nemo

401 2703 547 2786 stopiiex
570 2704 721 2789 consequi
745 2705 844 2787 possit
864 2704 1033 2778 imitand03
1065 2705 1193 2767 seminis
1209 2705 1300 2773 ,enim
1321 2707 1386 2767 vim
1408 2723 1478 2767 esse
1500 2712 1638 2780 tantam,
1667 2714 1704 2768 ut
1725 2706 1768 2781 id,

439 2816 632 2880 quamquam
655 2799 698 2861 sit
718 2798 940 2880 perexiguum,
962 2806 1082 2871 tamen,
1106 2798 1132 2860 si
1154 2798 1303 2862 inciderit
1324 2800 1357 2861 in
1379 2799 1611 2880 concipientem
1635 2819 1769 2884 conpre-

438 2889 695 2976 hendentemque
710 2900 852 2954 naturam
868 2899 1080 2974 nanctumque
1092 2892 1133 2954 sit
1147 2893 1320 2967 materiam,
1332 2913 1396 2976 qua
1411 2892 1453 2956 ali
1468 2894 1643 2976 augerique
1658 2894 1769 2977 possit,

439 2985 484 3048 ita
505 2980 603 3067 lingat
624 2992 655 3047 et
676 2984 793 3050 alliciat
815 2986 847 3047 in
870 3004 928 3048 suo
951 2984 1091 3070 quidque
1114 3006 1244 3069 genere,
1265 2988 1379 3070 partim
1400 2995 1436 3050 ut
1457 2994 1578 3049 tantum
1600 2988 1696 3051 modo
1712 3006 1769 3072 par

440 3077 554 3159 stirpes
576 3078 702 3141 alantur
723 3099 812 3152 suas,
834 3078 946 3163 partim
969 3087 1005 3140 ut
1027 3079 1146 3142 moveri
1170 3082 1264 3143 etiam
1287 3088 1319 3143 et
1340 3080 1457 3143 sentire
1473 3088 1505 3142 et
1522 3089 1673 3164 appetere
1694 3101 1769 3165 pos·

402 3172 506 3237 rosim
532 3180 565 3234 et
592 3192 633 3235 ex
653 3194 724 3237 sese
745 3174 859 3237 similia
881 3174 930 3235 sui
953 3173 1092 3255 gignere.
1129 3170 1180 3236 82.
1204 3174 1284 3237 Sunt
1305 3182 1411 3237 autem
1434 3173 1488 3256 qui
1512 3174 1618 3237 omnia
1639 3182 1769 3239 naturae

440 3267 570 3330 nomine
591 3268 769 3351 appellent,
792 3276 827 3330 ut
846 3267 1020 3349 Epicurus,
1042 3267 1098 3349 qui
1120 3267 1162 3329 ita
1177 3267 1306 3342 dividit,
1329 3269 1485 3341 omnium,
1508 3286 1590 3350 quae
1611 3268 1691 3342 sint,
1714 3289 1769 3333 na·

440 3368 544 3424 turam
572 3381 643 3425 esse
665 3380 798 3444 corpora
820 3369 852 3424 et
881 3362 975 3423 inane
997 3380 1143 3443 quaeque
1165 3361 1205 3424 iis
1227 3360 1382 3425 accidant.
1428 3362 1490 3424 Sed
1513 3381 1572 3423 nos
1594 3381 1666 3424 cnm
1690 3361 1769 3426 dioi-

440 3474 511 3517 mus
534 3463 645 3518 natura
666 3464 809 3518 constare
832 3454 1112 3537 administrarique
1134 3455 1300 3529 mundum,
1324 3475 1387 3518 non
1402 3456 1446 3518 ita
1461 3455 1610 3530 dicimus,
1633 3464 1668 3518 ut
1682 3456 1768 3538 glae-

439 3547 512 3611 bam
545 3560 598 3612 eut
628 3548 837 3630 fragmentum
869 3546 981 3629 lepidis
1010 3555 1064 3609 aut
1096 3548 1217 3631 aliquid
1240 3551 1306 3611 eius
1329 3549 1432 3623 modi,
1465 3550 1552 3612 nulla
1577 3550 1768 3614 cohaerendi

403 3650 568 3717 sanatura,
591 3642 646 3705 sed
670 3650 704 3705 ut
725 3642 888 3714 arborem,
910 3648 945 3703 ut
966 3641 1099 3716 animal,
1121 3642 1154 3703 in
1176 3643 1292 3726 quibus
1315 3643 1402 3706 nulla
1420 3644 1594 3717 temeritas,
1617 3642 1673 3706 sed
1689 3642 1767 3706 ordo

440 3744 574 3819 apparet
594 3745 626 3799 et
646 3737 721 3798 artis
743 3734 898 3818 quaedam
922 3733 1107 3797 similitudo.

525 3830 673 3892 xxxttt.
696 3826 747 3891 83.
778 3828 872 3903 Quod
900 3828 927 3892 si
957 3846 1010 3900 ea,
1039 3848 1122 3912 quae
1143 3848 1162 3891 a
1184 3837 1266 3891 terra
1288 3830 1436 3911 stirpibus
1459 3830 1678 3906 continentur,
1701 3838 1768 3894 arte

439 3929 570 3987 naturae
591 3923 703 3986 vivunt
723 3931 755 3986 el
775 3923 896 4004 vigent,
920 3921 1060 4004 prolecto
1084 3924 1152 4006 ipsa
1170 3930 1253 3985 terra
1268 3922 1378 3986 eadem
1395 3925 1425 3986 vi
1440 3925 1629 3999 continetur,
1645 3925 1766 4008 quippe

440 4037 523 4101 quae
545 4016 705 4100 gravidata
728 4016 900 4079 seminibus
916 4016 1022 4094 omnia
1037 4017 1139 4098 pariat
1152 4025 1184 4079 et
1202 4015 1313 4079 tundet
1328 4037 1367 4079 ex
1383 4038 1469 4091 sese,
1491 4018 1606 4101 stirpes
1622 4017 1768 4101 amplexa

402 4112 505 4175 nalal
527 4121 559 4175 et
581 4118 695 4191 augeat
711 4112 842 4195 ipsaque
857 4110 959 4172 alatur
974 4109 1111 4171 vicissim
1130 4129 1146 4173 e
1163 4113 1286 4192 superis
1302 4112 1505 4194 externisque
1521 4112 1662 4186 naturis;
1684 4112 1769 4174 eius·

441 4205 577 4287 demque
600 4204 866 4286 exspirationibus
889 4211 920 4265 et
942 4211 995 4265 aiir
1015 4204 1110 4266 alitur
1132 4213 1162 4266 et
1184 4204 1293 4266 aether
1315 4213 1347 4266 et
1369 4206 1474 4267 omnia
1496 4225 1619 4288 supera.
1657 4207 1718 4280 lta,
1740 4205 1768 4268 si

440 4307 524 4361 terra
546 4305 656 4360 natura
679 4306 804 4360 tenetur
826 4305 857 4359 et
878 4298 979 4378 viget,
1002 4298 1112 4360 eadem
1136 4300 1215 4360 ratio
1238 4298 1269 4358 in
1286 4298 1409 4379 reliquo
1426 4298 1543 4360 mundo
1560 4308 1627 4375 cst3
1653 4301 1768 4382 stirpes

440 4393 522 4455 enim
544 4400 647 4454 terrae
669 4391 854 4465 inhaerent;
883 4392 1058 4453 animantes
1089 4399 1194 4453 autem
1222 4391 1435 4473 adspiratione
1457 4393 1540 4454 airis
1563 4393 1769 4467 sustinentur,

439 4485 572 4568 ipseque
593 4491 647 4547 adr
666 4485 831 4547 nobiscum
846 4484 945 4558 videt,
968 4485 1131 4547 nobiscum
1148 4484 1249 4558 audit,
1273 4485 1437 4547 nobiscum
1453 4494 1565 4561 sonat3
1589 4488 1669 4548 nihil
1684 4487 1768 4548 enim

401 4591 546 4644 aneorum
570 4580 638 4643 sine
661 4598 699 4641 eo
721 4576 786 4640 lieri
809 4586 922 4662 potest.
960 4578 1045 4653 Quin
1069 4579 1162 4639 etiam
1186 4587 1331 4640 movetur
1351 4579 1538 4653 nobiscum;
1568 4599 1768 4663 quacumque

439 4674 524 4737 enim
554 4674 652 4745 imus,
683 4692 881 4754 quacumque
904 4692 1083 4745 movemur,
1106 4672 1230 4734 videtur
1252 4673 1342 4755 quasi
1366 4673 1470 4734 locum
1493 4672 1568 4735 dare
1590 4681 1622 4737 et
1643 4674 1768 4736 cedere.

438 4763 490 4831 8l.
514 4767 665 4847 Quaeque
688 4767 720 4827 in
744 4766 883 4828 medium
906 4766 1009 4828 locum
1032 4767 1156 4839 mundi,
1178 4766 1232 4849 qui
1250 4776 1297 4829 est
1314 4764 1457 4838 infimus,
1480 4776 1609 4849 etquae
1626 4767 1767 4830 emedio

438 4862 472 4924 in
502 4881 651 4942 superum
678 4879 826 4943 quaeque
857 4860 1064 4922 conversione
1087 4860 1223 4922 rutunda
1246 4862 1360 4922 circum
1385 4861 1522 4923 medium
1545 4860 1703 4935 feruutur,
1732 4880 1769 4923 ea

504 5102 527 5151 l.
545 5114 602 5150 cnm
618 5115 671 5151 om.
690 5097 720 5150 B¹
739 5126 765 5138 -
785 5103 809 5152 5.
829 5102 855 5149 in
872 5114 925 5150 om.
945 5103 965 5150 ll
985 5128 1010 5137 —
1032 5101 1055 5149 d.
1074 5102 1127 5162 regi
1146 5113 1199 5149 om.
1220 5095 1248 5150 Βι
1270 5128 1291 5137 -
1314 5100 1337 5149 8.
1357 5113 1437 5161 enque
1454 5112 1523 5148 corr.
1543 5114 1574 5149 er
1593 5115 1689 5163 necque
1706 5103 1767 5150 V-

437 5175 461 5225 9.
473 5176 529 5239 regi
545 5177 594 5226 EO
614 5204 641 5212 -
662 5178 700 5225 to.
720 5190 769 5238 qno
784 5176 934 5239 innitimini,
953 5176 1019 5237 qnod
1035 5177 1123 5225 doecre
1138 5178 1251 5236 insilimus,
1270 5177 1376 5238 intellegi
1392 5178 1468 5236 possit
1487 5177 1634 5226 Priscianus
1648 5178 1689 5236 lx,
1704 5180 1727 5238 t,
1741 5178 1767 5229 8.

438 5277 465 5286 -
480 5253 519 5300 lb.
537 5252 661 5300 cmilnndo
674 5248 703 5299 V¹
718 5278 744 5287 -·
764 5254 803 5301 t6.
822 5253 1104 5313 conprendentemqnell
1118 5249 1157 5312 Ψ,
1176 5253 1475 5313 conpraehendenlemqnc
1492 5252 1510 5300 B
1530 5277 1556 5286 -
1579 5253 1617 5300 l‘l.
1631 5259 1767 5303 nnnclnm·

436 5338 483 5389 qno
500 5325 606 5374 ACV¹2
631 5332 783 5387 neutramque
801 5340 869 5375 corr.
890 5328 915 5374 in
933 5331 1081 5388 nnetnmqnc
1100 5328 1135 5384 Β;
1158 5334 1259 5377 nactum
1270 5328 1305 5383 F.;
1326 5325 1476 5388 nantemque
1494 5324 1554 5375 ΨΟ
1573 5354 1600 5362 -
1620 5342 1672 5390 qno
1689 5330 1725 5378 nit
1742 5332 1768 5380 in

435 5412 488 5450 ras.
508 5412 545 5449 m.
564 5412 619 5450 aec.
637 5403 672 5457 Α;
692 5402 762 5463 quali
781 5403 799 5451 C
820 5428 846 5437 -
868 5402 907 5450 48.
926 5403 1031 5464 quicque
1049 5405 1131 5462 (corr.
1151 5414 1187 5450 m.
1207 5415 1262 5451 sec.
1283 5404 1307 5451 in
1326 5404 1441 5465 quidque)
1461 5403 1494 5458 V;
1519 5403 1627 5463 quinque
1645 5405 1722 5466 (corr.
1742 5406 1768 5455 in

435 5477 547 5538 qnicqnc)
570 5477 605 5532 33
633 5489 745 5538 quaeque
765 5479 801 5531 n;
829 5490 926 5540 qnoque
943 5477 961 5524 Ε
984 5503 1011 5511 -
1041 5478 1080 5526 ta.
1096 5482 1194 5538 poscent
1213 5475 1301 5526 BCV¹
1322 5504 1348 5512 -
1377 5478 1417 5526 20.
1437 5478 1475 5524 sni
1491 5478 1583 5525 similia
1601 5479 1620 5527 0
1641 5506 1667 5515 -
1686 5480 1725 5528 22.
1746 5486 1769 5529 el

433 5552 509 5600 ianne
524 5564 636 5612 quaeque
656 5558 679 5601 et
700 5555 775 5600 inane
791 5552 852 5600 iisl
875 5577 900 5586 -
920 5552 956 5599 his
974 5552 1052 5601 BEO
1074 5579 1099 5587 -
1120 5552 1159 5599 23.
1175 5551 1289 5614 glaebam
1300 5554 1335 5605 A:
1355 5552 1466 5600 clncbnm
1479 5552 1556 5612 (corr.
1570 5552 1596 5600 in
1609 5552 1714 5615 glebam)
1729 5554 1766 5610 V;

434 5629 532 5694 plebem
550 5628 656 5678 BCEO
677 5654 702 5662 -
722 5625 762 5676 al.
781 5627 927 5675 cohaerendi
945 5639 1013 5675 corr.
1034 5641 1065 5675 ex
1083 5628 1211 5675 coercendi
1228 5628 1246 5676 B
1267 5654 1294 5662 -
1314 5627 1353 5676 28.
1373 5629 1513 5675 continetur
1530 5627 1666 5676 Davisius:
1685 5629 1769 5676 conti-

434 5708 509 5753 netur
524 5708 581 5751 orte
596 5707 705 5751 nntnrcc
721 5699 761 5753 n:
781 5703 921 5751 continetur
937 5708 960 5750 ct
977 5707 1032 5751 arte
1048 5709 1159 5750 nntnrne
1176 5703 1196 5751 0
1218 5728 1240 5738 —
1263 5702 1303 5751 30.
1322 5704 1449 5751 vicissima
1466 5716 1483 5750 n
1500 5702 1596 5765 (priore
1608 5716 1625 5751 n
1637 5701 1733 5766 deleta)
1747 5704 1769 5752 V

437 5804 465 5815 -
483 5780 635 5841 elinmmqnl
652 5781 672 5829 tt
692 5806 719 5815 -
738 5777 778 5825 at.
797 5782 820 5826 et
836 5790 896 5825 coer
913 5780 1055 5840 (superscr.
1075 5777 1091 5825 h
1109 5779 1177 5826 inter
1193 5791 1210 5826 n
1227 5779 1254 5825 et
1270 5777 1290 5838 e]
1309 5781 1348 5835 Λ;
1367 5790 1412 5827 ner
1424 5779 1487 5838 (om.
1501 5777 1530 5835 et)
1550 5777 1575 5825 in
1594 5789 1645 5826 res.
1659 5789 1696 5825 m.
1710 5790 1765 5827 sec.

435 5852 459 5901 V
472 5879 498 5890 -
512 5859 535 5903 ct
545 5854 661 5904 ethaerA
676 5879 702 5888 —
722 5866 814 5915 supera
831 5865 900 5901 corr.
914 5866 945 5902 er
964 5867 1041 5915 sopra
1052 5853 1075 5900 V
1095 5877 1122 5889 -
1141 5853 1182 5901 Ito
1198 5866 1250 5902 om.
1271 5854 1290 5906 C
1313 5880 1337 5890 -
1360 5853 1401 5903 3l.
1419 5856 1519 5915 ipseque
1536 5865 1582 5900 ner
1592 5877 1630 5889 --
1641 5852 1768 5902 nobiscnm

436 5933 508 5978 sonet
520 5943 574 5980 om.
588 5927 619 5979 V¹
630 5956 657 5967 -
671 5929 712 5980 36.
726 5942 881 5992 qnocmnqnc
891 5941 1021 5978 monemur
1037 5928 1101 5977 BV:
1121 5941 1173 5992 qun
1184 5942 1314 5979 monor
1325 5930 1345 5979 rt
1356 5929 1405 5978 CF.
1419 5954 1446 5964 -
1468 5927 1508 5977 38.
1522 5932 1573 5983 vol.
1587 5924 1657 5976 AV¹2
1674 5932 1723 5977 rot.
1734 5927 1765 5984 0.
