4342 7459
450 1229 513 1297 254
777 1232 1102 1297 TUSCULANARUM
1123 1232 1453 1301 DlSPUTATlONUM

449 1394 633 1478 irequemm
652 1391 847 1466 audirimus,
869 1392 1006 1455 instituit
1026 1392 1091 1455 alio
1113 1398 1257 1475 tempore
1283 1394 1445 1460 rhetorum
1461 1408 1630 1481 praecepta
1643 1404 1779 1483 tradere,

450 1489 511 1554 alio
540 1485 819 1572 pbilosophorum:
849 1485 889 1548 ad
913 1505 1007 1568 quam
1029 1506 1088 1549 nos
1111 1487 1372 1551 consuetudinem
1390 1509 1409 1552 a
1430 1489 1639 1558 familiaribus
1661 1501 1779 1565 nostris

449 1582 578 1647 adducti
599 1582 632 1644 in
654 1578 855 1652 Tusculano,
877 1579 962 1663 quod
986 1580 1094 1642 datum
1110 1588 1159 1644 est
1179 1583 1331 1664 temporis
1347 1584 1454 1659 nobis,
1477 1586 1511 1647 in
1526 1605 1565 1648 eo
1579 1594 1779 1675 consumpsi·

449 1697 531 1742 mus.
566 1676 676 1757 ltaque
698 1693 771 1736 cum
785 1680 858 1735 ante
873 1672 1037 1736 meridiem
1053 1673 1185 1738 dictioni
1202 1693 1329 1757 operam
1347 1677 1558 1761 dedissemus,
1581 1687 1664 1750 sicut
1678 1686 1778 1770 pridie

425 1769 639 1842 sieceramun,
667 1774 741 1850 post
762 1766 926 1831 meridiem
947 1767 980 1829 in
1002 1768 1205 1831 Academiam
1228 1770 1464 1848 descendimus,
1494 1776 1527 1839 in
1549 1780 1779 1865 qundisputa·

448 1866 568 1927 tionem
589 1862 728 1926 habitam
750 1881 816 1924 non
839 1862 928 1945 quasi
951 1870 1116 1925 narrantes
1138 1863 1344 1946 exponimus,
1367 1866 1423 1929 sed
1446 1870 1566 1934 eisdem
1580 1860 1647 1938 iere
1662 1875 1778 1949 verbis,

446 1966 484 2022 ut
503 1965 607 2022 sctum
630 1955 890 2038 disputatumque
913 1964 970 2018 est

532 2055 584 2116 lv.
607 2048 659 2114 tu.
686 2052 743 2113 Est
770 2050 868 2133 igitur
893 2050 1128 2113 ambulantibus
1156 2051 1304 2114 adhunc
1326 2053 1455 2117 modum
1477 2076 1582 2123 sermo
1605 2061 1660 2124 ille
1682 2062 1776 2125 nobis

447 2147 610 2211 institutus
637 2152 669 2210 et
697 2164 715 2207 a
742 2143 806 2206 teli'
821 2144 959 2227 quodam
981 2143 1096 2206 ductus
1119 2145 1271 2208 exordio:
1307 2146 1343 2208 A.
1367 2148 1436 2211 Ilici
1465 2170 1529 2215 non
1551 2163 1658 2236 potest
1680 2176 1777 2240 quem

409 2246 506 2309 ⁴⁰sim
535 2242 685 2305 besterna
707 2237 922 2322 disputatione
952 2246 1005 2300 tua
1028 2236 1203 2301 delectatus
1227 2237 1277 2301 rel
1299 2242 1405 2323 potius
1427 2242 1565 2310 adiutus.
1601 2249 1670 2313 Etsi
1691 2252 1776 2313 enim

446 2337 523 2401 mibi
547 2355 617 2399 sum
639 2332 784 2397 conscius
806 2351 979 2415 numquam
1001 2351 1051 2394 me
1073 2331 1170 2393 nimis
1184 2332 1267 2395 vitae
1290 2333 1441 2416 cupidum
1463 2336 1578 2414 tuisse,
1600 2349 1706 2405 umen
1729 2343 1777 2404 in·

446 2430 571 2495 terdum
593 2425 790 2491 obiciebatur
810 2426 917 2488 animo
938 2432 1041 2487 metus
1057 2424 1186 2507 quidem
1201 2433 1234 2489 et
1248 2426 1342 2489 dolor
1356 2430 1504 2510 cogitanti
1519 2432 1586 2497 iore
1601 2435 1775 2519 aliquando

446 2522 540 2588 finem
561 2521 657 2584 buius
679 2518 759 2581 lucis
781 2526 813 2581 et
829 2517 1033 2581 amissionem
1049 2518 1191 2581 omnium
1207 2522 1289 2583 ritae
1304 2522 1551 2588 commodorum.
1575 2526 1644 2590 lloc
1658 2547 1775 2610 genere

445 2616 610 2681 molestiae
633 2614 692 2688 sic,
715 2613 792 2676 mihi
814 2613 923 2687 crede,
945 2634 1015 2675 sum
1038 2613 1206 2689 liberatus,
1233 2622 1269 2677 ut
1289 2613 1368 2678 nibil
1392 2618 1497 2682 minus
1520 2622 1695 2684 curandum
1715 2643 1776 2705 pu·

408 2721 519 2776 rotem.
556 2704 607 2771 lt.
629 2710 672 2771 Μ.
694 2707 823 2770 llinime
851 2705 964 2769 mirum
993 2706 1025 2767 id
1056 2705 1205 2788 quidem3
1237 2728 1311 2771 nam
1339 2706 1436 2773 elficit
1464 2711 1526 2775 hoc
1552 2713 1774 2798 pbilosophis:

445 2804 590 2870 medetur
603 2801 732 2875 animis,
754 2800 865 2863 inanes
881 2799 1112 2863 sollicitudines
1129 2800 1276 2877 detrahit,
1294 2804 1519 2885 cupiditatibus
1535 2806 1663 2882 liberat,
1685 2809 1777 2892 pellit

445 2901 583 2964 timores.
620 2896 682 2959 Sed
704 2895 783 2957 haec
806 2895 874 2957 eius
896 2894 942 2956 vis
965 2913 1029 2956 non
1044 2893 1130 2956 idem
1151 2904 1258 2977 potest
1270 2895 1355 2978 apud
1371 2899 1489 2962 omnis:
1512 2908 1579 2963 tum
1593 2901 1679 2966 valet
1693 2902 1776 2966 mul·

444 3001 526 3067 tum,
563 3011 634 3055 cum
669 2995 717 3051 est
752 2986 899 3049 idoneam
933 2987 1090 3069 conplexa
1125 2997 1279 3053 naturam.
1328 2992 1431 3054 Fortis
1464 2994 1550 3057 enim
1579 3014 1646 3059 non
1675 2996 1772 3060 modo

442 3086 571 3150 fortuna
596 3084 740 3157 adiuvat,
777 3090 812 3144 ut
840 3088 889 3144 est
916 3081 950 3143 in
981 3089 1086 3144 vetere
1116 3085 1301 3164 proverbio,
1332 3084 1388 3149 sed
1422 3087 1522 3150 multo
1552 3092 1651 3172 magis
1681 3092 1773 3166 ratio,

405 3193 524 3268 requae
547 3176 735 3264 quibusdam
759 3176 851 3259 quasi
881 3176 1058 3257 praeceptis
1081 3173 1244 3241 confirmat
1265 3179 1328 3241 vim
1351 3179 1555 3245 fortitudinis.
1592 3185 1637 3247 Te
1659 3194 1774 3249 natura

442 3277 603 3341 excelsum
635 3270 794 3356 quendam
822 3270 972 3333 videlicet
999 3276 1032 3332 et
1060 3269 1159 3332 altum
1182 3280 1214 3334 et
1234 3271 1372 3336 humana
1394 3273 1622 3356 despicientem
1644 3280 1773 3362 genuit3

442 3372 549 3454 itaque
579 3367 671 3430 facile
699 3366 733 3428 in
763 3365 869 3428 animo
894 3363 969 3426 forti
999 3371 1109 3427 contm
1131 3374 1265 3429 mortem
1285 3366 1395 3430 habita
1416 3367 1535 3433 insedit
1557 3374 1670 3437 oratio.
1708 3375 1772 3437 Sed

441 3470 520 3533 baec
541 3464 652 3529 eedem
674 3481 749 3524 num
773 3479 884 3523 censes
906 3459 992 3541 apud
1014 3478 1069 3521 eos
1092 3459 1179 3540 ipsos
1202 3462 1307 3525 valere
1329 3461 1389 3525 nisi
1406 3461 1577 3527 admodum
1600 3487 1730 3550 paucos,
1753 3487 1773 3531 ι

442 3563 557 3647 quibus
578 3559 723 3629 inventa,
749 3554 925 3636 disputata,
953 3553 1134 3635 conscripta
1155 3558 1254 3619 sunti
1288 3555 1410 3630 Quotus
1432 3558 1516 3621 enim
1539 3560 1677 3644 quisque
1699 3561 1772 3643 pbi-

403 3653 649 3736 nlosophorum
671 3648 832 3712 invenitur
853 3649 909 3732 qui
932 3647 1038 3710 silita
1060 3656 1217 3723 moratus,
1239 3648 1282 3711 ita
1303 3648 1410 3712 animo
1432 3669 1470 3713 ac
1487 3650 1550 3714 vita
1567 3654 1771 3727 constitutur,

441 3757 479 3812 ut
498 3748 578 3811 ratio
601 3743 763 3827 postulati
786 3741 841 3827 qui
865 3740 1063 3823 disciplinam
1079 3760 1168 3806 suam
1183 3762 1245 3806 non
1261 3743 1506 3807 ostentationem
1521 3746 1691 3821 scientiae,
1712 3747 1770 3809 sed

440 3845 543 3927 legem
572 3841 654 3904 vitae
682 3838 793 3920 putet?
826 3836 881 3919 qui
911 3835 1108 3917 obtemperet
1135 3836 1205 3917 ipse
1235 3835 1295 3898 sibi
1324 3840 1355 3898 et
1383 3835 1519 3901 decretis
1542 3839 1607 3902 suis
1632 3842 1771 3922 parenti

441 3935 492 4003 lu.
514 3937 631 4000 Videre
651 3931 727 3994 licet
747 3928 826 3993 alios
848 3936 933 3991 tanta
958 3928 1085 3992 levitate
1108 3939 1139 3993 et
1159 3930 1343 4004 iactatione,
1365 3937 1401 3993 ut
1421 3930 1462 3994 iis
1482 3929 1579 3995 inerit
1599 3951 1665 3994 non
1687 3931 1772 3995 didi·

440 4035 523 4098 cisse
544 4029 676 4103 melium
701 4024 781 4088 alios
804 4023 959 4107 pecuniae
981 4022 1129 4106 cupidos,
1151 4023 1269 4105 gloriae
1291 4042 1355 4085 non
1374 4023 1498 4098 nullos,
1521 4025 1635 4088 multos
1663 4023 1771 4089 libidi-

402 4135 517 4192 ³⁰num
538 4142 662 4195 servos,
684 4126 720 4182 ut
740 4138 810 4180 oum
834 4136 945 4180 eorum
968 4117 1031 4180 vita
1053 4116 1239 4180 mirabiliter
1259 4124 1379 4200 pugnet
1394 4118 1511 4180 oratio:
1535 4117 1621 4200 quod
1636 4117 1769 4201 quidem

440 4222 518 4286 mihi
546 4218 671 4285 videtur
698 4232 768 4276 esse
791 4210 1018 4294 turpissimum.
1055 4209 1096 4273 Ut
1122 4210 1206 4272 enim
1237 4212 1263 4273 si
1290 4210 1527 4292 grammaticum
1550 4228 1584 4272 se
1606 4208 1770 4293 professus

441 4315 599 4401 quispiam
628 4309 760 4372 barbare
789 4305 938 4388 loquatur
959 4309 1013 4366 aut
1035 4303 1062 4366 si
1084 4303 1221 4366 absurde
1244 4311 1336 4366 canat
1357 4303 1399 4376 is,
1428 4304 1483 4385 qui
1505 4322 1540 4366 se
1561 4302 1671 4366 baberi
1695 4303 1770 4366 velit

438 4409 613 4478 musicum,
636 4404 696 4465 boc
718 4400 840 4481 turpior
861 4399 918 4472 sit,
940 4395 1027 4482 quod
1042 4398 1076 4459 iu
1092 4415 1130 4458 eo
1146 4396 1217 4478 ipso
1232 4403 1356 4479 peccet,
1380 4396 1470 4458 cuius
1484 4395 1650 4479 profitetur
1664 4397 1769 4461 scien·

440 4504 532 4576 tiam,
555 4500 600 4563 sic
621 4492 834 4579 philosophus
856 4493 888 4553 in
911 4491 993 4553 vitae
1015 4490 1138 4553 ratione
1161 4509 1296 4572 peccans
1319 4489 1379 4551 boo
1402 4489 1524 4571 turpior
1546 4494 1609 4563 est,
1634 4489 1721 4572 quod
1736 4490 1768 4550 in

401 4593 555 4669 solleio,
576 4591 668 4656 cuius
690 4586 840 4669 magister
861 4603 931 4647 esse
954 4584 1036 4659 vult,
1059 4583 1176 4646 labitur
1196 4591 1361 4666 artemque
1383 4581 1467 4646 vitae
1488 4581 1649 4666 professus
1666 4582 1768 4646 delin-

440 4688 510 4775 quit
530 4687 563 4750 in
586 4685 658 4749 vita.

504 4952 787 5008 t.retitonenGll-
810 4948 833 4998 3.
852 4946 1218 5011 dotwnldinrssuratl—
1239 4944 1506 4995 hmeridietllv-
1527 4946 1765 4997 ochodemieenGlt

440 5062 467 5073 ..
486 5036 511 5085 9,
529 5034 617 5083 Μαι
633 5025 794 5078 Cratander:
812 5024 927 5073 inductur
944 5023 974 5073 C.
994 5024 1064 5072 escr.
1083 5023 1192 5083 quodem
1209 5022 1295 5071 ductus
1312 5021 1329 5070 i.
1343 5034 1367 5071 e.
1386 5023 1486 5071 tractus
1502 5022 1620 5080 mordim
1638 5020 1673 5071 ci.
1691 5021 1763 5071 Brut.

437 5109 527 5174 §⁴⁴8³
546 5106 673 5167 numisque
688 5102 730 5151 itte
745 5112 825 5149 ennio
836 5099 924 5148 ductus
941 5102 975 5147 ert
991 5110 1004 5147 e
1017 5098 1206 5160 percontatione
1220 5096 1275 5159 tilii.
1300 5094 1367 5145 lbid.
1382 5095 1436 5159 §st
1450 5110 1455 5143 :
1473 5096 1530 5145 irinc
1541 5097 1629 5146 ductor
1639 5101 1765 5146 estrnino

436 5208 474 5222 --
485 5182 518 5232 ab
533 5182 581 5230 nn
595 5179 667 5227 initio
684 5181 793 5225 tractum
808 5187 858 5224 erre
873 5186 1019 5223 sermonem
1047 5170 1125 5222 Plane
1143 5170 1214 5221 aliud
1230 5173 1272 5221 est
1288 5170 1323 5220 ad
1339 5173 1391 5221 Ati.
1410 5171 1474 5230 lllll‚
1489 5171 1529 5232 to,
1543 5170 1575 5222 ti
1591 5184 1672 5222 senno
1689 5173 1765 5222 indn-

435 5259 503 5308 oitur
512 5280 542 5304 =
553 5255 668 5317 tingitur,
679 5252 746 5301 mind
756 5250 920 5313 donemini.»
933 5249 1007 5298 W.-
1022 5251 1062 5298 tt.
1075 5248 1124 5298 mei
1134 5248 1209 5297 nimir
1220 5248 1239 5295 G
1249 5247 1292 5304 [υς
1305 5259 1344 5295 me
1354 5246 1436 5295 minue
1448 5259 1516 5296 corr.
1531 5259 1566 5296 m.
1580 5246 1764 5297 recentissima

437 5335 456 5383 u
474 5357 502 5368 -
522 5331 562 5380 ti.
580 5329 713 5393 contentis
729 5326 790 5375 C-
808 5325 850 5375 20.
865 5323 1028 5387 praescriptis
1044 5323 1113 5372 Bake
1131 5320 1218 5372 Schol.
1232 5322 1365 5385 llypomn.
1377 5321 1411 5370 lv
1422 5334 1448 5385 p.
1461 5320 1502 5380 82,
1520 5319 1579 5372 coll.
1592 5323 1623 5372 N.
1637 5322 1692 5372 [Μ
1710 5321 1763 5385 57.

438 5433 466 5443 -
483 5408 526 5456 st.
544 5404 714 5466 despicientem
731 5412 800 5450 corr.
819 5411 851 5448 ex
868 5397 1064 5459 dispicientem
1080 5422 1107 5432 -
1125 5394 1166 5446 ii.
1181 5398 1274 5458 Quotus
1286 5395 1607 5458 qunque--pareaerntn
1630 5395 1762 5446 Videre·-

435 5482 584 5540 luctatione,
607 5483 635 5527 st
651 5475 852 5536 siv-cneum,
875 5474 939 5523 ultor
954 5472 1066 5535 ymnos,
1083 5471 1324 5534 mnttornpnqnet
1340 5470 1422 5519 oratio
1440 5471 1588 5520 Lactantius
1605 5470 1653 5530 ΙΙΙ,
1673 5472 1713 5521 to.
1734 5496 1761 5507 -

435 5559 477 5609 27.
495 5556 544 5619 ipsi
560 5556 579 5605 C
599 5579 626 5590 -
645 5552 687 5603 2⁸.
705 5555 733 5600 nt
748 5550 781 5598 iis
796 5547 896 5599 own:
915 5553 943 5596 nt
958 5548 995 5596 hir
1012 5548 1055 5604 11²3
1073 5547 1105 5596 its
1120 5551 1148 5595 nt
1164 5547 1183 5596 0
1199 5573 1225 5583 -
1243 5546 1285 5595 29.
1303 5544 1429 5595 libidinem
1446 5543 1475 5594 G¹
1493 5571 1517 5583 -
1538 5545 1579 5596 di.
1597 5542 1689 5594 babere
1705 5546 1763 5594 om

438 5661 465 5670 -
484 5633 525 5683 33.
545 5630 617 5679 elion
634 5625 728 5676 dubito
745 5625 808 5687 quin
820 5636 882 5673 vere
901 5624 935 5672 sit
948 5622 1058 5671 Ernestii
1071 5623 1222 5671 coniectura
1234 5621 1305 5670 meins
1318 5621 1517 5683 profiteatur
1533 5620 1674 5681 scientium
1694 5632 1762 5684 quse

435 5706 566 5757 sententia
583 5702 618 5752 ab
635 5699 776 5766 hypothesi
794 5710 846 5748 uon
863 5698 947 5759 magis
964 5695 1112 5746 divellenda
1131 5694 1271 5758 [utiquam
1288 5692 1360 5744 illae:
1380 5695 1533 5757 qni-uelit
1550 5696 1577 5744 et
1593 5696 1659 5757 quod
1670 5708 1763 5757 -pec-

435 5785 507 5830 cet.»
525 5780 568 5829 W.
586 5779 671 5828 lmmo
686 5775 744 5826 uelit
761 5778 788 5824 ei
800 5778 883 5836 peccet
899 5770 1070 5836 hypothetice
1088 5770 1158 5819 dicta
1181 5771 1255 5829 sunt,
1277 5770 1410 5832 profitetur
1426 5782 1479 5819 non
1496 5770 1569 5818 item.
1589 5794 1617 5805 -
1636 5768 1677 5820 ai.
1694 5770 1763 5819 uitae

435 5854 535 5904 ratione
551 5854 586 5904 C:
604 5854 703 5903 ratione
718 5850 784 5899 ottae
801 5846 860 5898 alii:
881 5849 928 5897 eln
944 5847 1011 5896 ottae
1026 5844 1112 5911 posits
1123 5845 1162 5896 vls
1173 5843 1214 5894 est
1231 5840 1380 5908 philosophi
1396 5855 1460 5894 oum
1473 5845 1646 5907 grammatico
1657 5844 1685 5893 et
1701 5854 1760 5891 mu-

436 5928 492 5979 steo
509 5926 739 5992 comparatione·
757 5923 800 5975 W.
