<?xml version="1.0" encoding="UTF-8"?>
<!DOCTYPE html PUBLIC "-//W3C//DTD XHTML 1.0 Transitional//EN"
    "http://www.w3.org/TR/xhtml1/DTD/xhtml1-transitional.dtd">
<html xmlns="http://www.w3.org/1999/xhtml" xml:lang="en" lang="en">
 <head>
  <title>
</title>
<meta http-equiv="Content-Type" content="text/html;charset=utf-8" />
  <meta name='ocr-system' content='tesseract 3.04.00' />
  <meta name='ocr-capabilities' content='ocr_page ocr_carea ocr_par ocr_line ocrx_word'/>
</head>
<body>
  <div class='ocr_page' id='page_1' title='image "./operaquaesupers00halmgoog/operaquaesupers00halmgoog_0581.png"; bbox 0 0 4342 7459; ppageno 0'>
   <div class='ocr_carea' id='block_1_1' title="bbox 664 1254 1827 1342">
    <p class='ocr_par' dir='ltr' id='par_1_1' title="bbox 664 1254 1827 1342">
     <span class='ocr_line' id='line_1_1' title="bbox 664 1254 1827 1342; baseline 0.007 -23"><span class='ocrx_word' id='word_1_1' title='bbox 664 1254 733 1321; x_wconf 67' lang='lat' dir='ltr'><strong>ns.</strong></span> <span class='ocrx_word' id='word_1_2' title='bbox 755 1257 794 1320; x_wconf 83' lang='lat' dir='ltr'><strong>n</strong></span> <span class='ocrx_word' id='word_1_3' title='bbox 824 1256 898 1322; x_wconf 72' lang='lat' dir='ltr'><strong>cn.</strong></span> <span class='ocrx_word' id='word_1_4' title='bbox 920 1256 1204 1322; x_wconf 82' lang='lat' dir='ltr'><strong>nxxr-nxxn.</strong></span> <span class='ocrx_word' id='word_1_5' title='bbox 1232 1257 1279 1342; x_wconf 74' lang='lat' dir='ltr'><strong>§i</strong></span> <span class='ocrx_word' id='word_1_6' title='bbox 1301 1255 1492 1323; x_wconf 81' lang='lat' dir='ltr'><strong>ess-eso.</strong></span> <span class='ocrx_word' id='word_1_7' title='bbox 1679 1259 1743 1326; x_wconf 81' lang='lat' dir='ltr'><strong>ses</strong></span> <span class='ocrx_word' id='word_1_8' title='bbox 1821 1284 1827 1297; x_wconf 84' lang='lat'><strong>.</strong></span> 
     </span>
    </p>
   </div>
   <div class='ocr_carea' id='block_1_2' title="bbox 407 1419 1778 4891">
    <p class='ocr_par' dir='ltr' id='par_1_2' title="bbox 410 1419 1764 2068">
     <span class='ocr_line' id='line_1_2' title="bbox 411 1419 1741 1513; baseline 0.003 -31"><span class='ocrx_word' id='word_1_9' title='bbox 411 1440 465 1484; x_wconf 91' lang='lat' dir='ltr'><strong>rae</strong></span> <span class='ocrx_word' id='word_1_10' title='bbox 487 1420 622 1483; x_wconf 89' lang='lat' dir='ltr'><strong>societas</strong></span> <span class='ocrx_word' id='word_1_11' title='bbox 650 1419 715 1482; x_wconf 90' lang='lat' dir='ltr'><strong>ulla</strong></span> <span class='ocrx_word' id='word_1_12' title='bbox 737 1439 808 1482; x_wconf 89' lang='lat' dir='ltr'><strong>cum</strong></span> <span class='ocrx_word' id='word_1_13' title='bbox 831 1419 962 1481; x_wconf 91' lang='lat' dir='ltr'><strong>somniis</strong></span> <span class='ocrx_word' id='word_1_14' title='bbox 989 1439 1094 1504; x_wconf 91' lang='lat' dir='ltr'><strong>neque</strong></span> <span class='ocrx_word' id='word_1_15' title='bbox 1116 1419 1338 1482; x_wconf 75' lang='lat' dir='ltr'><strong>observatione</strong></span> <span class='ocrx_word' id='word_1_16' title='bbox 1359 1420 1495 1484; x_wconf 79' lang='lat' dir='ltr'><strong>inveniri</strong></span> <span class='ocrx_word' id='word_1_17' title='bbox 1517 1423 1621 1513; x_wconf 91' lang='lat' dir='ltr'><strong>potuit</strong></span> <span class='ocrx_word' id='word_1_18' title='bbox 1638 1423 1741 1487; x_wconf 91' lang='lat' dir='ltr'><strong>scien·</strong></span> 
     </span>
     <span class='ocr_line' id='line_1_3' title="bbox 411 1512 1740 1598; baseline 0.003 -21"><span class='ocrx_word' id='word_1_19' title='bbox 411 1515 465 1588; x_wconf 87' lang='lat' dir='ltr'><strong>tia,</strong></span> <span class='ocrx_word' id='word_1_20' title='bbox 487 1514 633 1575; x_wconf 81' lang='lat' dir='ltr'><strong>effectum</strong></span> <span class='ocrx_word' id='word_1_21' title='bbox 655 1522 703 1578; x_wconf 89' lang='lat' dir='ltr'><strong>cst</strong></span> <span class='ocrx_word' id='word_1_22' title='bbox 724 1523 760 1576; x_wconf 90' lang='lat' dir='ltr'><strong>ut</strong></span> <span class='ocrx_word' id='word_1_23' title='bbox 780 1512 861 1576; x_wconf 92' lang='lat' dir='ltr'><strong>nihil</strong></span> <span class='ocrx_word' id='word_1_24' title='bbox 883 1534 1012 1597; x_wconf 89' lang='lat' dir='ltr'><strong>prorsus</strong></span> <span class='ocrx_word' id='word_1_25' title='bbox 1034 1514 1165 1577; x_wconf 91' lang='lat' dir='ltr'><strong>somniis</strong></span> <span class='ocrx_word' id='word_1_26' title='bbox 1181 1513 1380 1577; x_wconf 88' lang='lat' dir='ltr'><strong>tribuendum</strong></span> <span class='ocrx_word' id='word_1_27' title='bbox 1397 1516 1452 1589; x_wconf 91' lang='lat' dir='ltr'><strong>sit,</strong></span> <span class='ocrx_word' id='word_1_28' title='bbox 1467 1518 1652 1598; x_wconf 88' lang='lat' dir='ltr'><strong>praesertim</strong></span> <span class='ocrx_word' id='word_1_29' title='bbox 1668 1538 1740 1581; x_wconf 90' lang='lat' dir='ltr'><strong>cum</strong></span> 
     </span>
     <span class='ocr_line' id='line_1_4' title="bbox 411 1607 1740 1692; baseline 0.002 -21"><span class='ocrx_word' id='word_1_30' title='bbox 411 1608 457 1671; x_wconf 91' lang='lat' dir='ltr'><strong>illi</strong></span> <span class='ocrx_word' id='word_1_31' title='bbox 480 1609 542 1690; x_wconf 91' lang='lat' dir='ltr'><strong>ipsi</strong></span> <span class='ocrx_word' id='word_1_32' title='bbox 570 1607 625 1690; x_wconf 90' lang='lat' dir='ltr'><strong>qui</strong></span> <span class='ocrx_word' id='word_1_33' title='bbox 652 1626 689 1670; x_wconf 91' lang='lat' dir='ltr'><strong>ea</strong></span> <span class='ocrx_word' id='word_1_34' title='bbox 716 1607 824 1671; x_wconf 85' lang='lat' dir='ltr'><strong>rident</strong></span> <span class='ocrx_word' id='word_1_35' title='bbox 850 1607 930 1670; x_wconf 84' lang='lat' dir='ltr'><strong>nihil</strong></span> <span class='ocrx_word' id='word_1_36' title='bbox 953 1609 1110 1682; x_wconf 88' lang='lat' dir='ltr'><strong>divinent,</strong></span> <span class='ocrx_word' id='word_1_37' title='bbox 1140 1609 1162 1671; x_wconf 92' lang='lat' dir='ltr'><strong>ii</strong></span> <span class='ocrx_word' id='word_1_38' title='bbox 1184 1610 1240 1691; x_wconf 91' lang='lat' dir='ltr'><strong>qui</strong></span> <span class='ocrx_word' id='word_1_39' title='bbox 1262 1610 1507 1692; x_wconf 77' lang='lat' dir='ltr'><strong>interpretantur</strong></span> <span class='ocrx_word' id='word_1_40' title='bbox 1525 1607 1740 1675; x_wconf 70' lang='lat' dir='ltr'><strong>&#39;coniecturam</strong></span> 
     </span>
     <span class='ocr_line' id='line_1_5' title="bbox 411 1700 1739 1787; baseline 0.002 -22"><span class='ocrx_word' id='word_1_41' title='bbox 411 1700 584 1765; x_wconf 76' lang='lat' dir='ltr'><strong>adhibeant</strong></span> <span class='ocrx_word' id='word_1_42' title='bbox 604 1722 668 1764; x_wconf 94' lang='lat' dir='ltr'><strong>non</strong></span> <span class='ocrx_word' id='word_1_43' title='bbox 691 1710 851 1775; x_wconf 90' lang='lat' dir='ltr'><strong>naturam,</strong></span> <span class='ocrx_word' id='word_1_44' title='bbox 878 1722 969 1764; x_wconf 89' lang='lat' dir='ltr'><strong>casus</strong></span> <span class='ocrx_word' id='word_1_45' title='bbox 990 1711 1096 1765; x_wconf 89' lang='lat' dir='ltr'><strong>autem</strong></span> <span class='ocrx_word' id='word_1_46' title='bbox 1120 1700 1404 1767; x_wconf 78' lang='lat' dir='ltr'><strong>innumerabilibus</strong></span> <span class='ocrx_word' id='word_1_47' title='bbox 1426 1724 1528 1787; x_wconf 89' lang='lat' dir='ltr'><strong>paene</strong></span> <span class='ocrx_word' id='word_1_48' title='bbox 1549 1705 1684 1768; x_wconf 88' lang='lat' dir='ltr'><strong>saeculis</strong></span> <span class='ocrx_word' id='word_1_49' title='bbox 1706 1707 1739 1769; x_wconf 91' lang='lat' dir='ltr'><strong>in</strong></span> 
     </span>
     <span class='ocr_line' id='line_1_6' title="bbox 412 1793 1764 1883; baseline 0.004 -25"><span class='ocrx_word' id='word_1_50' title='bbox 412 1793 558 1859; x_wconf 91' lang='lat' dir='ltr'><strong>omnibus</strong></span> <span class='ocrx_word' id='word_1_51' title='bbox 581 1796 672 1878; x_wconf 88' lang='lat' dir='ltr'><strong>plura</strong></span> <span class='ocrx_word' id='word_1_52' title='bbox 694 1797 848 1860; x_wconf 89' lang='lat' dir='ltr'><strong>mirabilia</strong></span> <span class='ocrx_word' id='word_1_53' title='bbox 871 1815 964 1878; x_wconf 89' lang='lat' dir='ltr'><strong>quam</strong></span> <span class='ocrx_word' id='word_1_54' title='bbox 988 1797 1020 1857; x_wconf 92' lang='lat' dir='ltr'><strong>in</strong></span> <span class='ocrx_word' id='word_1_55' title='bbox 1044 1799 1237 1860; x_wconf 89' lang='lat' dir='ltr'><strong>somniorum</strong></span> <span class='ocrx_word' id='word_1_56' title='bbox 1261 1797 1336 1859; x_wconf 90' lang='lat' dir='ltr'><strong>visis</strong></span> <span class='ocrx_word' id='word_1_57' title='bbox 1359 1799 1511 1873; x_wconf 79' lang='lat' dir='ltr'><strong>effecerit,</strong></span> <span class='ocrx_word' id='word_1_58' title='bbox 1533 1820 1642 1883; x_wconf 90' lang='lat' dir='ltr'><strong>neque</strong></span> <span class='ocrx_word' id='word_1_59' title='bbox 1664 1819 1764 1865; x_wconf 86' lang='lat' dir='ltr'><strong>con-o</strong></span> 
     </span>
     <span class='ocr_line' id='line_1_7' title="bbox 411 1888 1740 1974; baseline 0.003 -21"><span class='ocrx_word' id='word_1_60' title='bbox 411 1892 539 1964; x_wconf 89' lang='lat' dir='ltr'><strong>iectura,</strong></span> <span class='ocrx_word' id='word_1_61' title='bbox 562 1908 644 1972; x_wconf 88' lang='lat' dir='ltr'><strong>quae</strong></span> <span class='ocrx_word' id='word_1_62' title='bbox 666 1888 700 1953; x_wconf 88' lang='lat' dir='ltr'><strong>in</strong></span> <span class='ocrx_word' id='word_1_63' title='bbox 723 1891 827 1953; x_wconf 83' lang='lat' dir='ltr'><strong>varias</strong></span> <span class='ocrx_word' id='word_1_64' title='bbox 849 1891 947 1973; x_wconf 89' lang='lat' dir='ltr'><strong>partis</strong></span> <span class='ocrx_word' id='word_1_65' title='bbox 970 1890 1042 1954; x_wconf 91' lang='lat' dir='ltr'><strong>duci</strong></span> <span class='ocrx_word' id='word_1_66' title='bbox 1059 1891 1174 1974; x_wconf 92' lang='lat' dir='ltr'><strong>possit,</strong></span> <span class='ocrx_word' id='word_1_67' title='bbox 1190 1909 1255 1952; x_wconf 94' lang='lat' dir='ltr'><strong>non</strong></span> <span class='ocrx_word' id='word_1_68' title='bbox 1270 1911 1442 1974; x_wconf 88' lang='lat' dir='ltr'><strong>numquam</strong></span> <span class='ocrx_word' id='word_1_69' title='bbox 1458 1893 1552 1955; x_wconf 91' lang='lat' dir='ltr'><strong>etiam</strong></span> <span class='ocrx_word' id='word_1_70' title='bbox 1567 1893 1601 1956; x_wconf 92' lang='lat' dir='ltr'><strong>in</strong></span> <span class='ocrx_word' id='word_1_71' title='bbox 1616 1901 1740 1957; x_wconf 87' lang='lat' dir='ltr'><strong>eontra·</strong></span> 
     </span>
     <span class='ocr_line' id='line_1_8' title="bbox 410 1985 927 2068; baseline -0.004 -20"><span class='ocrx_word' id='word_1_72' title='bbox 410 1986 488 2059; x_wconf 89' lang='lat' dir='ltr'><strong>rias,</strong></span> <span class='ocrx_word' id='word_1_73' title='bbox 511 1986 681 2068; x_wconf 89' lang='lat' dir='ltr'><strong>quicquam</strong></span> <span class='ocrx_word' id='word_1_74' title='bbox 705 1986 746 2048; x_wconf 92' lang='lat' dir='ltr'><strong>sit</strong></span> <span class='ocrx_word' id='word_1_75' title='bbox 768 1985 927 2048; x_wconf 83' lang='lat' dir='ltr'><strong>incertius.</strong></span> 
     </span>
    </p>

    <p class='ocr_par' dir='ltr' id='par_1_3' title="bbox 407 2073 1778 4891">
     <span class='ocr_line' id='line_1_9' title="bbox 461 2073 1738 2162; baseline 0.005 -23"><span class='ocrx_word' id='word_1_76' title='bbox 461 2138 467 2150; x_wconf 83' lang='grc'><em>,</em></span> <span class='ocrx_word' id='word_1_77' title='bbox 494 2079 519 2139; x_wconf 85' lang='grc'><strong>4.</strong></span> <span class='ocrx_word' id='word_1_78' title='bbox 584 2078 621 2140; x_wconf 93' lang='grc'><strong>44.</strong></span> <span class='ocrx_word' id='word_1_79' title='bbox 653 2073 724 2140; x_wconf 80' lang='grc'><strong>448.</strong></span> <span class='ocrx_word' id='word_1_80' title='bbox 753 2078 951 2162; x_wconf 80' lang='lat' dir='ltr'><strong>Explodatur</strong></span> <span class='ocrx_word' id='word_1_81' title='bbox 975 2079 1073 2159; x_wconf 77' lang='lat' dir='ltr'><strong>igitur</strong></span> <span class='ocrx_word' id='word_1_82' title='bbox 1101 2077 1179 2142; x_wconf 88' lang='lat' dir='ltr'><strong>haec</strong></span> <span class='ocrx_word' id='word_1_83' title='bbox 1208 2098 1337 2162; x_wconf 89' lang='lat' dir='ltr'><strong>quoque</strong></span> <span class='ocrx_word' id='word_1_84' title='bbox 1366 2080 1562 2144; x_wconf 89' lang='lat' dir='ltr'><strong>somniorum</strong></span> <span class='ocrx_word' id='word_1_85' title='bbox 1586 2082 1738 2146; x_wconf 87' lang='lat' dir='ltr'><strong>divinatio</strong></span> 
     </span>
     <span class='ocr_line' id='line_1_10' title="bbox 410 2172 1739 2261; baseline 0.003 -25"><span class='ocrx_word' id='word_1_86' title='bbox 410 2172 510 2257; x_wconf 92' lang='lat' dir='ltr'><strong>parite</strong></span> <span class='ocrx_word' id='word_1_87' title='bbox 550 2193 621 2234; x_wconf 92' lang='lat' dir='ltr'><strong>cum</strong></span> <span class='ocrx_word' id='word_1_88' title='bbox 644 2174 767 2235; x_wconf 86' lang='lat' dir='ltr'><strong>ceteris.</strong></span> <span class='ocrx_word' id='word_1_89' title='bbox 805 2174 893 2247; x_wconf 84' lang='lat' dir='ltr'><strong>llam,</strong></span> <span class='ocrx_word' id='word_1_90' title='bbox 916 2181 952 2234; x_wconf 92' lang='lat' dir='ltr'><strong>ut</strong></span> <span class='ocrx_word' id='word_1_91' title='bbox 972 2192 1047 2235; x_wconf 85' lang='lat' dir='ltr'><strong>vere</strong></span> <span class='ocrx_word' id='word_1_92' title='bbox 1070 2173 1249 2257; x_wconf 88' lang='lat' dir='ltr'><strong>loquamur,</strong></span> <span class='ocrx_word' id='word_1_93' title='bbox 1271 2174 1454 2256; x_wconf 77' lang='lat' dir='ltr'><strong>superstitio</strong></span> <span class='ocrx_word' id='word_1_94' title='bbox 1477 2174 1547 2239; x_wconf 81' lang='lat' dir='ltr'><strong>lusa</strong></span> <span class='ocrx_word' id='word_1_95' title='bbox 1566 2176 1739 2261; x_wconf 85' lang='lat' dir='ltr'><strong>pergentis</strong></span> 
     </span>
     <span class='ocr_line' id='line_1_11' title="bbox 410 2267 1776 2353; baseline 0.001 -22"><span class='ocrx_word' id='word_1_96' title='bbox 410 2268 565 2351; x_wconf 87' lang='lat' dir='ltr'><strong>oppressit</strong></span> <span class='ocrx_word' id='word_1_97' title='bbox 594 2269 733 2331; x_wconf 91' lang='lat' dir='ltr'><strong>omnium</strong></span> <span class='ocrx_word' id='word_1_98' title='bbox 762 2267 828 2331; x_wconf 83' lang='lat' dir='ltr'><strong>lere</strong></span> <span class='ocrx_word' id='word_1_99' title='bbox 855 2268 977 2331; x_wconf 88' lang='lat' dir='ltr'><strong>animos</strong></span> <span class='ocrx_word' id='word_1_100' title='bbox 1000 2278 1095 2350; x_wconf 88' lang='lat' dir='ltr'><strong>atque</strong></span> <span class='ocrx_word' id='word_1_101' title='bbox 1117 2267 1280 2331; x_wconf 87' lang='lat' dir='ltr'><strong>hominurn</strong></span> <span class='ocrx_word' id='word_1_102' title='bbox 1303 2268 1539 2332; x_wconf 79' lang='lat' dir='ltr'><strong>inbecillitatem</strong></span> <span class='ocrx_word' id='word_1_103' title='bbox 1562 2270 1776 2353; x_wconf 66' lang='lat' dir='ltr'><strong>occupavitw</strong></span> 
     </span>
     <span class='ocr_line' id='line_1_12' title="bbox 409 2358 1739 2445; baseline 0.002 -23"><span class='ocrx_word' id='word_1_104' title='bbox 409 2360 502 2436; x_wconf 87' lang='lat' dir='ltr'><strong>Quod</strong></span> <span class='ocrx_word' id='word_1_105' title='bbox 525 2369 556 2423; x_wconf 92' lang='lat' dir='ltr'><strong>et</strong></span> <span class='ocrx_word' id='word_1_106' title='bbox 578 2362 609 2423; x_wconf 91' lang='lat' dir='ltr'><strong>in</strong></span> <span class='ocrx_word' id='word_1_107' title='bbox 633 2361 672 2423; x_wconf 88' lang='lat' dir='ltr'><strong>iis</strong></span> <span class='ocrx_word' id='word_1_108' title='bbox 695 2358 784 2423; x_wconf 91' lang='lat' dir='ltr'><strong>llbris</strong></span> <span class='ocrx_word' id='word_1_109' title='bbox 807 2360 925 2423; x_wconf 92' lang='lat' dir='ltr'><strong>dictum</strong></span> <span class='ocrx_word' id='word_1_110' title='bbox 949 2369 1010 2436; x_wconf 90' lang='lat' dir='ltr'><strong>est,</strong></span> <span class='ocrx_word' id='word_1_111' title='bbox 1035 2362 1090 2445; x_wconf 94' lang='lat' dir='ltr'><strong>qui</strong></span> <span class='ocrx_word' id='word_1_112' title='bbox 1113 2369 1187 2424; x_wconf 93' lang='lat' dir='ltr'><strong>sunt</strong></span> <span class='ocrx_word' id='word_1_113' title='bbox 1206 2362 1245 2425; x_wconf 93' lang='lat' dir='ltr'><strong>de</strong></span> <span class='ocrx_word' id='word_1_114' title='bbox 1261 2369 1373 2425; x_wconf 90' lang='lat' dir='ltr'><strong>natura</strong></span> <span class='ocrx_word' id='word_1_115' title='bbox 1387 2363 1535 2437; x_wconf 88' lang='lat' dir='ltr'><strong>deorum,</strong></span> <span class='ocrx_word' id='word_1_116' title='bbox 1553 2370 1585 2426; x_wconf 92' lang='lat' dir='ltr'><strong>et</strong></span> <span class='ocrx_word' id='word_1_117' title='bbox 1599 2363 1659 2425; x_wconf 88' lang='lat' dir='ltr'><strong>hac</strong></span> <span class='ocrx_word' id='word_1_118' title='bbox 1674 2362 1739 2425; x_wconf 90' lang='lat' dir='ltr'><strong>dis-</strong></span> 
     </span>
     <span class='ocr_line' id='line_1_13' title="bbox 409 2454 1739 2538; baseline 0.003 -23"><span class='ocrx_word' id='word_1_119' title='bbox 409 2455 571 2537; x_wconf 92' lang='lat' dir='ltr'><strong>putatione</strong></span> <span class='ocrx_word' id='word_1_120' title='bbox 594 2454 625 2516; x_wconf 94' lang='lat' dir='ltr'><strong>id</strong></span> <span class='ocrx_word' id='word_1_121' title='bbox 649 2474 796 2517; x_wconf 79' lang='lat' dir='ltr'><strong>maxume</strong></span> <span class='ocrx_word' id='word_1_122' title='bbox 819 2454 949 2536; x_wconf 89' lang='lat' dir='ltr'><strong>egimus.</strong></span> <span class='ocrx_word' id='word_1_123' title='bbox 988 2455 1120 2519; x_wconf 87' lang='lat' dir='ltr'><strong>hlultum</strong></span> <span class='ocrx_word' id='word_1_124' title='bbox 1143 2456 1227 2518; x_wconf 89' lang='lat' dir='ltr'><strong>enim</strong></span> <span class='ocrx_word' id='word_1_125' title='bbox 1251 2463 1283 2518; x_wconf 89' lang='lat' dir='ltr'><strong>et</strong></span> <span class='ocrx_word' id='word_1_126' title='bbox 1304 2456 1462 2519; x_wconf 84' lang='lat' dir='ltr'><strong>nobismet</strong></span> <span class='ocrx_word' id='word_1_127' title='bbox 1482 2456 1560 2538; x_wconf 89' lang='lat' dir='ltr'><strong>ipsis</strong></span> <span class='ocrx_word' id='word_1_128' title='bbox 1576 2463 1607 2520; x_wconf 94' lang='lat' dir='ltr'><strong>et</strong></span> <span class='ocrx_word' id='word_1_129' title='bbox 1622 2456 1739 2519; x_wconf 88' lang='lat' dir='ltr'><strong>nostris</strong></span> 
     </span>
     <span class='ocr_line' id='line_1_14' title="bbox 409 2547 1738 2632; baseline 0 -21"><span class='ocrx_word' id='word_1_130' title='bbox 409 2547 565 2632; x_wconf 79' lang='lat' dir='ltr'><strong>profuturi</strong></span> <span class='ocrx_word' id='word_1_131' title='bbox 597 2549 795 2622; x_wconf 86' lang='lat' dir='ltr'><strong>videbamur,</strong></span> <span class='ocrx_word' id='word_1_132' title='bbox 825 2550 851 2611; x_wconf 91' lang='lat' dir='ltr'><strong>si</strong></span> <span class='ocrx_word' id='word_1_133' title='bbox 882 2568 951 2611; x_wconf 87' lang='lat' dir='ltr'><strong>earn</strong></span> <span class='ocrx_word' id='word_1_134' title='bbox 982 2548 1127 2611; x_wconf 82' lang='lat' dir='ltr'><strong>funditus</strong></span> <span class='ocrx_word' id='word_1_135' title='bbox 1157 2550 1407 2613; x_wconf 87' lang='lat' dir='ltr'><strong>sustulissemus.</strong></span> <span class='ocrx_word' id='word_1_136' title='bbox 1456 2548 1524 2613; x_wconf 91' lang='lat' dir='ltr'><strong>Nec</strong></span> <span class='ocrx_word' id='word_1_137' title='bbox 1545 2569 1620 2613; x_wconf 84' lang='lat' dir='ltr'><strong>vero</strong></span> <span class='ocrx_word' id='word_1_138' title='bbox 1642 2585 1683 2598; x_wconf 91' lang='grc'><strong>-</strong></span> <span class='ocrx_word' id='word_1_139' title='bbox 1706 2548 1738 2611; x_wconf 91' lang='lat' dir='ltr'><strong>id</strong></span> 
     </span>
     <span class='ocr_line' id='line_1_15' title="bbox 410 2640 1738 2726; baseline -0.002 -19"><span class='ocrx_word' id='word_1_140' title='bbox 410 2644 494 2707; x_wconf 90' lang='lat' dir='ltr'><strong>enim</strong></span> <span class='ocrx_word' id='word_1_141' title='bbox 517 2643 685 2724; x_wconf 79' lang='lat' dir='ltr'><strong>diligenter</strong></span> <span class='ocrx_word' id='word_1_142' title='bbox 715 2642 853 2725; x_wconf 78' lang='lat' dir='ltr'><strong>intellegi</strong></span> <span class='ocrx_word' id='word_1_143' title='bbox 884 2643 956 2705; x_wconf 82' lang='lat' dir='ltr'><strong>volo</strong></span> <span class='ocrx_word' id='word_1_144' title='bbox 987 2679 1027 2689; x_wconf 94' lang='lat'>-</span> <span class='ocrx_word' id='word_1_145' title='bbox 1056 2645 1283 2725; x_wconf 90' lang='lat' dir='ltr'><strong>superstitione</strong></span> <span class='ocrx_word' id='word_1_146' title='bbox 1311 2644 1452 2708; x_wconf 89' lang='lat' dir='ltr'><strong>tollenda</strong></span> <span class='ocrx_word' id='word_1_147' title='bbox 1475 2645 1587 2726; x_wconf 90' lang='lat' dir='ltr'><strong>religio</strong></span> <span class='ocrx_word' id='word_1_148' title='bbox 1609 2640 1738 2708; x_wconf 91' lang='lat' dir='ltr'><strong>tollitur.</strong></span> 
     </span>
     <span class='ocr_line' id='line_1_16' title="bbox 410 2735 1778 2820; baseline -0.001 -21"><span class='ocrx_word' id='word_1_149' title='bbox 410 2740 487 2799; x_wconf 80' lang='lat' dir='ltr'><strong>llam</strong></span> <span class='ocrx_word' id='word_1_150' title='bbox 511 2744 542 2799; x_wconf 92' lang='lat' dir='ltr'><strong>et</strong></span> <span class='ocrx_word' id='word_1_151' title='bbox 565 2737 719 2798; x_wconf 91' lang='lat' dir='ltr'><strong>maiorum</strong></span> <span class='ocrx_word' id='word_1_152' title='bbox 742 2735 887 2798; x_wconf 87' lang='lat' dir='ltr'><strong>instituta</strong></span> <span class='ocrx_word' id='word_1_153' title='bbox 908 2738 988 2800; x_wconf 91' lang='lat' dir='ltr'><strong>tueri</strong></span> <span class='ocrx_word' id='word_1_154' title='bbox 1004 2739 1100 2800; x_wconf 88' lang='lat' dir='ltr'><strong>saeris</strong></span> <span class='ocrx_word' id='word_1_155' title='bbox 1116 2737 1383 2819; x_wconf 85' lang='lat' dir='ltr'><strong>caerimoniisque</strong></span> <span class='ocrx_word' id='word_1_156' title='bbox 1398 2738 1571 2801; x_wconf 88' lang='lat' dir='ltr'><strong>retinendis</strong></span> <span class='ocrx_word' id='word_1_157' title='bbox 1587 2736 1739 2820; x_wconf 89' lang='lat' dir='ltr'><strong>sapientis</strong></span> <span class='ocrx_word' id='word_1_158' title='bbox 1748 2770 1778 2817; x_wconf 80' lang='lat' dir='ltr'><strong>tt</strong></span> 
     </span>
     <span class='ocr_line' id='line_1_17' title="bbox 410 2830 1740 2915; baseline -0.001 -22"><span class='ocrx_word' id='word_1_159' title='bbox 410 2837 475 2904; x_wconf 90' lang='lat' dir='ltr'><strong>est,</strong></span> <span class='ocrx_word' id='word_1_160' title='bbox 503 2837 536 2892; x_wconf 90' lang='lat' dir='ltr'><strong>et</strong></span> <span class='ocrx_word' id='word_1_161' title='bbox 562 2849 632 2893; x_wconf 88' lang='lat' dir='ltr'><strong>esse</strong></span> <span class='ocrx_word' id='word_1_162' title='bbox 659 2838 871 2912; x_wconf 86' lang='lat' dir='ltr'><strong>praestantem</strong></span> <span class='ocrx_word' id='word_1_163' title='bbox 899 2832 1037 2915; x_wconf 86' lang='lat' dir='ltr'><strong>aliquam</strong></span> <span class='ocrx_word' id='word_1_164' title='bbox 1065 2840 1290 2913; x_wconf 86' lang='lat' dir='ltr'><strong>aeternamque</strong></span> <span class='ocrx_word' id='word_1_165' title='bbox 1312 2840 1454 2894; x_wconf 88' lang='lat' dir='ltr'><strong>naturam</strong></span> <span class='ocrx_word' id='word_1_166' title='bbox 1483 2840 1516 2895; x_wconf 87' lang='lat' dir='ltr'><strong>et</strong></span> <span class='ocrx_word' id='word_1_167' title='bbox 1544 2851 1613 2894; x_wconf 90' lang='lat' dir='ltr'><strong>eam</strong></span> <span class='ocrx_word' id='word_1_168' title='bbox 1635 2830 1740 2914; x_wconf 89' lang='lat' dir='ltr'><strong>suspi-</strong></span> 
     </span>
     <span class='ocr_line' id='line_1_18' title="bbox 409 2924 1739 3008; baseline -0.001 -20"><span class='ocrx_word' id='word_1_169' title='bbox 409 2924 554 2988; x_wconf 89' lang='lat' dir='ltr'><strong>ciendam</strong></span> <span class='ocrx_word' id='word_1_170' title='bbox 584 2924 864 3008; x_wconf 88' lang='lat' dir='ltr'><strong>admirandamque</strong></span> <span class='ocrx_word' id='word_1_171' title='bbox 894 2926 1055 2988; x_wconf 90' lang='lat' dir='ltr'><strong>hominnm</strong></span> <span class='ocrx_word' id='word_1_172' title='bbox 1084 2926 1191 3006; x_wconf 88' lang='lat' dir='ltr'><strong>generi</strong></span> <span class='ocrx_word' id='word_1_173' title='bbox 1226 2925 1429 3008; x_wconf 89' lang='lat' dir='ltr'><strong>pulchritudo</strong></span> <span class='ocrx_word' id='word_1_174' title='bbox 1459 2925 1568 2990; x_wconf 90' lang='lat' dir='ltr'><strong>mundi</strong></span> <span class='ocrx_word' id='word_1_175' title='bbox 1596 2924 1739 3008; x_wconf 90' lang='lat' dir='ltr'><strong>ordoque</strong></span> 
     </span>
     <span class='ocr_line' id='line_1_19' title="bbox 407 3016 1740 3101; baseline 0 -20"><span class='ocrx_word' id='word_1_176' title='bbox 407 3039 512 3081; x_wconf 87' lang='lat' dir='ltr'><strong>rerum</strong></span> <span class='ocrx_word' id='word_1_177' title='bbox 534 3017 716 3082; x_wconf 89' lang='lat' dir='ltr'><strong>caelestium</strong></span> <span class='ocrx_word' id='word_1_178' title='bbox 738 3021 823 3101; x_wconf 90' lang='lat' dir='ltr'><strong>cogit</strong></span> <span class='ocrx_word' id='word_1_179' title='bbox 844 3017 995 3083; x_wconf 87' lang='lat' dir='ltr'><strong>confiteri.</strong></span> <span class='ocrx_word' id='word_1_180' title='bbox 1039 3016 1110 3081; x_wconf 85' lang='grc'><strong>449.</strong></span> <span class='ocrx_word' id='word_1_181' title='bbox 1134 3019 1236 3095; x_wconf 88' lang='lat' dir='ltr'><strong>Quam</strong></span> <span class='ocrx_word' id='word_1_182' title='bbox 1260 3020 1301 3081; x_wconf 97' lang='lat' dir='ltr'><strong>ob</strong></span> <span class='ocrx_word' id='word_1_183' title='bbox 1323 3039 1405 3094; x_wconf 89' lang='lat' dir='ltr'><strong>rem,</strong></span> <span class='ocrx_word' id='word_1_184' title='bbox 1434 3028 1470 3082; x_wconf 93' lang='lat' dir='ltr'><strong>ut</strong></span> <span class='ocrx_word' id='word_1_185' title='bbox 1491 3019 1602 3101; x_wconf 88' lang='lat' dir='ltr'><strong>religio</strong></span> <span class='ocrx_word' id='word_1_186' title='bbox 1624 3037 1740 3101; x_wconf 88' lang='lat' dir='ltr'><strong>propa·</strong></span> 
     </span>
     <span class='ocr_line' id='line_1_20' title="bbox 408 3112 1739 3196; baseline -0.001 -20"><span class='ocrx_word' id='word_1_187' title='bbox 408 3113 511 3196; x_wconf 87' lang='lat' dir='ltr'><strong>ganda</strong></span> <span class='ocrx_word' id='word_1_188' title='bbox 534 3113 629 3175; x_wconf 87' lang='lat' dir='ltr'><strong>etiam</strong></span> <span class='ocrx_word' id='word_1_189' title='bbox 652 3122 716 3187; x_wconf 84' lang='lat' dir='ltr'><strong>est,</strong></span> <span class='ocrx_word' id='word_1_190' title='bbox 746 3133 828 3195; x_wconf 90' lang='lat' dir='ltr'><strong>quae</strong></span> <span class='ocrx_word' id='word_1_191' title='bbox 851 3122 899 3177; x_wconf 90' lang='lat' dir='ltr'><strong>est</strong></span> <span class='ocrx_word' id='word_1_192' title='bbox 920 3115 1026 3176; x_wconf 90' lang='lat' dir='ltr'><strong>iuncta</strong></span> <span class='ocrx_word' id='word_1_193' title='bbox 1049 3134 1119 3177; x_wconf 89' lang='lat' dir='ltr'><strong>cum</strong></span> <span class='ocrx_word' id='word_1_194' title='bbox 1143 3113 1323 3195; x_wconf 78' lang='lat' dir='ltr'><strong>cognitione</strong></span> <span class='ocrx_word' id='word_1_195' title='bbox 1345 3121 1491 3189; x_wconf 91' lang='lat' dir='ltr'><strong>naturae,</strong></span> <span class='ocrx_word' id='word_1_196' title='bbox 1521 3115 1565 3177; x_wconf 89' lang='lat' dir='ltr'><strong>sic</strong></span> <span class='ocrx_word' id='word_1_197' title='bbox 1589 3112 1739 3195; x_wconf 89' lang='lat' dir='ltr'><strong>supersti-</strong></span> 
     </span>
     <span class='ocr_line' id='line_1_21' title="bbox 410 3207 1776 3292; baseline -0.003 -19"><span class='ocrx_word' id='word_1_198' title='bbox 410 3210 503 3273; x_wconf 88' lang='lat' dir='ltr'><strong>tionis</strong></span> <span class='ocrx_word' id='word_1_199' title='bbox 526 3208 640 3291; x_wconf 90' lang='lat' dir='ltr'><strong>stirpes</strong></span> <span class='ocrx_word' id='word_1_200' title='bbox 663 3228 773 3271; x_wconf 92' lang='lat' dir='ltr'><strong>omnes</strong></span> <span class='ocrx_word' id='word_1_201' title='bbox 796 3208 970 3271; x_wconf 84' lang='lat' dir='ltr'><strong>eiciendas.</strong></span> <span class='ocrx_word' id='word_1_202' title='bbox 1003 3209 1104 3271; x_wconf 91' lang='lat' dir='ltr'><strong>Instat</strong></span> <span class='ocrx_word' id='word_1_203' title='bbox 1126 3207 1210 3271; x_wconf 87' lang='lat' dir='ltr'><strong>enim</strong></span> <span class='ocrx_word' id='word_1_204' title='bbox 1234 3214 1265 3270; x_wconf 90' lang='lat' dir='ltr'><strong>et</strong></span> <span class='ocrx_word' id='word_1_205' title='bbox 1286 3216 1378 3291; x_wconf 89' lang='lat' dir='ltr'><strong>urget</strong></span> <span class='ocrx_word' id='word_1_206' title='bbox 1400 3217 1445 3281; x_wconf 90' lang='lat' dir='ltr'><strong>et,</strong></span> <span class='ocrx_word' id='word_1_207' title='bbox 1468 3228 1534 3292; x_wconf 92' lang='lat' dir='ltr'><strong>quo</strong></span> <span class='ocrx_word' id='word_1_208' title='bbox 1555 3215 1776 3289; x_wconf 73' lang='lat' dir='ltr'><strong>tecumque„</strong></span> 
     </span>
     <span class='ocr_line' id='line_1_22' title="bbox 408 3299 1740 3386; baseline -0.005 -19"><span class='ocrx_word' id='word_1_209' title='bbox 408 3304 552 3377; x_wconf 87' lang='lat' dir='ltr'><strong>verteris,</strong></span> <span class='ocrx_word' id='word_1_210' title='bbox 567 3302 787 3386; x_wconf 89' lang='lat' dir='ltr'><strong>persequitur,</strong></span> <span class='ocrx_word' id='word_1_211' title='bbox 812 3302 879 3364; x_wconf 90' lang='lat' dir='ltr'><strong>sive</strong></span> <span class='ocrx_word' id='word_1_212' title='bbox 902 3310 934 3364; x_wconf 94' lang='lat' dir='ltr'><strong>tu</strong></span> <span class='ocrx_word' id='word_1_213' title='bbox 959 3309 1060 3365; x_wconf 84' lang='lat' dir='ltr'><strong>vatem</strong></span> <span class='ocrx_word' id='word_1_214' title='bbox 1083 3303 1150 3365; x_wconf 87' lang='lat' dir='ltr'><strong>sive</strong></span> <span class='ocrx_word' id='word_1_215' title='bbox 1174 3309 1207 3364; x_wconf 91' lang='lat' dir='ltr'><strong>tu</strong></span> <span class='ocrx_word' id='word_1_216' title='bbox 1231 3322 1324 3363; x_wconf 90' lang='lat' dir='ltr'><strong>omen</strong></span> <span class='ocrx_word' id='word_1_217' title='bbox 1347 3302 1503 3376; x_wconf 89' lang='lat' dir='ltr'><strong>audieris,</strong></span> <span class='ocrx_word' id='word_1_218' title='bbox 1524 3301 1592 3364; x_wconf 87' lang='lat' dir='ltr'><strong>sive</strong></span> <span class='ocrx_word' id='word_1_219' title='bbox 1606 3299 1740 3362; x_wconf 91' lang='lat' dir='ltr'><strong>inmola-</strong></span> 
     </span>
     <span class='ocr_line' id='line_1_23' title="bbox 408 3393 1740 3478; baseline -0.004 -17"><span class='ocrx_word' id='word_1_220' title='bbox 408 3399 451 3461; x_wconf 89' lang='lat' dir='ltr'><strong>ris</strong></span> <span class='ocrx_word' id='word_1_221' title='bbox 477 3398 544 3460; x_wconf 84' lang='lat' dir='ltr'><strong>sive</strong></span> <span class='ocrx_word' id='word_1_222' title='bbox 574 3415 664 3459; x_wconf 78' lang='lat' dir='ltr'><strong>arem</strong></span> <span class='ocrx_word' id='word_1_223' title='bbox 692 3396 870 3478; x_wconf 82' lang='lat' dir='ltr'><strong>aspexeris,</strong></span> <span class='ocrx_word' id='word_1_224' title='bbox 901 3397 927 3458; x_wconf 92' lang='lat' dir='ltr'><strong>si</strong></span> <span class='ocrx_word' id='word_1_225' title='bbox 951 3395 1157 3469; x_wconf 87' lang='lat' dir='ltr'><strong>Chaldaeum,</strong></span> <span class='ocrx_word' id='word_1_226' title='bbox 1184 3396 1209 3458; x_wconf 90' lang='lat' dir='ltr'><strong>si</strong></span> <span class='ocrx_word' id='word_1_227' title='bbox 1236 3395 1438 3477; x_wconf 87' lang='lat' dir='ltr'><strong>haruspicem</strong></span> <span class='ocrx_word' id='word_1_228' title='bbox 1465 3395 1595 3469; x_wconf 86' lang='lat' dir='ltr'><strong>videris,</strong></span> <span class='ocrx_word' id='word_1_229' title='bbox 1625 3395 1653 3458; x_wconf 90' lang='lat' dir='ltr'><strong>si</strong></span> <span class='ocrx_word' id='word_1_230' title='bbox 1679 3393 1740 3457; x_wconf 84' lang='lat' dir='ltr'><strong>lul-</strong></span> 
     </span>
     <span class='ocr_line' id='line_1_24' title="bbox 409 3487 1739 3573; baseline -0.003 -18"><span class='ocrx_word' id='word_1_231' title='bbox 409 3494 495 3566; x_wconf 89' lang='lat' dir='ltr'><strong>serit,</strong></span> <span class='ocrx_word' id='word_1_232' title='bbox 518 3493 544 3554; x_wconf 91' lang='lat' dir='ltr'><strong>si</strong></span> <span class='ocrx_word' id='word_1_233' title='bbox 568 3491 716 3563; x_wconf 88' lang='lat' dir='ltr'><strong>tonuerit,</strong></span> <span class='ocrx_word' id='word_1_234' title='bbox 738 3490 765 3552; x_wconf 93' lang='lat' dir='ltr'><strong>si</strong></span> <span class='ocrx_word' id='word_1_235' title='bbox 789 3498 905 3553; x_wconf 92' lang='lat' dir='ltr'><strong>tactum</strong></span> <span class='ocrx_word' id='word_1_236' title='bbox 928 3488 1047 3573; x_wconf 91' lang='lat' dir='ltr'><strong>aliquid</strong></span> <span class='ocrx_word' id='word_1_237' title='bbox 1073 3490 1133 3552; x_wconf 89' lang='lat' dir='ltr'><strong>erit</strong></span> <span class='ocrx_word' id='word_1_238' title='bbox 1154 3490 1194 3553; x_wconf 96' lang='lat' dir='ltr'><strong>de</strong></span> <span class='ocrx_word' id='word_1_239' title='bbox 1217 3489 1323 3563; x_wconf 91' lang='lat' dir='ltr'><strong>caelo,</strong></span> <span class='ocrx_word' id='word_1_240' title='bbox 1338 3490 1364 3551; x_wconf 90' lang='lat' dir='ltr'><strong>si</strong></span> <span class='ocrx_word' id='word_1_241' title='bbox 1382 3490 1496 3552; x_wconf 89' lang='lat' dir='ltr'><strong>ostenti</strong></span> <span class='ocrx_word' id='word_1_242' title='bbox 1512 3487 1614 3552; x_wconf 88' lang='lat' dir='ltr'><strong>simile</strong></span> <span class='ocrx_word' id='word_1_243' title='bbox 1630 3495 1739 3551; x_wconf 90' lang='lat' dir='ltr'><strong>natum</strong></span> 
     </span>
     <span class='ocr_line' id='line_1_25' title="bbox 408 3582 1741 3669; baseline -0.004 -20"><span class='ocrx_word' id='word_1_244' title='bbox 408 3585 564 3650; x_wconf 86' lang='lat' dir='ltr'><strong>laetumve</strong></span> <span class='ocrx_word' id='word_1_245' title='bbox 587 3586 769 3668; x_wconf 85' lang='lat' dir='ltr'><strong>quippiam:</strong></span> <span class='ocrx_word' id='word_1_246' title='bbox 799 3605 933 3669; x_wconf 90' lang='lat' dir='ltr'><strong>quorum</strong></span> <span class='ocrx_word' id='word_1_247' title='bbox 956 3603 1087 3647; x_wconf 88' lang='lat' dir='ltr'><strong>necesse</strong></span> <span class='ocrx_word' id='word_1_248' title='bbox 1110 3590 1158 3647; x_wconf 90' lang='lat' dir='ltr'><strong>est</strong></span> <span class='ocrx_word' id='word_1_249' title='bbox 1179 3584 1368 3667; x_wconf 90' lang='lat' dir='ltr'><strong>plerumque</strong></span> <span class='ocrx_word' id='word_1_250' title='bbox 1391 3583 1511 3667; x_wconf 90' lang='lat' dir='ltr'><strong>aliquid</strong></span> <span class='ocrx_word' id='word_1_251' title='bbox 1535 3582 1677 3657; x_wconf 86' lang='lat' dir='ltr'><strong>eveniat,</strong></span> <span class='ocrx_word' id='word_1_252' title='bbox 1705 3588 1741 3645; x_wconf 90' lang='lat' dir='ltr'><strong>ut</strong></span> 
     </span>
     <span class='ocr_line' id='line_1_26' title="bbox 409 3676 1778 3762; baseline -0.001 -19"><span class='ocrx_word' id='word_1_253' title='bbox 409 3699 581 3762; x_wconf 88' lang='lat' dir='ltr'><strong>numquam</strong></span> <span class='ocrx_word' id='word_1_254' title='bbox 605 3679 697 3741; x_wconf 90' lang='lat' dir='ltr'><strong>liceat</strong></span> <span class='ocrx_word' id='word_1_255' title='bbox 714 3679 822 3762; x_wconf 89' lang='lat' dir='ltr'><strong>quieta</strong></span> <span class='ocrx_word' id='word_1_256' title='bbox 836 3689 941 3742; x_wconf 89' lang='lat' dir='ltr'><strong>mente</strong></span> <span class='ocrx_word' id='word_1_257' title='bbox 957 3680 1139 3742; x_wconf 90' lang='lat' dir='ltr'><strong>consistere.</strong></span> <span class='ocrx_word' id='word_1_258' title='bbox 1170 3676 1241 3741; x_wconf 88' lang='grc'><strong>450.</strong></span> <span class='ocrx_word' id='word_1_259' title='bbox 1263 3676 1443 3762; x_wconf 79' lang='lat' dir='ltr'><strong>Perfugium</strong></span> <span class='ocrx_word' id='word_1_260' title='bbox 1459 3678 1583 3741; x_wconf 87' lang='lat' dir='ltr'><strong>videtur</strong></span> <span class='ocrx_word' id='word_1_261' title='bbox 1598 3679 1778 3756; x_wconf 65' lang='lat' dir='ltr'><strong>omnium„</strong></span> 
     </span>
     <span class='ocr_line' id='line_1_27' title="bbox 410 3773 1739 3856; baseline 0.002 -21"><span class='ocrx_word' id='word_1_262' title='bbox 410 3774 551 3836; x_wconf 89' lang='lat' dir='ltr'><strong>laborum</strong></span> <span class='ocrx_word' id='word_1_263' title='bbox 579 3780 610 3835; x_wconf 97' lang='lat' dir='ltr'><strong>et</strong></span> <span class='ocrx_word' id='word_1_264' title='bbox 636 3774 882 3836; x_wconf 89' lang='lat' dir='ltr'><strong>sollicitudinum</strong></span> <span class='ocrx_word' id='word_1_265' title='bbox 905 3792 974 3836; x_wconf 89' lang='lat' dir='ltr'><strong>esse</strong></span> <span class='ocrx_word' id='word_1_266' title='bbox 997 3793 1136 3836; x_wconf 85' lang='lat' dir='ltr'><strong>somnus.</strong></span> <span class='ocrx_word' id='word_1_267' title='bbox 1179 3777 1220 3836; x_wconf 82' lang='lat' dir='ltr'><strong>ht</strong></span> <span class='ocrx_word' id='word_1_268' title='bbox 1242 3794 1283 3836; x_wconf 85' lang='lat' dir='ltr'><strong>ex</strong></span> <span class='ocrx_word' id='word_1_269' title='bbox 1305 3793 1342 3837; x_wconf 92' lang='lat' dir='ltr'><strong>eo</strong></span> <span class='ocrx_word' id='word_1_270' title='bbox 1365 3776 1434 3856; x_wconf 91' lang='lat' dir='ltr'><strong>ipso</strong></span> <span class='ocrx_word' id='word_1_271' title='bbox 1457 3773 1622 3856; x_wconf 88' lang='lat' dir='ltr'><strong>plurumae</strong></span> <span class='ocrx_word' id='word_1_272' title='bbox 1643 3792 1739 3837; x_wconf 89' lang='lat' dir='ltr'><strong>curae</strong></span> 
     </span>
     <span class='ocr_line' id='line_1_28' title="bbox 409 3866 1740 3951; baseline 0.001 -21"><span class='ocrx_word' id='word_1_273' title='bbox 409 3875 576 3950; x_wconf 91' lang='lat' dir='ltr'><strong>metusque</strong></span> <span class='ocrx_word' id='word_1_274' title='bbox 599 3875 789 3941; x_wconf 88' lang='lat' dir='ltr'><strong>nascuntur,</strong></span> <span class='ocrx_word' id='word_1_275' title='bbox 818 3868 872 3951; x_wconf 91' lang='lat' dir='ltr'><strong>qui</strong></span> <span class='ocrx_word' id='word_1_276' title='bbox 902 3866 1029 3951; x_wconf 89' lang='lat' dir='ltr'><strong>quidem</strong></span> <span class='ocrx_word' id='word_1_277' title='bbox 1064 3870 1122 3951; x_wconf 88' lang='lat' dir='ltr'><strong>ipsi</strong></span> <span class='ocrx_word' id='word_1_278' title='bbox 1151 3889 1209 3951; x_wconf 89' lang='lat' dir='ltr'><strong>per</strong></span> <span class='ocrx_word' id='word_1_279' title='bbox 1234 3869 1396 3932; x_wconf 89' lang='lat' dir='ltr'><strong>seminus</strong></span> <span class='ocrx_word' id='word_1_280' title='bbox 1419 3867 1560 3931; x_wconf 87' lang='lat' dir='ltr'><strong>valerent</strong></span> <span class='ocrx_word' id='word_1_281' title='bbox 1588 3877 1618 3931; x_wconf 91' lang='lat' dir='ltr'><strong>et</strong></span> <span class='ocrx_word' id='word_1_282' title='bbox 1641 3868 1740 3951; x_wconf 86' lang='lat' dir='ltr'><strong>magis</strong></span> 
     </span>
     <span class='ocr_line' id='line_1_29' title="bbox 409 3961 1740 4046; baseline -0.002 -20"><span class='ocrx_word' id='word_1_283' title='bbox 409 3968 703 4032; x_wconf 89' lang='lat' dir='ltr'><strong>contemnerentur,</strong></span> <span class='ocrx_word' id='word_1_284' title='bbox 739 3963 800 4024; x_wconf 91' lang='lat' dir='ltr'><strong>nisi</strong></span> <span class='ocrx_word' id='word_1_285' title='bbox 830 3963 1025 4025; x_wconf 91' lang='lat' dir='ltr'><strong>somniorum</strong></span> <span class='ocrx_word' id='word_1_286' title='bbox 1055 3962 1269 4044; x_wconf 89' lang='lat' dir='ltr'><strong>patrocinium</strong></span> <span class='ocrx_word' id='word_1_287' title='bbox 1299 3961 1482 4046; x_wconf 90' lang='lat' dir='ltr'><strong>philosophi</strong></span> <span class='ocrx_word' id='word_1_288' title='bbox 1515 3962 1740 4046; x_wconf 86' lang='lat' dir='ltr'><strong>suscepissent,</strong></span> 
     </span>
     <span class='ocr_line' id='line_1_30' title="bbox 408 4055 1741 4140; baseline -0.002 -20"><span class='ocrx_word' id='word_1_289' title='bbox 408 4077 466 4120; x_wconf 92' lang='lat' dir='ltr'><strong>nec</strong></span> <span class='ocrx_word' id='word_1_290' title='bbox 495 4057 516 4118; x_wconf 94' lang='lat' dir='ltr'><strong>ii</strong></span> <span class='ocrx_word' id='word_1_291' title='bbox 546 4055 675 4139; x_wconf 91' lang='lat' dir='ltr'><strong>quidem</strong></span> <span class='ocrx_word' id='word_1_292' title='bbox 705 4057 984 4140; x_wconf 90' lang='lat' dir='ltr'><strong>contemptissimi,</strong></span> <span class='ocrx_word' id='word_1_293' title='bbox 1016 4056 1070 4118; x_wconf 91' lang='lat' dir='ltr'><strong>sed</strong></span> <span class='ocrx_word' id='word_1_294' title='bbox 1100 4058 1132 4119; x_wconf 92' lang='lat' dir='ltr'><strong>in</strong></span> <span class='ocrx_word' id='word_1_295' title='bbox 1160 4058 1270 4140; x_wconf 88' lang='lat' dir='ltr'><strong>primis</strong></span> <span class='ocrx_word' id='word_1_296' title='bbox 1297 4056 1380 4120; x_wconf 92' lang='lat' dir='ltr'><strong>acuti</strong></span> <span class='ocrx_word' id='word_1_297' title='bbox 1404 4064 1437 4119; x_wconf 93' lang='lat' dir='ltr'><strong>et</strong></span> <span class='ocrx_word' id='word_1_298' title='bbox 1457 4055 1688 4139; x_wconf 86' lang='lat' dir='ltr'><strong>consequentia</strong></span> <span class='ocrx_word' id='word_1_299' title='bbox 1709 4064 1741 4118; x_wconf 90' lang='lat' dir='ltr'><strong>et</strong></span> 
     </span>
     <span class='ocr_line' id='line_1_31' title="bbox 408 4149 1778 4233; baseline -0.002 -19"><span class='ocrx_word' id='word_1_300' title='bbox 408 4151 617 4233; x_wconf 89' lang='lat' dir='ltr'><strong>repugnantia</strong></span> <span class='ocrx_word' id='word_1_301' title='bbox 639 4150 792 4222; x_wconf 88' lang='lat' dir='ltr'><strong>videntes,</strong></span> <span class='ocrx_word' id='word_1_302' title='bbox 818 4150 872 4233; x_wconf 91' lang='lat' dir='ltr'><strong>qui</strong></span> <span class='ocrx_word' id='word_1_303' title='bbox 895 4169 995 4233; x_wconf 89' lang='lat' dir='ltr'><strong>prope</strong></span> <span class='ocrx_word' id='word_1_304' title='bbox 1019 4150 1080 4210; x_wconf 90' lang='lat' dir='ltr'><strong>iam</strong></span> <span class='ocrx_word' id='word_1_305' title='bbox 1104 4150 1242 4213; x_wconf 91' lang='lat' dir='ltr'><strong>absoluti</strong></span> <span class='ocrx_word' id='word_1_306' title='bbox 1266 4159 1298 4212; x_wconf 88' lang='lat' dir='ltr'><strong>et</strong></span> <span class='ocrx_word' id='word_1_307' title='bbox 1319 4149 1448 4233; x_wconf 86' lang='lat' dir='ltr'><strong>perfecti</strong></span> <span class='ocrx_word' id='word_1_308' title='bbox 1469 4158 1629 4233; x_wconf 89' lang='lat' dir='ltr'><strong>putantur.</strong></span> <span class='ocrx_word' id='word_1_309' title='bbox 1653 4149 1778 4225; x_wconf 68' lang='lat' dir='ltr'><strong>Quo-³0</strong></span> 
     </span>
     <span class='ocr_line' id='line_1_32' title="bbox 407 4242 1740 4325; baseline -0.002 -16"><span class='ocrx_word' id='word_1_310' title='bbox 407 4268 474 4308; x_wconf 91' lang='lat' dir='ltr'><strong>rum</strong></span> <span class='ocrx_word' id='word_1_311' title='bbox 498 4245 646 4306; x_wconf 88' lang='lat' dir='ltr'><strong>licentiae</strong></span> <span class='ocrx_word' id='word_1_312' title='bbox 670 4243 730 4305; x_wconf 87' lang='lat' dir='ltr'><strong>nisi</strong></span> <span class='ocrx_word' id='word_1_313' title='bbox 748 4243 926 4305; x_wconf 89' lang='lat' dir='ltr'><strong>Carneades</strong></span> <span class='ocrx_word' id='word_1_314' title='bbox 950 4244 1130 4317; x_wconf 88' lang='lat' dir='ltr'><strong>restitisset,</strong></span> <span class='ocrx_word' id='word_1_315' title='bbox 1152 4244 1238 4307; x_wconf 92' lang='lat' dir='ltr'><strong>haud</strong></span> <span class='ocrx_word' id='word_1_316' title='bbox 1260 4245 1325 4310; x_wconf 89' lang='lat' dir='ltr'><strong>scio</strong></span> <span class='ocrx_word' id='word_1_317' title='bbox 1347 4264 1386 4305; x_wconf 92' lang='lat' dir='ltr'><strong>an</strong></span> <span class='ocrx_word' id='word_1_318' title='bbox 1403 4244 1462 4306; x_wconf 91' lang='lat' dir='ltr'><strong>soli</strong></span> <span class='ocrx_word' id='word_1_319' title='bbox 1477 4245 1538 4306; x_wconf 90' lang='lat' dir='ltr'><strong>iam</strong></span> <span class='ocrx_word' id='word_1_320' title='bbox 1556 4242 1740 4325; x_wconf 89' lang='lat' dir='ltr'><strong>philosophi</strong></span> 
     </span>
     <span class='ocr_line' id='line_1_33' title="bbox 407 4336 1740 4422; baseline 0 -23"><span class='ocrx_word' id='word_1_321' title='bbox 407 4338 631 4399; x_wconf 87' lang='lat' dir='ltr'><strong>iudicarentur.</strong></span> <span class='ocrx_word' id='word_1_322' title='bbox 664 4337 740 4399; x_wconf 91' lang='lat' dir='ltr'><strong>Cum</strong></span> <span class='ocrx_word' id='word_1_323' title='bbox 765 4338 881 4422; x_wconf 90' lang='lat' dir='ltr'><strong>quibus</strong></span> <span class='ocrx_word' id='word_1_324' title='bbox 904 4339 1007 4399; x_wconf 90' lang='lat' dir='ltr'><strong>omnis</strong></span> <span class='ocrx_word' id='word_1_325' title='bbox 1030 4336 1096 4400; x_wconf 82' lang='lat' dir='ltr'><strong>iere</strong></span> <span class='ocrx_word' id='word_1_326' title='bbox 1120 4339 1213 4402; x_wconf 89' lang='lat' dir='ltr'><strong>nohis</strong></span> <span class='ocrx_word' id='word_1_327' title='bbox 1237 4339 1423 4422; x_wconf 90' lang='lat' dir='ltr'><strong>disceptatio</strong></span> <span class='ocrx_word' id='word_1_328' title='bbox 1439 4341 1666 4421; x_wconf 91' lang='lat' dir='ltr'><strong>contentioque</strong></span> <span class='ocrx_word' id='word_1_329' title='bbox 1682 4346 1740 4413; x_wconf 80' lang='lat' dir='ltr'><strong>est,</strong></span> 
     </span>
     <span class='ocr_line' id='line_1_34' title="bbox 408 4432 1740 4516; baseline -0.001 -22"><span class='ocrx_word' id='word_1_330' title='bbox 408 4452 472 4494; x_wconf 91' lang='lat' dir='ltr'><strong>non</strong></span> <span class='ocrx_word' id='word_1_331' title='bbox 496 4432 581 4512; x_wconf 94' lang='lat' dir='ltr'><strong>quod</strong></span> <span class='ocrx_word' id='word_1_332' title='bbox 604 4451 657 4494; x_wconf 92' lang='lat' dir='ltr'><strong>eos</strong></span> <span class='ocrx_word' id='word_1_333' title='bbox 683 4452 828 4494; x_wconf 84' lang='lat' dir='ltr'><strong>maxume</strong></span> <span class='ocrx_word' id='word_1_334' title='bbox 851 4441 1102 4505; x_wconf 89' lang='lat' dir='ltr'><strong>contemnamus,</strong></span> <span class='ocrx_word' id='word_1_335' title='bbox 1125 4432 1180 4494; x_wconf 89' lang='lat' dir='ltr'><strong>sed</strong></span> <span class='ocrx_word' id='word_1_336' title='bbox 1204 4434 1288 4516; x_wconf 89' lang='lat' dir='ltr'><strong>quod</strong></span> <span class='ocrx_word' id='word_1_337' title='bbox 1312 4433 1457 4496; x_wconf 87' lang='lat' dir='ltr'><strong>videntur</strong></span> <span class='ocrx_word' id='word_1_338' title='bbox 1471 4433 1654 4495; x_wconf 90' lang='lat' dir='ltr'><strong>acutissime</strong></span> <span class='ocrx_word' id='word_1_339' title='bbox 1668 4451 1740 4494; x_wconf 90' lang='lat' dir='ltr'><strong>sen·</strong></span> 
     </span>
     <span class='ocr_line' id='line_1_35' title="bbox 408 4524 1741 4610; baseline -0.002 -21"><span class='ocrx_word' id='word_1_340' title='bbox 408 4528 522 4589; x_wconf 81' lang='lat' dir='ltr'><strong>tentiae</strong></span> <span class='ocrx_word' id='word_1_341' title='bbox 545 4546 618 4588; x_wconf 89' lang='lat' dir='ltr'><strong>suas</strong></span> <span class='ocrx_word' id='word_1_342' title='bbox 642 4524 950 4608; x_wconf 89' lang='lat' dir='ltr'><strong>prudentissimeque</strong></span> <span class='ocrx_word' id='word_1_343' title='bbox 973 4525 1154 4588; x_wconf 86' lang='lat' dir='ltr'><strong>defendere.</strong></span> <span class='ocrx_word' id='word_1_344' title='bbox 1190 4527 1268 4589; x_wconf 84' lang='lat' dir='ltr'><strong>Cum</strong></span> <span class='ocrx_word' id='word_1_345' title='bbox 1292 4535 1395 4589; x_wconf 89' lang='lat' dir='ltr'><strong>autem</strong></span> <span class='ocrx_word' id='word_1_346' title='bbox 1420 4527 1581 4610; x_wconf 89' lang='lat' dir='ltr'><strong>proprium</strong></span> <span class='ocrx_word' id='word_1_347' title='bbox 1604 4526 1646 4589; x_wconf 91' lang='lat' dir='ltr'><strong>sit</strong></span> <span class='ocrx_word' id='word_1_348' title='bbox 1661 4526 1741 4588; x_wconf 81' lang='lat' dir='ltr'><strong>Aca-</strong></span> 
     </span>
     <span class='ocr_line' id='line_1_36' title="bbox 408 4619 1778 4703; baseline 0 -21"><span class='ocrx_word' id='word_1_349' title='bbox 408 4621 531 4683; x_wconf 90' lang='lat' dir='ltr'><strong>demiae</strong></span> <span class='ocrx_word' id='word_1_350' title='bbox 555 4620 706 4682; x_wconf 89' lang='lat' dir='ltr'><strong>iudicium</strong></span> <span class='ocrx_word' id='word_1_351' title='bbox 729 4641 822 4682; x_wconf 89' lang='lat' dir='ltr'><strong>suum</strong></span> <span class='ocrx_word' id='word_1_352' title='bbox 846 4620 967 4682; x_wconf 91' lang='lat' dir='ltr'><strong>nullum</strong></span> <span class='ocrx_word' id='word_1_353' title='bbox 991 4621 1210 4702; x_wconf 86' lang='lat' dir='ltr'><strong>interponere,</strong></span> <span class='ocrx_word' id='word_1_354' title='bbox 1239 4642 1277 4684; x_wconf 90' lang='lat' dir='ltr'><strong>ea</strong></span> <span class='ocrx_word' id='word_1_355' title='bbox 1298 4622 1452 4703; x_wconf 88' lang='lat' dir='ltr'><strong>probare,</strong></span> <span class='ocrx_word' id='word_1_356' title='bbox 1476 4640 1557 4703; x_wconf 91' lang='lat' dir='ltr'><strong>quae</strong></span> <span class='ocrx_word' id='word_1_357' title='bbox 1580 4619 1778 4695; x_wconf 60' lang='lat' dir='ltr'><strong>simillimas,</strong></span> 
     </span>
     <span class='ocr_line' id='line_1_37' title="bbox 408 4712 1740 4799; baseline 0.002 -25"><span class='ocrx_word' id='word_1_358' title='bbox 408 4715 473 4776; x_wconf 86' lang='lat' dir='ltr'><strong>veri</strong></span> <span class='ocrx_word' id='word_1_359' title='bbox 502 4714 687 4788; x_wconf 83' lang='lat' dir='ltr'><strong>videantur,</strong></span> <span class='ocrx_word' id='word_1_360' title='bbox 731 4715 872 4778; x_wconf 82' lang='lat' dir='ltr'><strong>conferre</strong></span> <span class='ocrx_word' id='word_1_361' title='bbox 901 4734 1012 4777; x_wconf 87' lang='lat' dir='ltr'><strong>causas</strong></span> <span class='ocrx_word' id='word_1_362' title='bbox 1042 4723 1073 4777; x_wconf 93' lang='lat' dir='ltr'><strong>et</strong></span> <span class='ocrx_word' id='word_1_363' title='bbox 1101 4717 1175 4798; x_wconf 95' lang='lat' dir='ltr'><strong>quid</strong></span> <span class='ocrx_word' id='word_1_364' title='bbox 1204 4716 1236 4777; x_wconf 91' lang='lat' dir='ltr'><strong>in</strong></span> <span class='ocrx_word' id='word_1_365' title='bbox 1265 4735 1427 4799; x_wconf 89' lang='lat' dir='ltr'><strong>quamque</strong></span> <span class='ocrx_word' id='word_1_366' title='bbox 1454 4716 1643 4778; x_wconf 87' lang='lat' dir='ltr'><strong>sententiam</strong></span> <span class='ocrx_word' id='word_1_367' title='bbox 1676 4712 1740 4777; x_wconf 90' lang='lat' dir='ltr'><strong>diei</strong></span> 
     </span>
     <span class='ocr_line' id='line_1_38' title="bbox 408 4806 1740 4891; baseline 0.003 -22"><span class='ocrx_word' id='word_1_368' title='bbox 408 4809 509 4890; x_wconf 90' lang='lat' dir='ltr'><strong>possit</strong></span> <span class='ocrx_word' id='word_1_369' title='bbox 539 4828 743 4891; x_wconf 84' lang='lat' dir='ltr'><strong>expromere,</strong></span> <span class='ocrx_word' id='word_1_370' title='bbox 772 4809 859 4873; x_wconf 87' lang='lat' dir='ltr'><strong>nulla</strong></span> <span class='ocrx_word' id='word_1_371' title='bbox 890 4808 1032 4871; x_wconf 91' lang='lat' dir='ltr'><strong>adhibita</strong></span> <span class='ocrx_word' id='word_1_372' title='bbox 1061 4829 1118 4872; x_wconf 91' lang='lat' dir='ltr'><strong>sua</strong></span> <span class='ocrx_word' id='word_1_373' title='bbox 1147 4810 1335 4873; x_wconf 89' lang='lat' dir='ltr'><strong>auctoritate</strong></span> <span class='ocrx_word' id='word_1_374' title='bbox 1362 4808 1515 4872; x_wconf 90' lang='lat' dir='ltr'><strong>iudicium</strong></span> <span class='ocrx_word' id='word_1_375' title='bbox 1543 4806 1740 4873; x_wconf 90' lang='lat' dir='ltr'><strong>audientium</strong></span> 
     </span>
    </p>
   </div>
   <div class='ocr_carea' id='block_1_3' title="bbox 407 5077 1740 6049">
    <p class='ocr_par' dir='ltr' id='par_1_4' title="bbox 407 5077 1740 6049">
     <span class='ocr_line' id='line_1_39' title="bbox 475 5077 1738 5142; baseline 0.002 -16"><span class='ocrx_word' id='word_1_376' title='bbox 475 5080 498 5127; x_wconf 87' lang='lat' dir='ltr'><strong>t.</strong></span> <span class='ocrx_word' id='word_1_377' title='bbox 518 5078 667 5127; x_wconf 71' lang='lat' dir='ltr'><strong>inueniret</strong></span> <span class='ocrx_word' id='word_1_378' title='bbox 688 5105 711 5115; x_wconf 97' lang='lat'><em>-</em></span> <span class='ocrx_word' id='word_1_379' title='bbox 738 5079 762 5127; x_wconf 77' lang='lat'><strong>2.</strong></span> <span class='ocrx_word' id='word_1_380' title='bbox 781 5084 808 5128; x_wconf 87' lang='lat' dir='ltr'><strong>ut</strong></span> <span class='ocrx_word' id='word_1_381' title='bbox 825 5091 884 5142; x_wconf 88' lang='lat' dir='ltr'><strong>sup.</strong></span> <span class='ocrx_word' id='word_1_382' title='bbox 904 5077 948 5128; x_wconf 90' lang='lat' dir='ltr'><strong>lin.</strong></span> <span class='ocrx_word' id='word_1_383' title='bbox 967 5080 1030 5129; x_wconf 87' lang='lat' dir='ltr'><strong>inB</strong></span> <span class='ocrx_word' id='word_1_384' title='bbox 1057 5106 1080 5117; x_wconf 92' lang='lat'><em>-</em></span> <span class='ocrx_word' id='word_1_385' title='bbox 1107 5081 1233 5141; x_wconf 63' lang='lat' dir='ltr'><strong>mansa</strong></span> <span class='ocrx_word' id='word_1_386' title='bbox 1256 5104 1282 5113; x_wconf 97' lang='lat'><em>-</em></span> <span class='ocrx_word' id='word_1_387' title='bbox 1308 5078 1332 5128; x_wconf 84' lang='lat'><strong>3.</strong></span> <span class='ocrx_word' id='word_1_388' title='bbox 1351 5079 1463 5128; x_wconf 86' lang='lat' dir='ltr'><strong>dioinent</strong></span> <span class='ocrx_word' id='word_1_389' title='bbox 1480 5079 1513 5138; x_wconf 87' lang='grc'><strong>44,</strong></span> <span class='ocrx_word' id='word_1_390' title='bbox 1532 5077 1581 5128; x_wconf 91' lang='lat' dir='ltr'><strong>sed</strong></span> <span class='ocrx_word' id='word_1_391' title='bbox 1598 5084 1626 5127; x_wconf 89' lang='lat' dir='ltr'><strong>nt</strong></span> <span class='ocrx_word' id='word_1_392' title='bbox 1642 5080 1668 5128; x_wconf 90' lang='lat' dir='ltr'><strong>in</strong></span> <span class='ocrx_word' id='word_1_393' title='bbox 1685 5091 1738 5129; x_wconf 91' lang='lat' dir='ltr'><strong>ras.</strong></span> 
     </span>
     <span class='ocr_line' id='line_1_40' title="bbox 408 5151 1737 5219; baseline -0.001 -15"><span class='ocrx_word' id='word_1_394' title='bbox 408 5157 522 5219; x_wconf 91' lang='lat' dir='ltr'><strong>quatuor</strong></span> <span class='ocrx_word' id='word_1_395' title='bbox 539 5151 586 5201; x_wconf 88' lang='lat' dir='ltr'><strong>litt.</strong></span> <span class='ocrx_word' id='word_1_396' title='bbox 601 5178 627 5187; x_wconf 93' lang='lat'>—</span> <span class='ocrx_word' id='word_1_397' title='bbox 648 5153 753 5202; x_wconf 67' lang='grc'><strong>44444444</strong></span> <span class='ocrx_word' id='word_1_398' title='bbox 774 5179 799 5189; x_wconf 92' lang='grc'>-</span> <span class='ocrx_word' id='word_1_399' title='bbox 820 5152 1069 5204; x_wconf 77' lang='lat' dir='ltr'><strong>l.innuberobitibsn</strong></span> <span class='ocrx_word' id='word_1_400' title='bbox 1085 5152 1155 5203; x_wconf 86' lang='grc'><strong>444-</strong></span> <span class='ocrx_word' id='word_1_401' title='bbox 1174 5168 1234 5217; x_wconf 89' lang='lat' dir='ltr'><strong>pene</strong></span> <span class='ocrx_word' id='word_1_402' title='bbox 1247 5155 1293 5204; x_wconf 79' lang='grc' dir='ltr'><strong>ΑΒ</strong></span> <span class='ocrx_word' id='word_1_403' title='bbox 1313 5179 1340 5189; x_wconf 91' lang='grc'><strong>-</strong></span> <span class='ocrx_word' id='word_1_404' title='bbox 1359 5154 1447 5203; x_wconf 83' lang='lat' dir='ltr'><strong>secutis</strong></span> <span class='ocrx_word' id='word_1_405' title='bbox 1464 5154 1483 5201; x_wconf 94' lang='lat'>0</span> <span class='ocrx_word' id='word_1_406' title='bbox 1503 5178 1529 5189; x_wconf 94' lang='lat'><em>-</em></span> <span class='ocrx_word' id='word_1_407' title='bbox 1549 5154 1573 5203; x_wconf 83' lang='lat' dir='ltr'><strong>e.</strong></span> <span class='ocrx_word' id='word_1_408' title='bbox 1592 5154 1660 5202; x_wconf 83' lang='lat' dir='ltr'><strong>uisus</strong></span> <span class='ocrx_word' id='word_1_409' title='bbox 1677 5154 1737 5203; x_wconf 88' lang='grc'><strong>44-</strong></span> 
     </span>
     <span class='ocr_line' id='line_1_41' title="bbox 408 5227 1737 5293; baseline -0.003 -13"><span class='ocrx_word' id='word_1_410' title='bbox 408 5232 431 5280; x_wconf 89' lang='grc'><strong>6.</strong></span> <span class='ocrx_word' id='word_1_411' title='bbox 449 5230 572 5293; x_wconf 74' lang='lat' dir='ltr'><strong>periero</strong></span> <span class='ocrx_word' id='word_1_412' title='bbox 593 5252 618 5264; x_wconf 94' lang='lat'><em>-</em></span> <span class='ocrx_word' id='word_1_413' title='bbox 639 5229 663 5278; x_wconf 78' lang='lat'><strong>7.</strong></span> <span class='ocrx_word' id='word_1_414' title='bbox 684 5230 820 5290; x_wconf 83' lang='lat' dir='ltr'><strong>quidquam</strong></span> <span class='ocrx_word' id='word_1_415' title='bbox 837 5230 857 5278; x_wconf 92' lang='lat'>0</span> <span class='ocrx_word' id='word_1_416' title='bbox 877 5256 904 5265; x_wconf 89' lang='lat'>-</span> <span class='ocrx_word' id='word_1_417' title='bbox 923 5230 948 5280; x_wconf 87' lang='lat'><strong>8.</strong></span> <span class='ocrx_word' id='word_1_418' title='bbox 961 5232 1040 5293; x_wconf 73' lang='lat' dir='ltr'><strong>igiter</strong></span> <span class='ocrx_word' id='word_1_419' title='bbox 1058 5232 1083 5280; x_wconf 88' lang='lat' dir='ltr'><strong>ln</strong></span> <span class='ocrx_word' id='word_1_420' title='bbox 1101 5243 1183 5293; x_wconf 84' lang='lat' dir='ltr'><strong>marg.</strong></span> <span class='ocrx_word' id='word_1_421' title='bbox 1203 5230 1245 5280; x_wconf 89' lang='lat' dir='ltr'><strong>ed.</strong></span> <span class='ocrx_word' id='word_1_422' title='bbox 1259 5229 1352 5279; x_wconf 82' lang='lat' dir='ltr'><strong>bamb.</strong></span> <span class='ocrx_word' id='word_1_423' title='bbox 1373 5228 1436 5279; x_wconf 80' lang='lat' dir='ltr'><strong>teet</strong></span> <span class='ocrx_word' id='word_1_424' title='bbox 1452 5228 1525 5289; x_wconf 70' lang='lat' dir='ltr'><strong>edd..</strong></span> <span class='ocrx_word' id='word_1_425' title='bbox 1546 5242 1600 5278; x_wconf 90' lang='lat' dir='ltr'><strong>em.</strong></span> <span class='ocrx_word' id='word_1_426' title='bbox 1613 5229 1639 5277; x_wconf 94' lang='lat' dir='ltr'><strong>in</strong></span> <span class='ocrx_word' id='word_1_427' title='bbox 1652 5227 1693 5277; x_wconf 90' lang='lat' dir='ltr'><strong>CO</strong></span> <span class='ocrx_word' id='word_1_428' title='bbox 1710 5254 1737 5265; x_wconf 91' lang='lat'><em>-</em></span> 
     </span>
     <span class='ocr_line' id='line_1_42' title="bbox 407 5300 1740 5369; baseline -0.003 -14"><span class='ocrx_word' id='word_1_429' title='bbox 407 5308 431 5355; x_wconf 86' lang='grc'><strong>9.</strong></span> <span class='ocrx_word' id='word_1_430' title='bbox 450 5311 533 5369; x_wconf 77' lang='lat' dir='ltr'><strong>gentes</strong></span> <span class='ocrx_word' id='word_1_431' title='bbox 550 5304 570 5353; x_wconf 92' lang='lat'>0</span> <span class='ocrx_word' id='word_1_432' title='bbox 587 5331 619 5340; x_wconf 90' lang='lat'>—</span> <span class='ocrx_word' id='word_1_433' title='bbox 645 5303 683 5351; x_wconf 81' lang='lat' dir='ltr'><strong>to.</strong></span> <span class='ocrx_word' id='word_1_434' title='bbox 704 5305 826 5365; x_wconf 79' lang='lat' dir='ltr'><strong>occupent</strong></span> <span class='ocrx_word' id='word_1_435' title='bbox 843 5300 872 5353; x_wconf 88' lang='lat' dir='ltr'><strong>B¹</strong></span> <span class='ocrx_word' id='word_1_436' title='bbox 891 5330 918 5339; x_wconf 96' lang='lat'>-</span> <span class='ocrx_word' id='word_1_437' title='bbox 944 5306 983 5354; x_wconf 93' lang='grc'><strong>44.</strong></span> <span class='ocrx_word' id='word_1_438' title='bbox 1002 5306 1075 5354; x_wconf 76' lang='lat' dir='ltr'><strong>bisti</strong></span> <span class='ocrx_word' id='word_1_439' title='bbox 1100 5331 1126 5340; x_wconf 91' lang='lat'><em>-</em></span> <span class='ocrx_word' id='word_1_440' title='bbox 1152 5305 1190 5354; x_wconf 78' lang='grc'><strong>44.</strong></span> <span class='ocrx_word' id='word_1_441' title='bbox 1211 5304 1279 5354; x_wconf 87' lang='lat' dir='ltr'><strong>nobis</strong></span> <span class='ocrx_word' id='word_1_442' title='bbox 1296 5317 1365 5354; x_wconf 87' lang='lat' dir='ltr'><strong>corr.</strong></span> <span class='ocrx_word' id='word_1_443' title='bbox 1386 5318 1419 5354; x_wconf 85' lang='lat' dir='ltr'><strong>ex</strong></span> <span class='ocrx_word' id='word_1_444' title='bbox 1435 5304 1561 5353; x_wconf 74' lang='lat' dir='ltr'><strong>nostrisli</strong></span> <span class='ocrx_word' id='word_1_445' title='bbox 1587 5329 1613 5338; x_wconf 89' lang='lat'>-</span> <span class='ocrx_word' id='word_1_446' title='bbox 1638 5301 1679 5351; x_wconf 85' lang='lat' dir='ltr'><strong>ll.</strong></span> <span class='ocrx_word' id='word_1_447' title='bbox 1697 5303 1740 5351; x_wconf 86' lang='lat' dir='ltr'><strong>in·</strong></span> 
     </span>
     <span class='ocr_line' id='line_1_43' title="bbox 407 5376 1739 5444; baseline -0.003 -15"><span class='ocrx_word' id='word_1_448' title='bbox 407 5381 493 5444; x_wconf 78' lang='lat' dir='ltr'><strong>tetteqo</strong></span> <span class='ocrx_word' id='word_1_449' title='bbox 511 5379 542 5426; x_wconf 86' lang='lat' dir='ltr'><strong>V¹</strong></span> <span class='ocrx_word' id='word_1_450' title='bbox 561 5405 587 5414; x_wconf 91' lang='lat'>-</span> <span class='ocrx_word' id='word_1_451' title='bbox 608 5380 647 5428; x_wconf 82' lang='grc'><strong>45.</strong></span> <span class='ocrx_word' id='word_1_452' title='bbox 667 5380 750 5430; x_wconf 68' lang='lat' dir='ltr'><strong>senc</strong></span> <span class='ocrx_word' id='word_1_453' title='bbox 771 5405 798 5415; x_wconf 94' lang='lat'><em>-</em></span> <span class='ocrx_word' id='word_1_454' title='bbox 819 5380 857 5429; x_wconf 80' lang='lat' dir='ltr'><strong>li.</strong></span> <span class='ocrx_word' id='word_1_455' title='bbox 875 5380 988 5441; x_wconf 60' lang='lat' dir='ltr'><strong>encre</strong></span> <span class='ocrx_word' id='word_1_456' title='bbox 1010 5408 1035 5415; x_wconf 96' lang='lat'>—</span> <span class='ocrx_word' id='word_1_457' title='bbox 1058 5380 1097 5430; x_wconf 84' lang='grc'><strong>49.</strong></span> <span class='ocrx_word' id='word_1_458' title='bbox 1117 5382 1193 5430; x_wconf 86' lang='lat' dir='ltr'><strong>etiam</strong></span> <span class='ocrx_word' id='word_1_459' title='bbox 1209 5386 1285 5442; x_wconf 82' lang='lat' dir='ltr'><strong>etque</strong></span> <span class='ocrx_word' id='word_1_460' title='bbox 1301 5381 1376 5429; x_wconf 84' lang='lat' dir='ltr'><strong>etiem</strong></span> <span class='ocrx_word' id='word_1_461' title='bbox 1393 5379 1485 5429; x_wconf 90' lang='lat' dir='ltr'><strong>maluit</strong></span> <span class='ocrx_word' id='word_1_462' title='bbox 1501 5376 1578 5429; x_wconf 89' lang='lat' dir='ltr'><strong>Orelli</strong></span> <span class='ocrx_word' id='word_1_463' title='bbox 1598 5403 1625 5412; x_wconf 93' lang='lat'><em>-</em></span> <span class='ocrx_word' id='word_1_464' title='bbox 1644 5390 1739 5440; x_wconf 79' lang='lat' dir='ltr'><strong>cogno·</strong></span> 
     </span>
     <span class='ocr_line' id='line_1_44' title="bbox 407 5452 1737 5517; baseline -0.004 -13"><span class='ocrx_word' id='word_1_465' title='bbox 407 5458 472 5504; x_wconf 83' lang='lat' dir='ltr'><strong>tione</strong></span> <span class='ocrx_word' id='word_1_466' title='bbox 490 5457 518 5513; x_wconf 87' lang='grc'><strong>44,</strong></span> <span class='ocrx_word' id='word_1_467' title='bbox 537 5454 586 5504; x_wconf 83' lang='lat' dir='ltr'><strong>scd</strong></span> <span class='ocrx_word' id='word_1_468' title='bbox 602 5459 664 5517; x_wconf 77' lang='lat' dir='ltr'><strong>goat</strong></span> <span class='ocrx_word' id='word_1_469' title='bbox 683 5456 707 5503; x_wconf 88' lang='lat' dir='ltr'><strong>in</strong></span> <span class='ocrx_word' id='word_1_470' title='bbox 726 5467 777 5503; x_wconf 90' lang='lat' dir='ltr'><strong>ras.</strong></span> <span class='ocrx_word' id='word_1_471' title='bbox 799 5479 826 5489; x_wconf 92' lang='lat'><em>-</em></span> <span class='ocrx_word' id='word_1_472' title='bbox 850 5456 1034 5516; x_wconf 74' lang='lat' dir='ltr'><strong>superstitiones</strong></span> <span class='ocrx_word' id='word_1_473' title='bbox 1050 5453 1081 5502; x_wconf 86' lang='lat' dir='ltr'><strong>V¹</strong></span> <span class='ocrx_word' id='word_1_474' title='bbox 1102 5478 1128 5491; x_wconf 94' lang='lat'>-</span> <span class='ocrx_word' id='word_1_475' title='bbox 1153 5456 1194 5504; x_wconf 78' lang='lat'><strong>20.</strong></span> <span class='ocrx_word' id='word_1_476' title='bbox 1213 5455 1346 5505; x_wconf 83' lang='lat' dir='ltr'><strong>eiiciendae</strong></span> <span class='ocrx_word' id='word_1_477' title='bbox 1363 5457 1398 5514; x_wconf 85' lang='lat'><strong>0,</strong></span> <span class='ocrx_word' id='word_1_478' title='bbox 1417 5455 1543 5505; x_wconf 82' lang='lat' dir='ltr'><strong>elidendae</strong></span> <span class='ocrx_word' id='word_1_479' title='bbox 1560 5452 1690 5502; x_wconf 86' lang='lat' dir='ltr'><strong>ltanutius</strong></span> <span class='ocrx_word' id='word_1_480' title='bbox 1709 5476 1737 5486; x_wconf 95' lang='lat'><em>-</em></span> 
     </span>
     <span class='ocr_line' id='line_1_45' title="bbox 407 5524 1737 5592; baseline -0.002 -14"><span class='ocrx_word' id='word_1_481' title='bbox 407 5532 499 5579; x_wconf 83' lang='lat' dir='ltr'><strong>instent</strong></span> <span class='ocrx_word' id='word_1_482' title='bbox 517 5524 546 5578; x_wconf 97' lang='grc'><strong>444</strong></span> <span class='ocrx_word' id='word_1_483' title='bbox 565 5556 591 5564; x_wconf 94' lang='grc'>-</span> <span class='ocrx_word' id='word_1_484' title='bbox 612 5542 698 5591; x_wconf 82' lang='lat' dir='ltr'><strong>qumce</strong></span> <span class='ocrx_word' id='word_1_485' title='bbox 715 5533 744 5589; x_wconf 87' lang='grc' dir='ltr'><strong>Α,</strong></span> <span class='ocrx_word' id='word_1_486' title='bbox 763 5542 851 5590; x_wconf 79' lang='lat' dir='ltr'><strong>cumqe</strong></span> <span class='ocrx_word' id='word_1_487' title='bbox 868 5531 896 5588; x_wconf 90' lang='grc'><strong>44,</strong></span> <span class='ocrx_word' id='word_1_488' title='bbox 915 5530 1037 5592; x_wconf 87' lang='lat' dir='ltr'><strong>quinteV</strong></span> <span class='ocrx_word' id='word_1_489' title='bbox 1058 5557 1082 5566; x_wconf 97' lang='lat'>-</span> <span class='ocrx_word' id='word_1_490' title='bbox 1112 5531 1152 5579; x_wconf 82' lang='lat' dir='ltr'><strong>st.</strong></span> <span class='ocrx_word' id='word_1_491' title='bbox 1171 5536 1199 5579; x_wconf 86' lang='lat' dir='ltr'><strong>tu</strong></span> <span class='ocrx_word' id='word_1_492' title='bbox 1213 5535 1336 5579; x_wconf 71' lang='lat' dir='ltr'><strong>suentem</strong></span> <span class='ocrx_word' id='word_1_493' title='bbox 1351 5526 1382 5579; x_wconf 75' lang='grc'><strong>44</strong></span> <span class='ocrx_word' id='word_1_494' title='bbox 1402 5554 1428 5565; x_wconf 90' lang='lat'><em>-</em></span> <span class='ocrx_word' id='word_1_495' title='bbox 1454 5533 1513 5579; x_wconf 89' lang='lat' dir='ltr'><strong>ante</strong></span> <span class='ocrx_word' id='word_1_496' title='bbox 1531 5541 1602 5578; x_wconf 86' lang='lat' dir='ltr'><strong>omen</strong></span> <span class='ocrx_word' id='word_1_497' title='bbox 1618 5540 1671 5576; x_wconf 91' lang='lat' dir='ltr'><strong>una</strong></span> <span class='ocrx_word' id='word_1_498' title='bbox 1689 5524 1737 5576; x_wconf 84' lang='lat' dir='ltr'><strong>litt.</strong></span> 
     </span>
     <span class='ocr_line' id='line_1_46' title="bbox 409 5600 1738 5668; baseline -0.005 -12"><span class='ocrx_word' id='word_1_499' title='bbox 409 5619 485 5656; x_wconf 87' lang='lat' dir='ltr'><strong>erasa</strong></span> <span class='ocrx_word' id='word_1_500' title='bbox 504 5606 528 5655; x_wconf 88' lang='lat' dir='ltr'><strong>in</strong></span> <span class='ocrx_word' id='word_1_501' title='bbox 547 5606 575 5663; x_wconf 87' lang='lat' dir='ltr'><strong>B,</strong></span> <span class='ocrx_word' id='word_1_502' title='bbox 594 5618 690 5654; x_wconf 86' lang='lat' dir='ltr'><strong>omnem</strong></span> <span class='ocrx_word' id='word_1_503' title='bbox 701 5600 731 5655; x_wconf 79' lang='lat' dir='ltr'><strong>A¹</strong></span> <span class='ocrx_word' id='word_1_504' title='bbox 751 5630 777 5641; x_wconf 93' lang='lat'><em>-</em></span> <span class='ocrx_word' id='word_1_505' title='bbox 797 5605 838 5654; x_wconf 74' lang='lat'><strong>22.</strong></span> <span class='ocrx_word' id='word_1_506' title='bbox 857 5606 960 5668; x_wconf 83' lang='lat' dir='ltr'><strong>odsp.0</strong></span> <span class='ocrx_word' id='word_1_507' title='bbox 979 5630 1003 5640; x_wconf 89' lang='lat'><em>-</em></span> <span class='ocrx_word' id='word_1_508' title='bbox 1025 5618 1110 5666; x_wconf 85' lang='lat' dir='ltr'><strong>arnsp.</strong></span> <span class='ocrx_word' id='word_1_509' title='bbox 1130 5605 1149 5654; x_wconf 88' lang='lat' dir='ltr'>B</span> <span class='ocrx_word' id='word_1_510' title='bbox 1169 5630 1195 5639; x_wconf 95' lang='lat'><em>-</em></span> <span class='ocrx_word' id='word_1_511' title='bbox 1215 5604 1255 5654; x_wconf 74' lang='lat'><strong>23.</strong></span> <span class='ocrx_word' id='word_1_512' title='bbox 1274 5611 1363 5654; x_wconf 70' lang='lat' dir='ltr'><strong>mum</strong></span> <span class='ocrx_word' id='word_1_513' title='bbox 1380 5605 1518 5654; x_wconf 51' lang='grc'><strong>041444-</strong></span> <span class='ocrx_word' id='word_1_514' title='bbox 1538 5601 1578 5652; x_wconf 79' lang='grc'><strong>44.</strong></span> <span class='ocrx_word' id='word_1_515' title='bbox 1596 5603 1738 5666; x_wconf 70' lang='lat' dir='ltr'><strong>sociumque</strong></span> 
     </span>
     <span class='ocr_line' id='line_1_47' title="bbox 409 5672 1735 5743; baseline -0.004 -13"><span class='ocrx_word' id='word_1_516' title='bbox 409 5682 470 5730; x_wconf 91' lang='grc'><strong>44-</strong></span> <span class='ocrx_word' id='word_1_517' title='bbox 489 5680 619 5743; x_wconf 78' lang='lat' dir='ltr'><strong>quidpiam</strong></span> <span class='ocrx_word' id='word_1_518' title='bbox 636 5680 655 5728; x_wconf 91' lang='lat'>0</span> <span class='ocrx_word' id='word_1_519' title='bbox 675 5706 701 5715; x_wconf 96' lang='lat'>-</span> <span class='ocrx_word' id='word_1_520' title='bbox 722 5680 763 5729; x_wconf 76' lang='grc'><strong>46.</strong></span> <span class='ocrx_word' id='word_1_521' title='bbox 777 5681 811 5728; x_wconf 84' lang='lat' dir='ltr'><strong>od</strong></span> <span class='ocrx_word' id='word_1_522' title='bbox 827 5694 860 5729; x_wconf 77' lang='lat' dir='ltr'><strong>ea</strong></span> <span class='ocrx_word' id='word_1_523' title='bbox 877 5685 907 5739; x_wconf 80' lang='grc' dir='ltr'><strong>Α,</strong></span> <span class='ocrx_word' id='word_1_524' title='bbox 925 5687 948 5730; x_wconf 92' lang='lat' dir='ltr'><strong>et</strong></span> <span class='ocrx_word' id='word_1_525' title='bbox 963 5694 997 5730; x_wconf 77' lang='lat' dir='ltr'><strong>ex</strong></span> <span class='ocrx_word' id='word_1_526' title='bbox 1013 5679 1041 5729; x_wconf 91' lang='lat' dir='ltr'><strong>B¹</strong></span> <span class='ocrx_word' id='word_1_527' title='bbox 1059 5708 1091 5717; x_wconf 95' lang='lat'>—</span> <span class='ocrx_word' id='word_1_528' title='bbox 1106 5681 1252 5741; x_wconf 72' lang='lat' dir='ltr'><strong>plurumas</strong></span> <span class='ocrx_word' id='word_1_529' title='bbox 1268 5707 1291 5719; x_wconf 85' lang='lat'>—</span> <span class='ocrx_word' id='word_1_530' title='bbox 1313 5681 1354 5731; x_wconf 74' lang='lat'><strong>28.</strong></span> <span class='ocrx_word' id='word_1_531' title='bbox 1367 5685 1504 5741; x_wconf 79' lang='lat' dir='ltr'><strong>consenpn.</strong></span> <span class='ocrx_word' id='word_1_532' title='bbox 1517 5679 1562 5729; x_wconf 79' lang='lat' dir='ltr'><strong>AV</strong></span> <span class='ocrx_word' id='word_1_533' title='bbox 1575 5703 1601 5713; x_wconf 90' lang='lat'>-</span> <span class='ocrx_word' id='word_1_534' title='bbox 1621 5678 1647 5726; x_wconf 91' lang='lat' dir='ltr'><strong>ni</strong></span> <span class='ocrx_word' id='word_1_535' title='bbox 1663 5672 1695 5726; x_wconf 83' lang='grc' dir='ltr'><strong>Α4</strong></span> <span class='ocrx_word' id='word_1_536' title='bbox 1708 5701 1735 5711; x_wconf 89' lang='grc'><strong>-</strong></span> 
     </span>
     <span class='ocr_line' id='line_1_48' title="bbox 409 5752 1738 5820; baseline -0.002 -17"><span class='ocrx_word' id='word_1_537' title='bbox 409 5752 605 5815; x_wconf 71' lang='lat' dir='ltr'><strong>29.neci1lss¹,</strong></span> <span class='ocrx_word' id='word_1_538' title='bbox 630 5769 674 5804; x_wconf 88' lang='lat' dir='ltr'><strong>nec</strong></span> <span class='ocrx_word' id='word_1_539' title='bbox 690 5755 716 5803; x_wconf 83' lang='lat' dir='ltr'><strong>ii</strong></span> <span class='ocrx_word' id='word_1_540' title='bbox 733 5755 755 5802; x_wconf 85' lang='lat' dir='ltr'>V</span> <span class='ocrx_word' id='word_1_541' title='bbox 773 5780 800 5791; x_wconf 93' lang='lat'><strong>-·</strong></span> <span class='ocrx_word' id='word_1_542' title='bbox 824 5761 847 5804; x_wconf 88' lang='lat' dir='ltr'><strong>et</strong></span> <span class='ocrx_word' id='word_1_543' title='bbox 865 5770 922 5805; x_wconf 87' lang='lat' dir='ltr'><strong>cons</strong></span> <span class='ocrx_word' id='word_1_544' title='bbox 943 5757 968 5806; x_wconf 91' lang='lat' dir='ltr'><strong>in</strong></span> <span class='ocrx_word' id='word_1_545' title='bbox 987 5757 1076 5805; x_wconf 81' lang='lat' dir='ltr'><strong>rasli</strong></span> <span class='ocrx_word' id='word_1_546' title='bbox 1100 5782 1127 5791; x_wconf 93' lang='lat'><em>-</em></span> <span class='ocrx_word' id='word_1_547' title='bbox 1155 5761 1177 5805; x_wconf 91' lang='lat' dir='ltr'><strong>et</strong></span> <span class='ocrx_word' id='word_1_548' title='bbox 1194 5759 1255 5820; x_wconf 88' lang='lat' dir='ltr'><strong>post</strong></span> <span class='ocrx_word' id='word_1_549' title='bbox 1270 5771 1336 5806; x_wconf 84' lang='lat' dir='ltr'><strong>cons.</strong></span> <span class='ocrx_word' id='word_1_550' title='bbox 1355 5770 1414 5819; x_wconf 87' lang='lat' dir='ltr'><strong>sup.</strong></span> <span class='ocrx_word' id='word_1_551' title='bbox 1433 5754 1515 5806; x_wconf 81' lang='lat' dir='ltr'><strong>linlt</strong></span> <span class='ocrx_word' id='word_1_552' title='bbox 1539 5779 1565 5788; x_wconf 92' lang='lat'>-</span> <span class='ocrx_word' id='word_1_553' title='bbox 1590 5752 1630 5801; x_wconf 85' lang='grc'><strong>30.</strong></span> <span class='ocrx_word' id='word_1_554' title='bbox 1649 5762 1738 5813; x_wconf 71' lang='lat' dir='ltr'><strong>sortem</strong></span> 
     </span>
     <span class='ocr_line' id='line_1_49' title="bbox 409 5823 1735 5893; baseline -0.002 -15"><span class='ocrx_word' id='word_1_555' title='bbox 409 5830 545 5879; x_wconf 81' lang='lat' dir='ltr'><strong>licentioB</strong></span> <span class='ocrx_word' id='word_1_556' title='bbox 571 5857 596 5865; x_wconf 97' lang='lat'>-</span> <span class='ocrx_word' id='word_1_557' title='bbox 623 5831 663 5879; x_wconf 86' lang='grc'><strong>34.</strong></span> <span class='ocrx_word' id='word_1_558' title='bbox 683 5835 726 5878; x_wconf 85' lang='lat' dir='ltr'><strong>out</strong></span> <span class='ocrx_word' id='word_1_559' title='bbox 742 5826 771 5878; x_wconf 93' lang='grc'><strong>444</strong></span> <span class='ocrx_word' id='word_1_560' title='bbox 791 5855 818 5864; x_wconf 93' lang='grc'><strong>-</strong></span> <span class='ocrx_word' id='word_1_561' title='bbox 845 5829 885 5879; x_wconf 76' lang='lat'><strong>32.</strong></span> <span class='ocrx_word' id='word_1_562' title='bbox 904 5830 1017 5879; x_wconf 84' lang='lat' dir='ltr'><strong>omnibus</strong></span> <span class='ocrx_word' id='word_1_563' title='bbox 1034 5826 1062 5880; x_wconf 87' lang='grc'><strong>444</strong></span> <span class='ocrx_word' id='word_1_564' title='bbox 1083 5859 1109 5867; x_wconf 91' lang='grc'>-</span> <span class='ocrx_word' id='word_1_565' title='bbox 1137 5831 1252 5893; x_wconf 80' lang='lat' dir='ltr'><strong>disceptio</strong></span> <span class='ocrx_word' id='word_1_566' title='bbox 1269 5833 1298 5882; x_wconf 79' lang='grc' dir='ltr'><strong>ΒΙ</strong></span> <span class='ocrx_word' id='word_1_567' title='bbox 1321 5858 1348 5867; x_wconf 92' lang='grc'><strong>-</strong></span> <span class='ocrx_word' id='word_1_568' title='bbox 1376 5832 1415 5882; x_wconf 82' lang='grc'><strong>33.</strong></span> <span class='ocrx_word' id='word_1_569' title='bbox 1435 5835 1573 5893; x_wconf 76' lang='lat' dir='ltr'><strong>cnnnpn.</strong></span> <span class='ocrx_word' id='word_1_570' title='bbox 1587 5827 1669 5878; x_wconf 88' lang='lat' dir='ltr'><strong>BV-</strong></span> <span class='ocrx_word' id='word_1_571' title='bbox 1694 5823 1735 5876; x_wconf 82' lang='grc'><strong>34.</strong></span> 
     </span>
     <span class='ocr_line' id='line_1_50' title="bbox 407 5901 1737 5970; baseline 0.002 -17"><span class='ocrx_word' id='word_1_572' title='bbox 407 5906 539 5968; x_wconf 82' lang='lat' dir='ltr'><strong>proprium</strong></span> <span class='ocrx_word' id='word_1_573' title='bbox 556 5919 609 5956; x_wconf 90' lang='lat' dir='ltr'><strong>om.</strong></span> <span class='ocrx_word' id='word_1_574' title='bbox 620 5901 650 5953; x_wconf 88' lang='lat' dir='ltr'><strong>V¹</strong></span> <span class='ocrx_word' id='word_1_575' title='bbox 670 5934 696 5941; x_wconf 97' lang='lat'>-</span> <span class='ocrx_word' id='word_1_576' title='bbox 716 5907 756 5956; x_wconf 79' lang='lat'><strong>35.</strong></span> <span class='ocrx_word' id='word_1_577' title='bbox 775 5906 921 5956; x_wconf 64' lang='lat' dir='ltr'><strong>inditi-mh</strong></span> <span class='ocrx_word' id='word_1_578' title='bbox 941 5932 968 5942; x_wconf 93' lang='lat'><em>-</em></span> <span class='ocrx_word' id='word_1_579' title='bbox 987 5907 1142 5969; x_wconf 82' lang='lat' dir='ltr'><strong>interponere</strong></span> <span class='ocrx_word' id='word_1_580' title='bbox 1158 5906 1187 5966; x_wconf 89' lang='lat' dir='ltr'><strong>B,</strong></span> <span class='ocrx_word' id='word_1_581' title='bbox 1206 5907 1255 5957; x_wconf 89' lang='lat' dir='ltr'><strong>sed</strong></span> <span class='ocrx_word' id='word_1_582' title='bbox 1268 5920 1362 5970; x_wconf 88' lang='lat' dir='ltr'><strong>ponere</strong></span> <span class='ocrx_word' id='word_1_583' title='bbox 1378 5907 1404 5957; x_wconf 90' lang='lat' dir='ltr'><strong>in</strong></span> <span class='ocrx_word' id='word_1_584' title='bbox 1415 5918 1468 5957; x_wconf 88' lang='lat' dir='ltr'><strong>ras.</strong></span> <span class='ocrx_word' id='word_1_585' title='bbox 1489 5932 1516 5943; x_wconf 95' lang='lat'>-</span> <span class='ocrx_word' id='word_1_586' title='bbox 1535 5905 1577 5956; x_wconf 82' lang='grc'><strong>36.</strong></span> <span class='ocrx_word' id='word_1_587' title='bbox 1595 5913 1737 5967; x_wconf 55' lang='lat' dir='ltr'><strong>mustoque</strong></span> 
     </span>
     <span class='ocr_line' id='line_1_51' title="bbox 409 5979 1262 6049; baseline 0.001 -17"><span class='ocrx_word' id='word_1_588' title='bbox 409 5981 439 6032; x_wconf 83' lang='grc' dir='ltr'><strong>44Ι</strong></span> <span class='ocrx_word' id='word_1_589' title='bbox 458 6007 485 6018; x_wconf 93' lang='grc'>-</span> <span class='ocrx_word' id='word_1_590' title='bbox 505 5979 545 6031; x_wconf 84' lang='grc'><strong>34.</strong></span> <span class='ocrx_word' id='word_1_591' title='bbox 563 5981 718 6033; x_wconf 82' lang='lat' dir='ltr'><strong>audientibus</strong></span> <span class='ocrx_word' id='word_1_592' title='bbox 734 5983 775 6033; x_wconf 84' lang='lat' dir='ltr'><strong>vir</strong></span> <span class='ocrx_word' id='word_1_593' title='bbox 791 5981 900 6047; x_wconf 86' lang='lat' dir='ltr'><strong>quidem</strong></span> <span class='ocrx_word' id='word_1_594' title='bbox 917 5981 1013 6034; x_wconf 88' lang='lat' dir='ltr'><strong>doctus</strong></span> <span class='ocrx_word' id='word_1_595' title='bbox 1029 5983 1101 6049; x_wconf 87' lang='lat' dir='ltr'><strong>apud</strong></span> <span class='ocrx_word' id='word_1_596' title='bbox 1117 5982 1262 6037; x_wconf 76' lang='lat' dir='ltr'><strong>Davbium.</strong></span> 
     </span>
    </p>
   </div>
   <div class='ocr_carea' id='block_1_4' title="bbox 0 0 2176 7459">
    <p class='ocr_par' dir='ltr' id='par_1_5' title="bbox 0 0 2176 7459">
     <span class='ocr_line' id='line_1_52' title="bbox 0 0 2176 7459; baseline 0 1"><span class='ocrx_word' id='word_1_597' title='bbox 0 0 2176 7459; x_wconf 95' lang='lat' dir='ltr'><strong> </strong></span> 
     </span>
    </p>
   </div>
  </div>
 </body>
</html>
