4342 7459
452 1212 515 1280 658
991 1216 1045 1280 DE
1069 1216 1240 1281 osnlcrls

453 1374 640 1449 commodis,
662 1374 695 1437 in
717 1374 794 1438 vitio
817 1381 881 1450 est;
902 1394 967 1439 non
992 1376 1089 1440 modo
1111 1377 1197 1440 euim
1219 1376 1251 1439 id
1267 1375 1392 1440 virtutis
1408 1396 1473 1441 non
1488 1387 1550 1454 est,
1572 1378 1631 1442 scd
1654 1387 1703 1444 est
1723 1400 1782 1463 po·

452 1471 515 1534 tius
537 1469 731 1533 inmanitatis
754 1488 881 1533 omnem
903 1469 1130 1533 humanitatem
1153 1471 1346 1554 repellentis.
1378 1471 1489 1555 Itaque
1511 1473 1610 1555 probe
1630 1469 1783 1542 definitor

451 1584 471 1627 a
493 1565 606 1627 Stoicis
627 1561 796 1638 fortitudo,
826 1584 897 1626 cum
928 1583 998 1626 eam
1026 1565 1174 1628 virtutem
1203 1585 1274 1628 esse
1302 1564 1414 1628 dicunt
1441 1573 1696 1648 propugnantem
1722 1584 1781 1650 pro

451 1659 623 1740 aequitate.
667 1657 823 1732 Quocirca
844 1676 951 1731 nemo,
973 1658 1029 1740 qui
1049 1657 1245 1722 fortitudinis
1266 1658 1399 1741 gloriam
1423 1666 1686 1723 consecutus'est
1704 1659 1781 1724 insi·

425 1751 512 1815 ediis
534 1760 567 1815 et
588 1750 725 1824 malitia,
752 1749 878 1815 laudem
900 1759 949 1814 est
970 1751 1123 1834 adeptus;
1152 1753 1234 1815 nihil
1264 1754 1350 1817 enim
1378 1753 1547 1817 bonestum
1570 1773 1641 1817 esse
1661 1761 1781 1837 potest,

450 1847 535 1930 quod
558 1846 678 1910 iustitia
700 1852 801 1908 vacat.
845 1841 896 1906 63.
919 1846 1121 1909 Praecianum
1142 1848 1239 1929 igitur
1259 1847 1339 1910 illud
1361 1848 1519 1911 Platonis:
1543 1850 1652 1912 olion»
1675 1848 1781 1934 iuquit

451 1938 574 2003 ceolum
597 1939 744 2012 scientia,
768 1957 850 2021 quae
873 1947 921 2001 est
942 1948 1061 2003 remota
1083 1940 1123 2004 ab
1146 1941 1279 2014 iustitia,
1302 1942 1458 2006 calliditas
1480 1942 1589 2025 potius
1611 1962 1708 2026 quam
1730 1962 1781 2007 sa·

447 2033 567 2116 pientia
589 2039 638 2096 est
659 2031 867 2115 appellanda,
897 2051 1007 2095 rerum
1035 2034 1131 2096 etiam
1158 2035 1283 2098 animus
1311 2042 1440 2119 paratus
1467 2034 1507 2098 ad
1529 2036 1725 2117 periculum,
1752 2038 1780 2100 si

448 2148 506 2193 sua
528 2126 716 2210 cupiditate,
739 2146 803 2189 non
825 2126 962 2190 utilitato
984 2128 1144 2189 communi
1166 2128 1338 2211 inpellitur,
1360 2130 1512 2194 audaciae
1534 2132 1640 2211 potius
1662 2149 1781 2195 nomen

410 2221 564 2285 sobabeat
586 2240 682 2305 quam
705 2218 928 2283 fortitudinia.»
974 2221 1086 2304 ltaque
1115 2222 1199 2286 viros
1226 2221 1325 2287 fortes
1352 2230 1385 2287 et
1406 2224 1626 2306 magnanimos
1648 2223 1780 2288 eosdem

446 2315 549 2379 honos
572 2323 604 2378 et
625 2313 806 2396 simplices,
835 2314 977 2377 veritatis
1005 2315 1126 2377 amicos
1157 2316 1351 2399 minimeque
1373 2316 1502 2379 fallaces
1524 2316 1779 2381 essevolumus:

446 2429 530 2491 quae
557 2416 632 2472 sunt
661 2427 701 2470 ex
723 2408 827 2469 media
848 2406 942 2470 laude
964 2407 1116 2471 iustitiae.
1159 2406 1211 2471 66.
1241 2411 1304 2474 Sed
1325 2410 1404 2473 illud
1426 2410 1574 2475 odiosum
1597 2416 1663 2483 est,
1691 2409 1779 2492 quod

446 2503 480 2565 in
501 2503 561 2564 bac
583 2502 722 2565 elatione
745 2511 777 2563 et
799 2500 1017 2584 magnitudine
1039 2502 1139 2565 animi
1160 2502 1311 2567 facillime
1334 2505 1509 2588 pertinacia
1531 2512 1563 2568 et
1578 2504 1677 2568 nimia
1691 2504 1780 2587 cupi·

446 2596 528 2660 ditas
551 2596 750 2677 principatus
772 2594 958 2657 innascitur.
1003 2596 1040 2658 Ut
1061 2596 1147 2658 enim
1168 2598 1252 2678 apud
1268 2598 1429 2661 Platonem
1444 2605 1503 2671 est,
1518 2618 1642 2663 omnem
1657 2618 1778 2663 morem

408 2690 768 2753 toLacedaemoniorum
791 2689 1018 2751 inflammatum
1042 2710 1112 2753 esse
1135 2690 1309 2774 cupiditate
1331 2690 1488 2763 vincendi,
1511 2691 1567 2765 sic,
1589 2694 1777 2776 utquisque

444 2785 540 2849 animi
565 2782 784 2865 magnitudine
806 2801 954 2845 maxume
977 2783 1116 2857 excellit,
1140 2783 1183 2845 ita
1205 2803 1353 2846 maxume
1376 2784 1443 2847 vult
1463 2784 1612 2868 princeps
1634 2787 1776 2851 omniurn

443 2879 495 2943 rel
517 2880 622 2962 potius
645 2878 733 2940 solus
756 2896 838 2939 esse.
880 2875 1018 2939 Difficile
1040 2885 1146 2939 autem
1169 2885 1231 2951 est,
1253 2896 1325 2941 cnm
1347 2886 1507 2960 praestare
1529 2878 1678 2943 omnibus
1699 2898 1777 2943 con·

443 2976 599 3058 cupieris,
628 2992 754 3036 servare
776 2971 985 3054 aequitatem,
1014 2990 1097 3054 quae
1130 2978 1179 3033 est
1205 2971 1345 3034 iustitiae
1376 2989 1523 3034 maxume
1544 2973 1684 3054 propria.
1726 2973 1776 3037 Ex

444 3091 507 3154 quo
530 3067 564 3133 fit
585 3077 620 3132 ut
642 3087 748 3150 neque
769 3065 1001 3148 disceptatione
1023 3065 1108 3128 vinci
1131 3085 1166 3129 se
1188 3085 1247 3127 nec
1269 3065 1336 3127 ullo
1353 3065 1481 3147 publico
1496 3084 1534 3129 ac
1549 3065 1692 3149 legitimo
1706 3067 1776 3131 iuro

404 3166 613 3249 ”patiantur
637 3162 842 3244 existuntque
865 3162 897 3222 in
921 3181 954 3223 re
977 3161 1104 3242 publica
1126 3160 1315 3242 plerumque
1338 3159 1503 3242 largitores
1526 3167 1559 3223 et
1578 3156 1718 3235 factiosi,
1739 3166 1775 3224 ut

442 3279 519 3344 opes
547 3278 644 3342 qoam
674 3274 837 3320 maxumas
865 3262 1101 3337 consequantur
1128 3261 1159 3316 et
1188 3255 1251 3316 sint
1280 3254 1312 3315 vi
1340 3255 1447 3337 potios
1473 3254 1656 3337 superiores
1678 3273 1774 3337 quam

440 3353 563 3417 iustitia
591 3370 694 3435 pares.
743 3349 805 3412 Sed
836 3369 900 3432 quo
929 3348 1109 3422 difficilius,
1137 3347 1198 3411 boc
1221 3348 1425 3430 praeclarius.
1468 3348 1595 3412 Nullum
1617 3348 1704 3412 enim
1724 3356 1775 3412 est

440 3454 567 3528 tempos
599 3444 686 3528 quod
716 3443 838 3507 iustitia
866 3461 978 3505 vacare
1009 3442 1133 3505 debeat.
1182 3439 1234 3503 65.
1264 3444 1375 3505 Fortes
1403 3443 1498 3524 igitur
1526 3450 1559 3506 et
1578 3442 1772 3526 magnanimi

440 3550 516 3604 sunt
538 3538 674 3602 habendi
697 3556 762 3601 non
785 3537 841 3618 qui
864 3536 992 3610 faciunt,
1015 3537 1070 3598 sed
1094 3537 1149 3619 qui
1170 3537 1359 3619 propulsant
1373 3537 1530 3600 iniuriam.
1568 3538 1772 3600 Varaautem

400 3643 473 3699 atet
495 3636 623 3717 sapiens
651 3632 748 3694 animi
777 3630 962 3711 magnitudo
988 3628 1158 3692 honestum
1180 3629 1276 3703 illud,
1306 3630 1393 3712 quod
1417 3650 1564 3694 maxume
1586 3637 1699 3693 natura
1721 3648 1770 3692 se·

440 3730 564 3813 quitur,
593 3729 627 3790 in
655 3724 747 3787 lactis
776 3725 931 3805 positum,
961 3742 1026 3784 non
1054 3723 1088 3784 in
1117 3723 1214 3803 gloria
1238 3723 1356 3786 iudicat
1378 3723 1617 3807 principemque
1639 3742 1674 3785 se
1697 3741 1768 3784 esse

438 3822 559 3886 mavult
581 3840 675 3904 quarn
699 3816 811 3879 videri.
847 3816 973 3879 Etenim
997 3817 1052 3899 qui
1076 3837 1116 3878 ex
1139 3835 1245 3878 errore
1267 3816 1432 3900 imperitae
1454 3817 1669 3880 multitudinis
1690 3835 1769 3899 pen·

439 3914 507 3991 det,
528 3916 581 3979 bic
602 3916 633 3977 in
657 3912 778 3995 magnis
801 3911 877 3973 viris
898 3930 963 3972 non
985 3919 1034 3974 est
1055 3911 1230 3974 habendus.
1275 3912 1435 3974 Facillime
1458 3923 1562 3975 autem
1583 3910 1624 3974 ad
1647 3929 1700 3973 res
1721 3909 1770 3971 iu·

438 4011 537 4074 iustas
560 4007 735 4091 inpellitur,
758 4013 794 4067 ut
816 4004 953 4086 quisque
975 4005 1130 4069 altissimo
1153 4005 1258 4068 animo
1281 4014 1338 4078 est,
1361 4005 1481 4087 gloriae
1503 4005 1690 4088 cupiditate:
1713 4002 1770 4086 qui

399 4104 526 4168 ⁸⁰locus
549 4113 597 4166 est
619 4122 694 4166 sane
717 4098 868 4170 lubricus,
891 4100 976 4181 quod
998 4100 1053 4160 vix
1075 4100 1244 4170 invenitur,
1267 4098 1322 4179 qui
1339 4098 1497 4161 laboribus
1513 4098 1670 4181 susceptis
1687 4097 1771 4180 peri·

438 4199 584 4280 cutisque
612 4196 706 4258 aditis
730 4213 794 4255 non
818 4192 909 4273 quasi
933 4193 1111 4254 mercedem
1135 4202 1420 4274 rerumgestarum
1445 4193 1605 4255 desideret
1626 4192 1769 4275 gloriam.

522 4293 593 4353 XX.
623 4287 675 4350 66.
708 4287 846 4349 Omnino
877 4284 967 4348 fortis
997 4288 1121 4349 animus
1151 4296 1182 4349 et
1211 4308 1342 4368 magnus
1370 4288 1494 4352 duabus
1517 4287 1610 4349 rebus
1632 4286 1770 4348 maxime

439 4385 592 4456 cernitur,
623 4402 757 4464 quarum
787 4399 850 4442 una
880 4380 913 4441 in
942 4400 1046 4443 rerum
1069 4388 1270 4444 externarum
1293 4382 1500 4465 despicientia
1523 4380 1667 4465 ponitur,
1697 4399 1769 4441 cum

437 4498 623 4561 persuasum
654 4484 702 4538 est
731 4474 810 4535 nibil
838 4474 999 4536 bominem
1027 4476 1089 4536 nisi
1113 4474 1200 4557 quod
1222 4476 1390 4539 honestum
1412 4476 1629 4557 decorumque
1651 4474 1694 4536 sit
1714 4481 1771 4536 aut

399 4572 586 4635 coadmirari
608 4581 663 4632 aut
685 4577 793 4653 optare
816 4578 869 4631 aut
892 4579 1044 4652 expetere
1067 4578 1213 4652 oportere
1236 4570 1380 4652 nullique
1402 4589 1508 4652 neque
1524 4567 1646 4630 bomini
1662 4587 1768 4649 neque

438 4665 665 4750 perturbationi
689 4664 785 4726 animi
808 4683 866 4724 nec
888 4663 1032 4726 fortunae
1055 4663 1272 4726 subcumbere.
1316 4664 1423 4726 Altera
1446 4672 1496 4726 est
1517 4681 1584 4735 res,
1614 4669 1665 4734 nt,
1697 4680 1768 4723 cum

437 4760 482 4823 ita
504 4761 548 4821 sis
570 4758 700 4820 affectus
723 4758 843 4832 animo,
861 4766 907 4820 ut
929 4779 1025 4839 supra
1047 4759 1131 4833 dixi,
1154 4779 1205 4821 res
1227 4778 1318 4840 geras
1341 4777 1470 4839 magnas
1492 4757 1563 4819 illas
1586 4754 1716 4838 quidem
1737 4762 1769 4817 et

437 4872 585 4917 maxume
609 4852 714 4923 utiles,
738 4850 793 4913 sed
819 4847 877 4934 [ut]
902 4851 1107 4914 vehementer
1129 4854 1244 4915 arduas
1266 4852 1441 4936 plenasque
1463 4850 1606 4912 laborum
1629 4855 1662 4910 et
1683 4846 1770 4930 peri·

502 5096 526 5145 2.
545 5093 690 5142 immunitos
706 5106 723 5144 a
742 5120 767 5130 -
785 5092 863 5155 probs
880 5106 1014 5155 superscr.
1034 5094 1059 5142 in
1077 5106 1108 5148 ας
1126 5093 1208 5156 proba
1226 5095 1301 5144 nilo
1321 5121 1347 5129 -
1367 5095 1392 5143 e.
1411 5094 1477 5142 enim
1493 5103 1549 5142 eo:
1570 5104 1624 5140 om.
1637 5090 1684 5142 AB
1697 5090 1768 5140 llbo

438 5170 509 5219 -i.
529 5169 693 5218 csmrtctco
721 5193 748 5203 -
777 5170 817 5217 ⁴0.
837 5173 908 5216 cte:
928 5169 1150 5231 cmbssllbop
1178 5194 1205 5205 —
1233 5168 1529 5229 tl.simplics'sssllno
1550 5192 1576 5203 ·-
1606 5166 1770 5216 ⁴6.eaecctlet

436 5245 579 5298 Assllbo;
598 5242 630 5291 cl.
646 5242 788 5306 poenal.
810 5268 836 5277 -
856 5244 1043 5293 emolumenti
1060 5246 1126 5293 sotus
1144 5256 1158 5294 o
1178 5271 1204 5280 -
1225 5245 1264 5293 il.
1283 5246 1310 5293 ui
1327 5257 1357 5294 s:
1376 5250 1403 5293 ut
1420 5244 1542 5300 ABllb;
1560 5247 1695 5303 utcumque
1712 5252 1767 5291 e-

435 5326 477 5375 id.
495 5324 562 5374 enim
577 5328 612 5371 cst
628 5327 723 5382 tempus
740 5321 880 5370 Allobo:
908 5322 1190 5380 enimtcmpurcs2133
1216 5325 1251 5368 cst
1269 5321 1334 5368 enim
1351 5326 1444 5380 tempas
1462 5330 1478 5367 o
1499 5343 1525 5351 -
1549 5317 1590 5368 tl.
1609 5322 1696 5365 autern
1712 5327 1767 5363 om.

437 5410 452 5447 o
471 5425 498 5434 -
517 5399 557 5447 29.
577 5397 698 5445 ottudrm
715 5396 800 5442 oniaco
817 5400 861 5451 est,
880 5395 976 5457 gloriae
992 5396 1129 5456 cupiditate
1146 5394 1269 5444 Pcarcius
1293 5394 1377 5453 (cuius
1395 5392 1610 5442 emendationem
1629 5390 1769 5439 firmarunt

436 5472 515 5523 codd.
534 5471 654 5535 aliquott:
679 5470 800 5518 altissimo
817 5471 901 5517 culoso
918 5476 941 5518 ct
957 5470 1053 5533 pieriae
1069 5470 1205 5531 cupiditate
1222 5469 1369 5530 anunm
1392 5468 1513 5516 altissimo
1530 5467 1614 5515 colom
1632 5469 1655 5513 ct
1671 5463 1769 5527 gloriae

435 5548 540 5608 crepidae
555 5552 590 5595 ert
611 5559 642 5603 ας
669 5551 703 5594 ert
721 5545 840 5593 altissimo
858 5549 942 5593 ocimo
959 5551 981 5594 ct
998 5545 1080 5606 glorio
1098 5548 1121 5592 ct
1137 5545 1274 5604 cupiditate
1297 5554 1311 5591 o
1341 5569 1368 5578 -
1400 5543 1440 5592 30.
1459 5541 1532 5605 quod]
1550 5540 1670 5602 quoniam
1694 5551 1712 5589 s.
1737 5560 1765 5572 -

435 5620 476 5671 32.
496 5623 580 5669 Omnis
597 5633 612 5669 c
633 5646 659 5655 -
683 5619 723 5669 dl.
740 5633 889 5681 persuasam
907 5626 941 5668 est
964 5620 1067 5681 Madvig
1091 5618 1133 5677 (ad
1152 5620 1206 5668 Cic.
1226 5618 1260 5667 de
1279 5617 1360 5667 Finib.
1380 5632 1405 5681 ρ.
1416 5616 1464 5668 tls
1482 5618 1548 5679 eqd:
1570 5625 1721 5676 nemaeum
1735 5612 1768 5660 sit

436 5697 486 5746 Co.
506 5697 545 5746 Cl.
564 5697 597 5746 ill
614 5694 681 5757 sil.
695 5695 735 5745 89.
761 5720 788 5730 -
812 5695 940 5743 borsetum
956 5696 987 5743 sit
1004 5696 1169 5755 decorumque
1186 5699 1230 5742 cut
1247 5705 1261 5743 c
1283 5720 1308 5728 -
1329 5694 1369 5744 35.
1387 5699 1432 5743 out
1448 5698 1564 5755 expetere
1580 5695 1694 5751 oportere
1711 5699 1765 5736 om.

434 5772 506 5820 deb
534 5797 560 5806 -
591 5771 631 5819 ³8.
651 5770 845 5819 atllBlleb:
870 5775 955 5830 etop.
993 5769 1079 5819 Malim
1099 5774 1240 5831 utramque
1259 5767 1415 5832 particulam
1433 5768 1547 5825 abessc;
1572 5779 1635 5816 nam
1653 5765 1698 5828 qui
1715 5763 1766 5813 loci

434 5845 469 5893 ad
490 5851 517 5894 ut
539 5843 737 5894 defendendum
757 5844 904 5894 afferuntur
927 5843 973 5906 (de
992 5848 1058 5895 orat.
1076 5846 1099 5893 ll
1115 5844 1187 5907 §25⁴
1210 5847 1236 5893 ct
1253 5844 1324 5893 brut.
1337 5844 1354 5906 s
1366 5843 1427 5905 3⁴8>
1446 5854 1555 5907 prorsus
1572 5841 1672 5892 diversi
1688 5840 1764 5899 sunt,

434 5931 497 5970 cum
513 5921 540 5970 in
557 5918 606 5970 iilis
623 5920 768 5984 praecedat
784 5934 833 5970 noo
849 5924 886 5969 ut.
