4342 7459
441 1234 505 1303 672
982 1237 1037 1302 DE
1060 1238 1230 1302 ouutctls

440 1399 595 1462 maiorum
625 1416 718 1460 suum
747 1396 905 1480 quoddam
938 1396 1115 1461 institutum
1144 1405 1403 1481 consequantur,
1434 1398 1639 1485 maximeque
1666 1399 1701 1465 iu
1730 1421 1771 1467 ee

440 1492 631 1576 plerumque
653 1489 816 1554 elaborent
837 1490 879 1565 ii,
907 1491 963 1574 qui
993 1510 1106 1574 magua
1133 1492 1193 1555 sibi
1214 1499 1400 1575 proponunt
1422 1493 1565 1557 obscuris
1587 1494 1649 1558 orti
1670 1495 1772 1559 maio·

439 1586 539 1651 ribus.
582 1581 654 1649 tt7.
676 1585 762 1647 llaec
784 1584 882 1667 igitur
902 1586 1026 1660 omnia,
1054 1606 1125 1649 cum
1148 1586 1330 1668 quaerimus
1352 1586 1429 1670 quid
1451 1588 1579 1663 deceat,
1601 1587 1772 1673 complecti

439 1682 546 1747 auimo
569 1686 602 1743 et
623 1677 815 1761 cogitatione
838 1677 998 1742 debemus.
1036 1680 1072 1741 ln
1095 1680 1206 1762 primis
1221 1689 1328 1743 autem
1342 1680 1598 1746 constituendum
1613 1690 1672 1758 est,
1687 1702 1771 1768 quos

416 1789 499 1842 enos
521 1784 553 1839 et
575 1772 686 1859 quales
707 1791 778 1835 esse
801 1772 934 1836 velimus
956 1773 1042 1836 etin
1066 1794 1132 1857 quo
1154 1792 1270 1855 genere
1293 1774 1394 1838 vitae:
1417 1794 1499 1857 quas
1517 1773 1706 1840 deliberatio
1721 1784 1772 1842 eet

440 1870 582 1937 omnium
604 1864 799 1931 difficillima.
841 1868 975 1929 Ineunte
996 1868 1081 1931 euim
1104 1866 1336 1943 adulescentia,
1358 1888 1429 1933 cum
1451 1877 1502 1934 est
1523 1870 1658 1934 maxime
1680 1870 1772 1935 iube·

439 1966 553 2031 cillitas
575 1960 718 2034 consilii,
747 1969 812 2024 tum
841 1961 874 2024 id
903 1961 964 2024 sibi
994 1961 1131 2045 quisque
1154 1981 1254 2044 genus
1275 1964 1387 2025 aetatis
1408 1962 1571 2047 degendae
1593 1964 1771 2039 coustituit,

439 2059 525 2144 quod
553 2056 691 2122 maxime
718 2056 886 2119 adamarit
940 2057 1051 2141 ltaque
1085 2065 1158 2119 aute
1185 2057 1367 2139 implicatur
1394 2056 1504 2142 aliquo
1533 2065 1622 2122 certo
1651 2077 1771 2141 genere

440 2173 600 2236 cursuque
622 2150 747 2214 vivendi
771 2169 866 2233 quam
889 2151 1006 2233 potuit,
1021 2153 1108 2233 quod
1125 2152 1279 2234 optimum
1294 2158 1393 2227 esset,
1408 2151 1558 2216 iudicare.
1594 2147 1667 2214 ll8.
1690 2153 1770 2216 Nan

402 2262 432 2310 ao
440 2245 525 2333 quod
546 2244 718 2309 Herculem
740 2245 892 2308 Prodicus
915 2245 1002 2319 dicit,
1024 2253 1059 2308 ut
1080 2252 1130 2308 est
1150 2244 1235 2329 apud
1258 2244 1515 2329 Xenophontem,
1536 2266 1609 2310 cum
1631 2246 1769 2330 primum

438 2343 643 2427 pubesceret,
672 2338 757 2422 quod
780 2346 905 2422 tempus
927 2359 946 2402 a
967 2346 1079 2403 natura
1099 2339 1140 2403 ad
1164 2340 1384 2421 deligendum,
1407 2359 1503 2424 quam
1524 2340 1663 2424 quisque
1685 2340 1770 2405 viem

437 2434 565 2501 risendi
587 2432 628 2495 sit
649 2433 867 2515 ingressurus,
898 2433 1007 2496 datum
1030 2441 1097 2507 est,
1127 2434 1231 2496 exisse
1253 2433 1286 2497 iu
1308 2434 1511 2497 solitudinem
1534 2441 1631 2518 atque
1652 2433 1699 2497 ibi
1720 2453 1771 2498 ee·

439 2528 567 2593 dentem
589 2527 644 2590 diu
667 2546 774 2589 secum
796 2527 994 2610 multumque
1017 2526 1189 2601 dubitasse,
1212 2546 1282 2590 cum
1307 2525 1386 2591 duae
1408 2534 1553 2591 cerneret
1573 2527 1649 2601 vias,
1671 2546 1768 2591 unam

438 2620 637 2705 Voluptatis,
664 2621 795 2684 alteram
818 2622 967 2695 Virtutis,
997 2628 1099 2684 utram
1122 2620 1244 2703 ingredi
1272 2620 1387 2685 melius
1414 2627 1514 2697 esset,
1543 2620 1606 2684 boc
1626 2620 1770 2697 Herculi,

401 2717 524 2782 eoloris
546 2722 616 2780 satu
638 2713 740 2789 edito,
764 2716 867 2797 potuit
888 2713 1022 2777 tortasse
1043 2715 1244 2797 contingere,
1266 2716 1358 2778 nobis
1380 2735 1445 2778 non
1468 2715 1559 2790 item,
1587 2715 1643 2799 qui
1666 2716 1771 2780 imita·

439 2831 512 2875 mur
533 2829 614 2895 quos
637 2810 753 2893 cuique
775 2810 876 2872 risum
899 2816 948 2872 est
968 2816 1065 2891 atque
1087 2810 1128 2872 ad
1151 2828 1260 2873 eorum
1283 2808 1389 2873 studia
1410 2809 1619 2893 institutaque
1633 2808 1771 2894 impelli·

439 2924 520 2981 mur,
541 2904 728 2988 plerumque
749 2910 854 2966 autem
877 2902 1057 2985 parentium
1081 2903 1259 2987 prae'csptis
1281 2902 1382 2966 inbuti
1404 2901 1445 2966 ad
1468 2922 1577 2966 eorum
1599 2910 1770 2967 consuetu·

439 2998 546 3062 dinem
568 3017 753 3081 moremque
775 2997 971 3061 deducimur.
1006 2997 1068 3059 Alii
1084 2997 1298 3062 multitudinis
1312 2996 1433 3061 iudicio
1448 2995 1604 3071 feruntur,
1620 3016 1769 3081 quaeque

438 3092 553 3158 maiori
574 3092 656 3175 parti
679 3091 890 3176 pulcherrima
914 3089 1073 3165 videntur,
1090 3111 1127 3155 ea
1143 3093 1280 3155 maxime
1296 3098 1465 3175 exoptant:
1487 3111 1552 3154 non
1567 3091 1647 3155 ualli
1662 3098 1769 3155 tamea

401 3190 507 3255 atsive
535 3185 686 3251 felicitate
715 3185 852 3269 quadam
883 3188 949 3249 sive
978 3185 1120 3249 bonitate
1150 3194 1281 3248 naturae
1309 3186 1377 3249 sive
1399 3184 1579 3268 parentium
1600 3184 1770 3268 disciplina

438 3291 556 3347 rectam
578 3282 661 3345 ritae
683 3280 783 3343 secuti
806 3286 880 3343 suut
901 3280 995 3343 viam.

523 3374 672 3439 xxxttt.
695 3370 767 3436 449.
790 3373 871 3437 lllud
892 3381 998 3438 autem
1021 3374 1159 3437 maxims
1180 3393 1285 3436 rarum
1307 3394 1408 3456 genua
1430 3381 1480 3437 est
1501 3393 1626 3449 eorum,
1642 3373 1699 3458 qui
1714 3380 1769 3437 aut

439 3468 609 3536 excellenti
640 3469 760 3551 ingenii
790 3468 1008 3551 magnitudine
1035 3477 1090 3531 aut
1119 3467 1282 3551 praeclara
1303 3466 1482 3532 eruditione
1504 3475 1600 3552 atque
1623 3466 1767 3531 doctriua

439 3574 494 3629 aut
514 3572 650 3648 utraque
671 3582 706 3625 re
728 3563 837 3632 omati
851 3562 985 3645 spatium
1009 3564 1104 3626 etiam
1128 3561 1325 3625 deliberandi
1348 3560 1542 3637 babuerunt,
1557 3562 1770 3646 quempou's·

401 3660 554 3723 usinum
577 3658 659 3721 ritae
681 3676 806 3720 cursum
829 3656 922 3739 sequi
944 3655 1075 3718 vellent:
1100 3656 1134 3717 in
1156 3675 1219 3740 qua
1242 3656 1472 3719 deliberatione
1493 3655 1535 3720 ad
1557 3674 1646 3719 enam
1662 3658 1770 3719 cuius-

440 3774 504 3838 que
526 3760 671 3815 naturam
693 3749 860 3813 consilium
890 3757 938 3811 est
966 3768 1059 3813 omne
1088 3749 1312 3814 revocandum.
1356 3752 1434 3814 Nam
1456 3770 1530 3814 cum
1552 3748 1585 3811 in
1608 3748 1767 3823 omuibus,

439 3868 522 3933 quae
542 3853 688 3929 aguntur,
710 3864 751 3907 ex
773 3863 822 3917 eo,
845 3862 908 3926 quo
932 3843 1028 3906 modo
1050 3844 1186 3928 quisque
1209 3851 1302 3907 uatus
1324 3851 1382 3917 est,
1405 3851 1440 3907 ut
1462 3843 1694 3928 supradictum
1708 3850 1768 3917 eet,

440 3942 517 4026 quid
540 3940 651 4004 deceat
672 3938 887 4023 exquirimus,
911 3945 977 3999 tum
1000 3938 1033 4000 in
1056 3946 1122 4001 tota
1145 3938 1208 4000 vita
1230 3939 1452 4001 constituenda
1473 3938 1573 4002 multo
1595 3947 1645 4003 est
1667 3939 1698 4003 ei
1719 3937 1766 4002 rei

440 4056 515 4100 cura
537 4035 639 4097 maior
659 4030 850 4106 adhibenda,
873 4038 909 4094 ut
929 4040 1074 4095 constare
1097 4033 1129 4094 in
1153 4032 1360 4115 perpetuitate
1382 4032 1466 4096 vitae
1488 4032 1646 4115 possimne
1660 4030 1768 4096 uobis·

401 4137 504 4193 tornet
525 4129 603 4212 ipsis
626 4128 739 4190 necin
762 4126 827 4189 ullo
850 4123 955 4189 officio
978 4127 1164 4189 claudicare.
1216 4123 1287 4186 440.
1315 4126 1361 4188 lu
1386 4124 1465 4188 banc
1487 4135 1591 4190 autem
1614 4126 1767 4192 rationem

440 4224 589 4309 quonium
613 4222 783 4285 maximam
806 4222 867 4284 vim
890 4230 1000 4285 natura
1022 4222 1132 4296 habet,
1155 4220 1281 4304 fortuna
1303 4222 1490 4302 proximam,
1512 4221 1680 4304 utriusque
1701 4239 1768 4282 om·

439 4321 514 4383 nino
546 4318 689 4382 babendo
720 4317 800 4379 ratio
831 4317 933 4378 estin
956 4316 1124 4398 deligendo
1148 4335 1263 4397 genere
1285 4315 1384 4389 vitae,
1414 4316 1469 4378 sed
1491 4322 1622 4377 naturae
1644 4316 1765 4399 magie;

429 4414 539 4477 'multo
563 4413 647 4476 euim
670 4419 703 4474 et
724 4408 841 4473 firmior
863 4418 911 4472 est
934 4419 964 4473 et
986 4411 1191 4483 constantior,
1215 4417 1249 4471 ut
1270 4408 1398 4472 lomuna
1419 4429 1482 4471 uon
1501 4427 1673 4491 numquam
1690 4416 1768 4473 tam·

440 4526 535 4590 quam
556 4507 627 4589 ipsa
648 4504 788 4569 mortalis
817 4525 887 4567 cum
909 4505 1069 4568 inmortali
1091 4513 1203 4567 natura
1224 4523 1364 4586 pugnare
1387 4503 1543 4566 videatur.
1588 4503 1651 4577 Qui
1673 4502 1770 4584 igitur

505 4749 717 4814 imprecatura
746 4776 771 4785 -
799 4748 911 4798 maxime
928 4747 954 4796 ia
971 4750 1036 4798 eod
1066 4774 1092 4782 —
1120 4745 1539 4807 2.lsitAllb‚bi7'o‚biBe-
1565 4746 1768 4810 palmaque·-

437 4826 576 4879 moiom'bue
592 4826 690 4875 Nouius
708 4838 734 4889 p.
745 4824 802 4874 ³59.
818 4850 844 4860 -
865 4825 888 4873 6.
902 4823 967 4887 oum]
980 4829 1033 4873 toea
1050 4835 1065 4871 o
1085 4849 1111 4857 -
1135 4823 1159 4872 9.
1174 4824 1234 4885 quid
1251 4824 1371 4885 optimam
1388 4833 1405 4874 e
1425 4848 1450 4857 -
1469 4821 1538 4870 Nom
1555 4821 1667 4885 quode:
1686 4821 1767 4871 Nom-

437 4914 486 4965 que
502 4898 634 4950 ABlleb
662 4925 688 4934 -
720 4899 760 4947 to.
779 4898 909 4948 Herculem
924 4899 1043 4948 Prodicus
1059 4898 1119 4946 dicit
1136 4898 1280 4947 Manutius:
1307 4896 1430 4946 borealem
1444 4897 1566 4961 prodigere
1583 4898 1640 4961 (aio)
1658 4898 1718 4949 44444
1737 4908 1765 4957 ος

436 4978 560 5029 bomem
577 4976 637 5023 dicit
658 4986 685 5032 e;
710 4974 833 5023 borealem
847 4975 982 5037 prodigum
999 4974 1058 5023 dicet
1076 4973 1137 5027 Hb:
1162 4973 1284 5022 bercsdem
1299 4972 1434 5035 prodigam
1450 4973 1536 5023 444444
1551 4973 1615 5031 Am
1638 4973 1767 5024 Herculem

436 5053 580 5104 Prodiciesm
596 5050 681 5099 dicant
703 5061 727 5099 o.
763 5049 801 5099 Cl.
821 5050 895 5099 Lund
918 5050 952 5100 de
976 5048 1082 5099 emend.
1104 5050 1158 5098 Cic.
1177 5047 1251 5098 libris
1274 5048 1308 5097 de
1331 5046 1399 5097 olflc.
1420 5047 1488 5110 p.32
1506 5051 1533 5097 et
1549 5048 1619 5099 Bake
1636 5050 1764 5101 fluentas.

437 5129 471 5179 lx
489 5125 583 5192 poto.
605 5150 632 5160 -
660 5126 699 5173 tl.
718 5126 752 5173 ud
769 5125 907 5187 eligendam
930 5138 954 5174 4.
990 5123 1029 5173 Cl.
1049 5138 1073 5172 v.
1088 5123 1119 5172 34
1136 5126 1164 5172 et
1180 5136 1206 5186 p.
1217 5122 1274 5182 673,
1288 5122 1311 5172 3.
1337 5148 1364 5158 -
1394 5122 1434 5172 44.
1452 5124 1615 5186 lagreseaell
1635 5149 1662 5160 -
1686 5124 1767 5186 adque

438 5203 485 5254 Ab
504 5227 530 5237 -
550 5199 590 5249 43.
609 5200 653 5248 444
669 5198 783 5249 omae
802 5226 828 5235 -
849 5202 892 5249 444
908 5214 990 5249 eccam
1006 5213 1075 5249 corr.
1096 5200 1120 5248 in
1139 5212 1221 5247 secum
1239 5199 1282 5246 444
1299 5198 1319 5246 Η
1339 5223 1365 5232 -
1392 5196 1430 5247 tt.
1449 5198 1555 5248 borealia
1571 5211 1588 5248 4
1606 5224 1634 5234 -
1659 5199 1700 5249 lb.
1718 5212 1767 5248 eos

436 5279 502 5328 tdem
519 5278 539 5327 C
569 5301 595 5311 -
624 5275 663 5325 46.
683 5287 850 5337 quoecumque
866 5288 883 5337 p
900 5302 933 5312 -
958 5276 998 5326 47.
1015 5275 1162 5336 plememqae
1179 5274 1259 5322 dolero
1273 5271 1418 5333 pareatum
1429 5297 1466 5308 -·
1477 5285 1607 5333 morerque
1622 5273 1768 5323 4444444444·

437 5354 537 5405 Nonius
554 5365 581 5416 p,
595 5350 651 5401 344.
682 5377 714 5387 -
740 5354 906 5411 pormtamo
935 5376 961 5386 -
994 5350 1032 5400 48.
1052 5348 1365 5411 4444444--444444444,
1384 5359 1414 5396 eo
1430 5349 1543 5398 moeime
1559 5354 1647 5411 optant
1668 5349 1766 5399 Nouius

437 5429 531 5494 paea
554 5455 580 5465 -
608 5428 648 5475 ⁴9.
667 5440 697 5476 eu
714 5427 852 5476 omlab
871 5452 898 5461 -
925 5428 965 5476 40.
981 5426 1128 5488 parentiam
1146 5436 1214 5473 corr.
1234 5423 1259 5471 in
1275 5426 1412 5485 pareatum
1429 5423 1473 5472 Bo
1501 5449 1527 5458 —
1555 5423 1597 5472 st.
1614 5422 1693 5487 44444]
1710 5424 1767 5472 estse

436 5507 484 5556 Ab
504 5532 530 5542 -
555 5504 597 5553 24.
616 5514 706 5551 ruram
723 5506 757 5550 est
776 5502 918 5563 (superscr.
931 5502 1015 5564 genae)
1034 5513 1051 5549 a
1070 5523 1096 5535 -
1121 5498 1162 5547 43.
1180 5499 1310 5548 excellenti
1327 5510 1354 5546 o:
1374 5497 1662 5557 accelerandam
1684 5498 1766 5549 eccel-

437 5581 509 5631 lectte
525 5592 562 5643 po
581 5604 608 5614 -
628 5582 704 5638 otqae
720 5577 835 5626 doctrino
852 5584 927 5639 atque
944 5581 1083 5637 atroqaee
1104 5601 1130 5610 -
1150 5571 1328 5623 elaeomeli·
1345 5574 1401 5621 Ao:
1419 5585 1448 5622 re
1464 5577 1557 5622 444444
1573 5573 1602 5631 4;
1621 5575 1660 5624 res·
1675 5579 1766 5623 amoto

437 5655 497 5708 lle:
515 5656 552 5704 rei
569 5653 697 5703 osmotaB
718 5679 744 5689 -
771 5651 812 5701 26.
831 5657 865 5700 eet
883 5654 970 5701 omit
991 5675 1018 5686 -
1047 5649 1087 5698 47.
1106 5649 1179 5697 modo
1196 5662 1248 5699 om.
1264 5662 1280 5699 4
1299 5673 1326 5683 -
1355 5648 1395 5697 28.
1414 5653 1450 5698 eet
1466 5650 1488 5699 et
1504 5651 1542 5699 rei
1558 5663 1623 5699 curo
1640 5651 1765 5700 Gruterus

438 5732 474 5791 (in
491 5729 683 5790 adnotatione):
712 5733 746 5777 eet
762 5728 784 5776 ei
801 5741 865 5776 curo
882 5727 1002 5789 (omres‘)
1020 5737 1053 5781 e;
1081 5730 1115 5773 est
1132 5726 1170 5773 rei
1186 5738 1249 5773 cora
1267 5722 1372 5786 (ommi)
1390 5722 1502 5777 leue:
1529 5729 1565 5773 eet
1581 5714 1686 5774 etae'eel
1702 5735 1765 5773 m

438 5820 477 5871 ep
503 5834 536 5844 -
561 5805 602 5855 30.
620 5807 647 5853 tn
663 5804 731 5853 44444
754 5803 824 5853 leb
853 5829 879 5838 -
907 5803 946 5852 34.
967 5802 1085 5862 quonium
1103 5813 1172 5849 corr.
1193 5813 1224 5849 ex
1247 5800 1347 5862 quoodo
1370 5811 1399 5859 a;
1419 5812 1468 5861 qao
1484 5801 1500 5850 b
1519 5799 1600 5863 (conl.
1614 5799 1762 5865 4444444.

436 5883 496 5943 tol,
510 5884 559 5943 44.)
580 5907 606 5918 -
626 5882 666 5931 34.
685 5880 809 5944 diligendo
826 5879 867 5929 ab
886 5877 945 5938 (sed
964 5879 989 5926 in
1007 5890 1024 5925 a
1041 5877 1120 5939 priori
1138 5877 1147 5924 4
1164 5888 1298 5938 superscr.
1313 5876 1341 5941 e)
1360 5900 1388 5912 —
1406 5877 1457 5926 aito
1473 5888 1563 5939 gesem
1579 5885 1594 5924 e
1613 5899 1639 5911 -
1659 5872 1701 5924 84.
1715 5873 1764 5940 flo-

437 5959 504 6011 otior
520 5962 554 6008 eet
570 5962 593 6008 et
610 5958 763 6007 constantior
779 5959 813 6005 eet
829 5958 856 6003 44
873 5964 888 6000 e
907 5976 934 5987 ·-
953 5955 1084 6014 tamquam
1101 5951 1136 6001 C:
1155 5962 1208 6001 om.
1223 5960 1247 6000 o.
