4342 7459
738 1257 1411 1345 Lrs.1.umv11-vn1.§§25-3t.
1699 1259 1741 1325 aa

406 1450 509 1516 eaque
533 1431 631 1494 etiam
652 1429 800 1507 interire,
823 1450 886 1494 non
909 1430 942 1493 in
965 1430 1117 1507 nibilum,
1140 1430 1250 1495 sedin
1273 1451 1345 1496 suas
1368 1434 1491 1514 partes,
1514 1449 1596 1515 quae
1618 1430 1740 1496 infinite

406 1525 507 1589 secari
530 1545 568 1588 nc
591 1524 689 1590 dividi
714 1525 853 1608 possint,
878 1546 949 1588 cum
972 1525 1012 1588 sit
1033 1525 1114 1588 nibil
1132 1529 1261 1589 omnino
1275 1526 1308 1588 in
1323 1546 1429 1589 rerum
1442 1533 1554 1589 natura
1568 1525 1741 1602 minimum,

407 1617 493 1704 quod
517 1619 618 1682 dividi
640 1626 796 1703 nequeat:
825 1640 907 1702 quae
930 1627 1034 1682 autem
1058 1628 1258 1694 moveantur,
1288 1620 1394 1683 omnia
1415 1619 1588 1682 intervallis
1609 1622 1741 1695 moveri,

408 1733 490 1797 quac
521 1713 689 1776 intervalla
716 1713 792 1776 item
821 1710 943 1776 infinite
972 1713 1071 1777 dividi
1100 1714 1233 1800 possint
1276 1711 1327 1776 28.
1349 1716 1389 1777 Et
1419 1734 1490 1777 cum
1511 1714 1555 1776 ita
1578 1723 1742 1778 moveatur

408 1807 463 1870 illa
484 1808 552 1882 vis,
580 1827 678 1892 quam
700 1807 885 1890 qualitatem
908 1827 978 1870 csse
1001 1806 1155 1882 diximus,
1186 1815 1217 1870 et
1241 1828 1312 1870 cum
1335 1809 1380 1870 sic
1401 1807 1486 1870 ultro
1507 1809 1650 1890 citroque
1671 1824 1765 1871 ver-t

409 1909 512 1977 satur,
542 1902 639 1965 etiam
669 1902 832 1965 materiam
863 1903 965 1985 ipsam
995 1908 1094 1964 totam
1122 1903 1250 1986 penitus
1273 1901 1458 1964 commutari
1480 1909 1606 1984 putant,
1635 1911 1666 1965 et
1686 1902 1741 1966 illa

408 1993 506 2070 ellici,
538 2016 621 2079 quae
650 1996 812 2080 appellant
844 1995 1005 2079 qualia:
1039 2015 1057 2058 e
1088 1997 1220 2079 quibus,
1254 1996 1340 2060 omni
1366 2004 1479 2060 natura
1500 1996 1687 2059 cohaerente
1710 2003 1742 2058 ct

408 2091 609 2165 continuata,
642 2110 715 2153 cum
746 2090 891 2153 omnibus
921 2089 987 2152 suis
1017 2089 1160 2172 partibus
1191 2111 1289 2153 unum
1319 2087 1464 2153 ellectum
1488 2110 1558 2153 esse
1580 2090 1741 2163 mundum,

408 2193 497 2247 extra
520 2206 616 2269 quem
639 2184 728 2247 nulla
748 2203 821 2267 pars
845 2183 993 2247 materiae
1016 2182 1057 2245 sit
1077 2182 1264 2267 nullumque
1279 2204 1411 2268 corpus:
1434 2184 1532 2266 partis
1551 2192 1656 2248 autem
1672 2203 1741 2247 esse

409 2277 519 2341 mnndi
547 2278 668 2352 omnia,
698 2297 779 2360 quae
808 2277 906 2340 insint
934 2278 967 2339 in
999 2295 1055 2349 eo,
1085 2296 1166 2359 quae
1189 2285 1300 2340 natura
1322 2277 1477 2340 sentiente
1498 2283 1680 2354 tencantur,
1709 2278 1741 2341 in
1753 2298 1779 2343 ro

410 2391 474 2455 qua
494 2372 577 2435 ratio
599 2372 739 2455 perfecta
760 2371 849 2446 insit,
873 2390 955 2455 quae
977 2370 1020 2432 sit
1034 2369 1145 2433 eadem
1161 2370 1370 2453 sempitema3
1393 2370 1472 2433 nihil
1490 2373 1572 2434 enim
1587 2373 1743 2436 valentius

410 2485 494 2541 esse,
517 2485 538 2528 a
560 2487 626 2551 quo
649 2466 798 2529 intereat:
820 2462 871 2527 29.
894 2483 990 2547 quam
1012 2464 1075 2527 vim
1099 2464 1239 2527 animum
1262 2484 1332 2528 csse
1348 2464 1458 2527 dicunt
1472 2465 1582 2528 mundi
1596 2467 1744 2530 candem·

410 2579 472 2642 que
501 2580 574 2624 esse
603 2568 742 2623 mentem
764 2559 1016 2641 sapientiamque
1039 2556 1228 2641 perfectam,
1260 2578 1354 2642 quem
1377 2557 1472 2621 deum
1493 2558 1655 2644 appellant
1677 2580 1744 2623 om·

411 2654 566 2737 niumqnc
594 2673 718 2727 rerum,
748 2672 831 2736 quae
862 2659 936 2715 sunt
966 2652 995 2714 ei
1025 2652 1202 2727 subiectae,
1230 2653 1322 2735 quasi
1352 2652 1552 2737 prudentiam
1574 2656 1743 2738 quandam,

411 2756 633 2830 procurantem
656 2745 805 2810 caelestia
824 2746 979 2821 maxime,
1010 2745 1124 2808 deinde
1147 2746 1180 2808 in
1203 2747 1294 2810 terris
1317 2766 1370 2821 ca,
1399 2766 1482 2831 quae
1503 2749 1684 2830 pertineant
1703 2748 1781 2815 adri

412 2840 574 2905 homines:
598 2860 696 2924 quam
710 2841 869 2903 interdum
885 2840 1018 2902 eandem
1035 2839 1257 2903 necessitatem
1273 2840 1445 2925 appellant,
1469 2842 1544 2924 quia
1557 2841 1637 2905 nihil
1652 2842 1745 2906 aliter

412 2936 513 3017 possit
535 2943 633 3019 atque
656 2935 695 2998 ab
718 2954 756 2997 ca
778 2933 981 2997 constitutum
1005 2935 1046 2997 sit
1067 2934 1090 3015 †
1113 2934 1197 2996 inter
1218 2935 1310 3019 quasi
1323 2934 1453 2997 fatalem
1469 2943 1502 2998 ct
1516 2936 1744 3001 immutabilem

413 3030 684 3092 continuationem
701 3028 822 3091 ordinis
841 3029 1040 3112 sempiterni:
1064 3048 1300 3112 nonnumquam
1318 3028 1451 3092 candem
1467 3028 1634 3105 fortunam,
1656 3030 1743 3115 quod

414 3119 526 3187 efficiat
547 3123 650 3186 multa
670 3123 831 3206 inprovisa
853 3130 886 3186 ct
913 3123 1103 3205 necopinata
1128 3121 1219 3183 nobis
1248 3130 1378 3207 propter
1404 3122 1627 3187 obscuritatem
1655 3126 1744 3209 igno-

414 3217 632 3301 rationemque
655 3236 831 3280 causarum.
1751 3240 1780 3287 20

492 3312 578 3375 VllL
600 3307 653 3373 30.
682 3312 789 3374 Tertia
811 3309 927 3373 deinde
949 3308 1170 3392 philosophiae
1192 3327 1282 3392 pars,
1313 3328 1395 3393 quae
1419 3318 1485 3376 erat
1510 3311 1543 3375 in
1565 3313 1689 3378 ratione
1711 3322 1744 3378 et

414 3405 445 3468 in
465 3405 671 3479 disserendo,
701 3405 747 3468 sic
776 3405 967 3467 tractabatur
988 3403 1027 3466 ab
1050 3403 1205 3485 utrisque.
1244 3401 1443 3488 Quamquam
1467 3414 1609 3470 oreretur
1630 3427 1649 3473 a
1672 3428 1744 3471 scn-

415 3498 513 3575 ribue,
535 3507 644 3563 nmen
666 3519 732 3562 non
754 3518 824 3562 esse
847 3498 997 3561 iudicium
1021 3498 1160 3561 veritatis
1185 3497 1219 3557 in
1241 3497 1404 3561 sensibus:
1434 3507 1571 3563 mentem
1596 3503 1743 3567 volebant

415 3617 481 3661 esse
503 3617 612 3660 rerum
633 3595 791 3669 iudicem:
813 3595 914 3658 solam
936 3592 1106 3655 censebant
1128 3590 1274 3654 idoneam
1297 3591 1348 3654 cui
1365 3591 1563 3670 crederetur,
1586 3594 1662 3679 quia
1676 3596 1744 3661 sola

415 3699 556 3754 cerneret
577 3688 628 3764 id,
651 3688 737 3772 quod
760 3709 886 3772 semper
900 3694 985 3750 esset
1007 3684 1142 3768 simplex
1158 3691 1190 3747 et
1205 3684 1299 3747 unius
1314 3686 1401 3748 modi
1416 3694 1448 3749 et
1461 3687 1523 3751 talc
1539 3689 1632 3773 quale
1648 3699 1780 3760 essetne

413 3784 499 3849 llanc
521 3784 570 3847 illi
592 3778 684 3847 ἰδέαν
705 3783 882 3866 appellant,
905 3782 967 3844 iam
988 3800 1007 3842 a
1029 3780 1158 3842 Platone
1180 3779 1224 3841 ita
1239 3781 1449 3855 nominatam,
1472 3801 1529 3845 nos
1549 3791 1634 3847 recte
1657 3804 1743 3867 spe·

414 3878 513 3942 ciem
535 3896 707 3960 possumus
730 3876 844 3939 dicere.
881 3870 932 3936 tit.
956 3876 1074 3937 Sensus
1097 3880 1203 3937 autem
1227 3873 1329 3936 omnis
1352 3873 1483 3939 hebetes
1499 3881 1531 3938 et
1549 3877 1656 3942 tardos
1671 3899 1742 3941 esse

413 3971 661 4046 arbitrabantur,
690 3990 750 4034 nec
771 3970 935 4055 percipere
957 3968 1023 4031 ullo
1045 3967 1141 4030 modo
1162 3986 1214 4030 res
1235 3967 1333 4043 ullas,
1356 3988 1438 4052 quae
1461 3969 1620 4034 subiectae
1643 3971 1744 4035 sensi·

413 4065 469 4130 bns
490 4066 693 4140 riderentur,
717 4064 803 4149 qnod
826 4071 882 4126 aut
903 4064 946 4126 ita
969 4069 1077 4126 essent
1099 4080 1232 4144 parrae,
1253 4069 1289 4125 ut
1311 4062 1369 4125 sub
1391 4082 1518 4126 sensum
1540 4063 1654 4145 cadere
1676 4083 1741 4127 non

414 4167 560 4244 possent,
584 4166 641 4222 aut
661 4160 705 4221 ita
727 4158 859 4221 mobiles
882 4165 916 4221 ct
936 4156 1126 4234 concitatae,
1154 4163 1190 4217 ut
1211 4155 1289 4217 nihil
1312 4177 1462 4240 umquam
1485 4178 1584 4221 unum
1606 4166 1691 4222 essct
1712 4166 1780 4229 etro

414 4263 578 4330 temtans,
601 4273 643 4316 ne
663 4253 748 4316 idem
763 4252 909 4336 quidem,
932 4252 1007 4336 quia
1021 4252 1221 4315 continenter
1236 4249 1418 4314 laberentur
1433 4259 1463 4315 et
1476 4252 1611 4316 tluercnt
1625 4252 1741 4317 omnia.

414 4615 428 4666 i
443 4613 522 4667 codd
537 4613 688 4666 Goerenzii:
706 4613 859 4665 mntcrcCr
874 4638 901 4648 —
923 4615 946 4662 4.
965 4625 1043 4675 cuque
1059 4612 1167 4662 Davies:
1188 4612 1312 4672 aequm:
1330 4623 1408 4674 coqrre
1423 4611 1522 4671 PVOr,
1540 4626 1569 4663 co
1585 4615 1617 4673 A:
1639 4626 1743 4676 eamque

414 4692 499 4743 Christ
516 4694 604 4754 (eoquo
619 4692 696 4742 stiam
713 4691 797 4739 omnia
813 4690 858 4739 int.
878 4687 979 4748 hamb.)
1000 4715 1026 4723 -
1051 4689 1075 4737 a.
1096 4688 1199 4736 dicimur
1216 4699 1230 4736 r
1249 4713 1276 4721 -
1299 4688 1331 4735 eit
1348 4689 1368 4736 G
1386 4712 1413 4722 -
1437 4687 1503 4736 uitro
1520 4688 1634 4751 introque
1650 4689 1740 4749 AGV,

413 4768 476 4819 ultro
492 4769 520 4818 in
537 4773 644 4829 utroque
661 4780 675 4816 r
691 4792 718 4802 -
738 4766 762 4815 6.
781 4766 856 4814 ctiam
874 4777 935 4813 nos:
954 4768 977 4813 ct
994 4763 1069 4812 Cor
1086 4787 1113 4797 -
1132 4763 1266 4811 materiem
1282 4762 1335 4811 ium
1350 4768 1430 4811 totam
1445 4763 1527 4824 iprum
1543 4765 1604 4813 G—
1623 4765 1699 4814 etita
1713 4771 1742 4827 ψ

415 4849 440 4894 et
454 4845 587 4895 ltanotius
606 4868 636 4880 -
654 4842 679 4891 Ἰ.
697 4841 764 4890 omni
780 4840 889 4889 Davies:
911 4838 937 4886 in
954 4838 1020 4887 omni
1038 4838 1081 4886 Cr
1100 4862 1127 4871 -
1146 4836 1287 4887 cohercente
1302 4840 1351 4888 ΑΡ
1368 4864 1401 4874 -
1422 4838 1446 4886 8.
1465 4851 1543 4887 onum
1560 4840 1594 4888 G:
1619 4851 1672 4889 om.
1691 4842 1741 4890 ΛΡ

414 4918 486 4970 ior
504 4946 533 4956 -
553 4919 577 4967 9.
597 4929 709 4981 quaeque
726 4919 745 4966 G
765 4941 792 4951 -
810 4916 931 4965 materiae
945 4927 1007 4974 porr
1024 4914 1043 4961 G
1063 4937 1090 4947 -
1108 4918 1194 4974 portes
1210 4913 1332 4962 AGO-
1352 4914 1504 4963 ansemundi
1521 4913 1577 4964 Cr:
1595 4914 1682 4962 mnndi
1693 4927 1742 4966 csso

414 4993 513 5045 ocum
529 4994 591 5043 Bas.
613 5021 642 5030 -
665 4994 706 5042 42,
724 4993 808 5041 dicum
825 5005 874 5041 erre
891 5004 904 5039 r
923 5017 949 5024 —
975 4990 1014 5039 43.
1032 5002 1082 5038 esse
1098 4991 1160 5052 post
1175 4988 1326 5048 candernqnc
1342 5001 1396 5038 orn.
1416 4990 1436 5036 G
1455 5013 1482 5023 -
1503 4986 1542 5037 tl.
1558 4988 1741 5048 procidentiam

415 5070 572 5130 lambinns;
591 5071 619 5118 at
634 5082 660 5118 v.
674 5068 708 5118 de
727 5071 779 5117 nat.
794 5067 820 5117 d.
833 5069 863 5125 ll,
883 5066 897 5128 ἓ
915 5067 955 5115 58.
968 5090 994 5099 -
1015 5066 1054 5113 45.
1073 5064 1188 5113 coelestio
1199 5088 1235 5099 --
1248 5064 1282 5111 ort
1298 5063 1406 5112 manices
1423 5075 1476 5112 om.
1490 5076 1504 5110 r
1517 5089 1544 5099 -
1562 5074 1593 5112 eo
1610 5077 1663 5114 om.
1677 5066 1697 5113 G
1710 5090 1738 5100 —

411 5147 552 5206 κείνου
568 5145 632 5195 GP:
650 5143 772 5205 pertinent
789 5143 869 5192 AVO
890 5168 916 5177 —
937 5141 975 5189 46.
995 5153 1046 5201 qno
1062 5153 1076 5187 r
1094 5164 1121 5172 -
1140 5140 1205 5188 inter
1221 5140 1334 5188 AGPr:
1353 5136 1549 5187 interdumVet
1565 5141 1584 5189 P
1602 5139 1627 5187 in
1645 5151 1740 5203 marg„

414 5224 441 5269 nt
459 5221 529 5270 coni.
548 5218 708 5277 lambinus3
731 5220 788 5267 item
809 5215 933 5278 Bentley,
956 5228 1037 5277 quarn
1058 5214 1143 5277 ipsam
1167 5226 1273 5277 quoque
1297 5210 1438 5262 lectionem
1457 5216 1476 5264 P
1497 5214 1522 5262 in
1543 5224 1626 5275 marg.
1645 5212 1739 5273 habet;

412 5296 464 5357 μη·
480 5296 553 5347 conl.
572 5295 717 5353 Manutius,
736 5294 773 5343 ire
788 5294 897 5350 Darios,
916 5291 1012 5340 evenire
1024 5288 1176 5347 Turnebus,
1196 5290 1268 5352 ipse:
1286 5289 1436 5338 intervenire
1449 5315 1476 5324 -
1496 5290 1536 5338 48.
1554 5303 1741 5351 nonnumquam

414 5371 444 5418 G:
461 5382 653 5431 enumquam
670 5369 768 5431 quidem
784 5366 915 5418 APVOr
935 5392 961 5401 -
982 5366 1021 5414 49.
1040 5370 1063 5415 et
1082 5364 1200 5414 Lambini
1218 5363 1311 5414 codd:
1335 5365 1395 5414 boec
1412 5362 1474 5428 (bec)
1493 5364 1549 5423 Cr,
1569 5364 1738 5423 torberno:

415 5446 532 5495 meminit
553 5442 606 5495 loci
628 5444 777 5493 Lactantius
801 5444 860 5492 inst.
880 5441 931 5489 div.
950 5441 997 5499 111,
1016 5440 1057 5489 23.
1078 5465 1105 5475 -
1129 5439 1170 5488 24.
1190 5440 1216 5488 in
1233 5440 1346 5490 oratione
1363 5439 1454 5489 Lamb.
1473 5467 1507 5477 -
1527 5439 1741 5502 taquamquam

414 5519 530 5569 Hicin
547 5520 659 5569 oriretnr
676 5518 768 5568 lamb.
789 5544 816 5553 —
840 5517 949 5566 oriretur
966 5515 1052 5572 C0r;
1075 5514 1108 5564 cl.
1128 5514 1162 5563 ad
1180 5528 1206 5577 p.
1226 5513 1270 5574 ll,
1290 5515 1330 5563 42.
1350 5539 1377 5552 -
1401 5514 1442 5565 23.
1460 5529 1511 5564 non
1529 5527 1583 5564 om.
1602 5517 1636 5573 G;
1658 5520 1741 5565 minen

414 5608 460 5643 scs
475 5598 495 5646 P
513 5596 539 5647 in
557 5607 611 5645 ras.
624 5593 746 5643 babet·
765 5592 886 5641 nonntem
903 5592 964 5639 V-
984 5590 1025 5640 24,
1042 5604 1092 5640 esre
1107 5592 1260 5640 reranr:
1279 5590 1588 5642 remmeneapvo-
1604 5591 1645 5640 26.
1659 5591 1741 5642 neom

416 5669 482 5719 GPr
500 5695 528 5706 -
556 5669 686 5733 appeliant
703 5669 764 5717 GP:
790 5667 948 5729 opperiebar:
966 5666 1069 5715 hVOr
1088 5692 1115 5701 -
1141 5665 1178 5714 itu
1196 5664 1348 5726 appeliatum
1364 5679 1379 5715 r
1398 5692 1424 5702 -
1452 5667 1492 5715 tr.
1511 5678 1594 5714 omncs
1610 5664 1691 5715 GVO
1711 5693 1739 5703 -

415 5756 460 5793 mc
474 5758 530 5795 om.
549 5746 571 5794 G
588 5746 647 5808 (cres
663 5743 768 5793 Mnus
784 5742 942 5791 arbitrantur
957 5742 980 5802 r)
1000 5767 1027 5777 -
1049 5741 1090 5791 23.
1107 5740 1204 5803 percipi
1222 5741 1321 5802 Christ,
1341 5741 1412 5804 quod
1431 5742 1566 5805 perceptio
1583 5741 1617 5790 sit
1634 5741 1740 5801 mentis,

417 5831 465 5870 ron
480 5832 613 5871 sensuum
631 5845 659 5856 -
681 5818 747 5868 ntios
763 5819 797 5866 G:
819 5832 861 5867 ecs
878 5816 1008 5866 APVOr
1027 5842 1054 5851 -
1078 5815 1118 5864 29.
1138 5816 1204 5875 qaod
1220 5822 1303 5866 auton
1318 5817 1355 5866 irc
1372 5822 1449 5867 essem
1466 5819 1500 5874 G:
1524 5828 1588 5877 quoe
1604 5821 1681 5865 errent
1697 5822 1743 5868 aar

418 5892 451 5941 ite
465 5893 545 5944 APV
555 5895 613 5956 Or:
638 5896 692 5946 iam
716 5895 841 5942 Gruterus
858 5893 925 5952 qnod
940 5889 982 5939 ivel
999 5891 1060 5952 quio
1076 5888 1204 5940 voluerat.
1225 5917 1252 5929 -
1276 5904 1347 5940 emen
1364 5893 1384 5941 G
1400 5916 1435 5928 -
1458 5891 1498 5941 30.
1516 5894 1576 5941 ecs:
1591 5895 1615 5940 ct
1630 5892 1738 5955 scripsi:

419 5976 472 6019 art
487 5970 563 6021 Cor
580 5996 608 6007 -
627 5970 669 6022 34.
687 5982 719 6025 no
734 5969 800 6022 idern
816 5967 959 6020 Manutius:
977 5966 1055 6018 noem
1072 5966 1116 6015 Cr
1134 5991 1161 6003 -
1181 5966 1337 6017 continenter
1353 5965 1383 6016 G¹
1402 5992 1429 6002 -
1447 5964 1597 6015 tatemer
1613 5965 1643 6016 V.

466 6071 555 6121 omo
572 6070 652 6124 arr.
1530 6057 1551 6122 5
