4342 7459
631 1246 739 1310 erl.
760 1245 834 1310 Car.
848 1246 959 1315 XLlV.
980 1241 1081 1329 §lbi
1094 1282 1133 1293 —
1151 1248 1219 1312 Lra.
1233 1247 1273 1310 ll.
1295 1247 1370 1311 Car.
1384 1248 1409 1311 l.
1433 1245 1455 1330 S
1471 1243 1501 1310 4.
1666 1241 1731 1314 083

412 1405 503 1491 quod
525 1405 640 1477 dieitur
658 1425 679 1470 a
700 1403 904 1489 quibusdam,
933 1413 1065 1489 propter
1091 1408 1311 1472 necessitatem
1331 1406 1432 1481 vitae,
1459 1405 1545 1489 quad
1566 1425 1621 1481 ea,
1649 1427 1732 1490 qnae

364 1538 370 1548 ·
412 1508 527 1574 murra
548 1498 759 1575 desideraret,
780 1499 934 1582 consequi
956 1501 1024 1563 siae
1045 1500 1117 1564 aliia
1138 1507 1234 1583 atque
1255 1497 1380 1564 efficere
1403 1521 1466 1565 non
1488 1518 1662 1583 possemus,
1683 1501 1733 1564 id·

413 1595 498 1658 circo
526 1594 636 1658 initam
665 1611 735 1658 esse
764 1613 835 1656 cum
864 1593 1046 1657 hominihus
1074 1593 1332 1657 communitatem
1354 1601 1386 1658 et
1406 1594 1607 1679 societatem,
1635 1592 1733 1678 quod,

412 1687 569 1752 sionnia
590 1686 696 1761 nohis,
715 1704 801 1768 quae
822 1685 863 1748 ad
886 1686 1003 1749 victum
1025 1685 1211 1769 cultumque
1233 1687 1406 1769 pertinent,
1428 1687 1520 1769 quasi
1542 1688 1664 1771 virgula
1684 1687 1734 1750 di·

412 1782 502 1855 nina,
531 1786 570 1844 ut
588 1780 697 1853 aiunt,
725 1778 1020 1861 suppeditarentur,
1049 1788 1116 1843 tum
1144 1780 1264 1863 optimo
1293 1781 1429 1864 quisque
1449 1782 1578 1863 iugenio
1600 1781 1758 1862 negotiiso

413 1872 561 1944 nautibus
582 1872 707 1936 omissis
729 1878 830 1936 totum
852 1892 886 1935 ss
908 1874 941 1935 in
964 1874 1146 1956 cognitione
1169 1881 1201 1937 et
1219 1874 1353 1940 scientia
1374 1874 1554 1940 collocaret.
1595 1876 1667 1938 Non
1684 1879 1735 1938 est

412 1967 468 2034 ita.
509 1968 589 2029 Nam
610 1972 643 2029 et
664 1965 866 2030 solitudinem
888 1966 1013 2049 lugeret
1033 1975 1065 2030 et
1086 1968 1208 2030 socium
1224 1968 1320 2032 studii
1335 1976 1511 2051 quaereret,
1526 1975 1592 2030 tum
1607 1966 1734 2041 dooere,

412 2067 480 2124 tum
498 2056 624 2124 dissere
646 2059 758 2133 vellet,
781 2067 846 2125 tum
867 2060 989 2135 audire,
1012 2068 1077 2124 tum
1100 2060 1216 2124 dicere.
1258 2062 1342 2143 Ergo
1365 2081 1459 2125 omne
1481 2060 1629 2135 officium,
1649 2059 1734 2144 quod

412 2152 452 2218 ad
474 2153 732 2218 coniunctionem
754 2152 920 2217 hominum
944 2161 977 2217 et
996 2154 1037 2217 ad
1058 2155 1241 2218 societatem
1264 2154 1414 2217 tuendam
1429 2155 1525 2230 valet,
1540 2162 1735 2236 anteponen-

412 2245 488 2311 dum
510 2253 560 2310 est
580 2246 628 2310 illi
651 2244 772 2321 officio,
795 2248 882 2329 qnod
904 2248 1084 2329 cognitione
1107 2256 1140 2311 et
1161 2249 1292 2312 scientia
1315 2249 1503 2312 continetur.
1547 2249 1640 2310 xiv.
1662 2242 1772 2309 l59.to

411 2338 496 2404 Illud
526 2339 659 2404 forsitan
689 2341 905 2423 quaerendum
935 2342 993 2413 sit,
1023 2361 1100 2404 num
1127 2342 1206 2404 haec
1234 2343 1457 2417 communitas,
1488 2361 1570 2424 quae
1599 2341 1735 2404 maxime

413 2440 459 2496 est
488 2440 562 2516 apta
590 2440 736 2506 naturae,
765 2436 806 2497 ait
834 2434 929 2497 etiam
957 2435 1168 2499 moderationi
1197 2434 1435 2518 modestiaeque
1457 2454 1583 2517 semper
1604 2442 1735 2515 antepo-

411 2526 528 2591 nenda.
571 2527 642 2589 Non
664 2528 786 2610 placet3
814 2536 890 2590 sunt
919 2528 1002 2591 enim
1034 2529 1190 2611 quaedam
1215 2529 1328 2611 partim
1349 2529 1393 2592 ita
1415 2527 1526 2602 foeda,
1557 2528 1670 2609 partim
1692 2527 1735 2590 ita

411 2620 582 2703 uagiuosa,
603 2628 640 2685 ut
661 2639 697 2683 ea
719 2640 760 2682 ne
781 2618 1016 2684 conservandae
1038 2622 1166 2704 quidem
1189 2622 1308 2704 patriae
1331 2641 1427 2685 causa
1450 2621 1576 2704 sapiens
1596 2620 1735 2683 lacunas

410 2715 462 2780 ait
498 2713 747 2782 &Posidonius
769 2713 896 2796 collegit
918 2715 1088 2796 permulta,
1104 2716 1160 2778 sed
1175 2716 1221 2778 ita
1234 2723 1331 2778 taetra
1346 2716 1516 2798 quaedam,
1530 2716 1573 2777 ita
1588 2714 1734 2788 obscena,
1745 2724 1774 2772 tt

411 2816 446 2872 ut
466 2806 555 2871 dictu
577 2826 708 2891 quoqne
732 2806 898 2870 videantur
920 2809 1034 2890 turpia.
1076 2809 1163 2872 llaec
1184 2809 1280 2890 igitur
1305 2829 1367 2872 non
1390 2810 1542 2891 suscipiet
1562 2808 1608 2871 rei
1630 2804 1734 2890 publi·

410 2922 467 2968 oae
489 2920 600 2977 caum
630 2920 671 2964 ne
692 2920 744 2963 rea
765 2900 893 2982 publiea
914 2901 1043 2985 quidem
1066 2921 1124 2982 pro
1146 2921 1181 2965 se
1203 2903 1320 2983 suscipi
1343 2903 1437 2966 volet.
1481 2902 1543 2966 Sed
1564 2901 1627 2964 hoc
1648 2918 1733 2962 com·

410 2993 539 3066 modius
560 3013 595 3058 ae
617 3013 668 3057 res
690 2991 800 3068 hahet,
831 2993 917 3076 quod
941 3014 1004 3056 non
1027 3001 1132 3077 potest
1152 2995 1295 3059 accidere
1318 3004 1461 3079 tempus,
1488 3003 1524 3058 ut
1544 2994 1668 3058 intersit
1686 2992 1734 3055 rei

412 3088 557 3172 publicae
584 3086 754 3171 quicquam
777 3086 905 3150 illorum
927 3086 1032 3151 iacere
1053 3088 1238 3170 sapientem.
1282 3084 1352 3149 460.
1376 3090 1447 3165 Qua
1467 3110 1502 3151 re
1522 3087 1585 3150 hoc
1606 3085 1733 3170 quidem

411 3178 557 3246 effectum
579 3182 637 3255 ait,
666 3181 699 3244 in
722 3178 834 3243 officiis
855 3180 1032 3262 deligendis
1060 3181 1094 3245 id
1123 3201 1223 3264 genus
1250 3178 1424 3246 officiorum
1446 3180 1620 3255 excellere,
1648 3176 1772 3263 quadan

410 3281 558 3344 ansatur
576 3272 742 3337 hominum
763 3274 926 3339 societate.
960 3275 1084 3338 Etenim
1107 3274 1321 3356 cognitionem
1342 3275 1607 3358 prudentiamque
1619 3292 1735 3356 aequa-

411 3377 462 3434 tur
483 3368 682 3434 odnaiderata
702 3368 801 3432 actio:
830 3368 875 3431 ita
896 3363 931 3430 fit
952 3376 987 3431 ut
1008 3388 1101 3450 agere
1123 3367 1320 3432 considerate
1342 3370 1443 3451 pluris
1465 3370 1506 3432 sit
1534 3387 1627 3451 quam
1649 3366 1735 3449 cogi·

411 3471 477 3530 tare
498 3459 682 3546 prudenter.
730 3464 836 3544 Atque
853 3461 943 3525 haec
972 3460 1100 3545 quidem
1128 3460 1290 3525 hactenus.
1338 3462 1515 3527 Patefactus
1537 3461 1622 3524 enim
1644 3459 1733 3523 locus

413 3564 462 3622 ast
482 3555 562 3639 ipae,
584 3562 619 3618 nt
639 3575 703 3618 non
725 3551 853 3618 difficile
877 3554 919 3617 sit
940 3554 974 3618 in
995 3555 1195 3638 exquirendo
1218 3552 1324 3621 officia
1346 3558 1421 3639 quid
1445 3560 1561 3639 cuique
1582 3554 1624 3639 sit
1644 3572 1735 3635 prae·

410 3650 592 3733 ponendam
616 3648 730 3713 videre.
774 3649 810 3710 ln
837 3648 907 3731 ipsa
934 3655 1037 3713 autem
1064 3650 1291 3714 communitate
1313 3659 1388 3714 sunt
1408 3649 1524 3731 gradus
1546 3649 1772 3722 officiorum,aa

412 3742 592 3828 exquibus
614 3741 691 3824 quid
714 3742 831 3826 auique
852 3750 995 3825 praestet
1015 3740 1156 3824 intellegi
1177 3744 1297 3825 possit,
1326 3753 1361 3807 ut
1390 3743 1489 3826 prima
1513 3742 1562 3806 dia
1583 3744 1735 3806 inmorta-

410 3835 511 3909 libus,
533 3834 674 3901 seauuda
695 3837 826 3917 patriae,
848 3836 939 3900 tertia
962 3832 1157 3918 parentibus,
1178 3835 1329 3921 deinceps
1351 3837 1503 3920 gradatim
1524 3835 1656 3919 reliquis
1679 3834 1735 3898 de-

410 3929 554 3994 beantur.
597 3924 669 3991 tiit.
700 3928 825 4004 Quibus
846 3949 888 3994 ex
908 3930 1003 3992 rebus
1024 3930 1165 3993 breviter
1186 3929 1355 4012 disputatis
1376 3930 1518 4013 intellegi
1539 3938 1645 4012 potest
1669 3948 1734 3992 nan

410 4022 514 4086 solum
535 4022 568 4086 id
589 4022 733 4086 homines
755 4024 857 4087 solere
878 4022 1041 4097 dubitare,
1064 4021 1277 4086 honestumne
1299 4042 1339 4086 an
1363 4031 1454 4107 turpe
1476 4024 1528 4098 sit,
1549 4023 1607 4089 sad
1628 4025 1733 4095 ctiam,

410 4113 536 4180 duobus
564 4116 738 4200 propositis
765 4117 908 4182 honestis
937 4124 1043 4180 utrum
1064 4116 1231 4178 honestius
1253 4117 1304 4180 sit.
1350 4117 1409 4179 llic
1431 4116 1521 4180 locus
1542 4138 1562 4182 a
1583 4116 1772 4181 Panaetiato

411 4217 476 4284 est,
498 4218 650 4293 utsupra
672 4210 759 4285 dixi,
779 4210 1031 4295 praetermissus.
1076 4208 1139 4271 Sed
1160 4209 1223 4273 iam
1246 4211 1286 4274 ad
1308 4210 1432 4294 reliqua
1452 4229 1628 4294 pergamus.

932 4419 1230 4430 -ι--ι-ι

817 4586 992 4659 LIBER
1018 4587 1326 4662 SECUNDUS.

495 4753 519 4815 l.
549 4749 579 4815 4.
602 4753 704 4829 Quem
726 4753 766 4816 ad
788 4754 917 4818 modum
940 4750 1044 4817 officia
1065 4753 1257 4818 ducerentur
1277 4754 1317 4817 ab
1338 4753 1522 4829 honestato,
1550 4757 1654 4819 hlarce
1675 4756 1732 4831 fili,

409 4854 505 4930 atque
526 4847 565 4910 ah
588 4849 673 4910 omni
696 4867 813 4930 genere
834 4850 971 4922 virtutis,
993 4848 1069 4912 satis
1093 4849 1285 4931 explicatum
1307 4848 1441 4911 arbitror
1462 4847 1542 4912 libro
1557 4849 1731 4932 superiore.

411 4940 563 5024 Sequitur
591 4947 627 5005 nt
646 4940 726 5004 haec
748 4939 924 5005 officioram
946 4961 1063 5026 genera
1084 4960 1274 5026 persequar,
1304 4960 1385 5025 quae
1407 4941 1567 5027 pertinent
1587 4943 1627 5006 ad
1651 4944 1732 5006 vitae

475 5193 499 5242 l.
518 5205 583 5254 qaas
599 5195 683 5244 omli
700 5219 728 5229 -
756 5193 780 5243 3.
798 5194 888 5243 initam
904 5205 956 5256 cp:
973 5195 1048 5243 iriam
1066 5194 1185 5252 lillah;
1203 5194 1343 5244 institutam
1360 5191 1484 5245 Halmius.
1505 5220 1532 5230 -
1555 5196 1694 5245 scrutatam
1711 5200 1734 5246 at

408 5270 609 5318 communitatun
624 5282 641 5331 p
659 5294 686 5304 -
706 5268 746 5318 40.
759 5269 840 5332 officio
858 5267 909 5319 del.
924 5266 1085 5319 Gulielmius.
1108 5296 1133 5306 -
1155 5261 1380 5330 tinumlr'rlnon)
1398 5281 1415 5319 a
1433 5294 1460 5304 -
1481 5270 1520 5319 it.
1539 5274 1600 5332 apta
1616 5277 1682 5320 osto
1704 5296 1729 5307 -

408 5349 525 5404 musas,
538 5358 568 5394 aa
584 5345 615 5393 sit
631 5356 669 5405 op
689 5369 713 5379 -
734 5345 810 5395 uiam
826 5357 909 5395 omo
928 5370 956 5380 -
976 5344 1016 5394 ⁴3.
1025 5344 1124 5405 partim
1141 5356 1194 5393 om.
1208 5356 1246 5406 op
1264 5369 1291 5378 -
1312 5345 1573 5407 thpouidoniast
1586 5372 1617 5383 -
1634 5346 1731 5409 collegit

407 5419 487 5468 matta
504 5433 541 5482 ap
565 5446 591 5457 -
615 5418 787 5468 obscomaho
810 5443 837 5454 -
864 5419 903 5467 46.
921 5418 1087 5480 εωοίρίαι4;
1113 5420 1278 5479 suscipereta
1302 5444 1329 5455 -
1356 5420 1395 5469 li.
1416 5420 1628 5481 quidempubiica
1645 5432 1683 5483 ap
1703 5447 1729 5457 -

408 5493 453 5543 hoa
469 5505 520 5555 cp:
539 5494 703 5544 iaeclillah
716 5518 743 5529 -
763 5492 804 5543 ts.
817 5493 939 5557 lababitp
957 5518 983 5530 -
1002 5494 1043 5542 20.
1056 5495 1192 5556 affectasset
1203 5492 1331 5544 Halmius.
1347 5520 1373 5531 -
1393 5495 1466 5545 ida:
1484 5497 1558 5551 ath;
1577 5494 1730 5558 hacBllap

410 5592 438 5604 -
456 5567 497 5617 tl.
516 5568 628 5629 sequitur
643 5579 682 5629 op
704 5592 732 5603 -
755 5567 796 5617 ἥ.
814 5568 972 5618 mesala
988 5569 1055 5619 actio
1071 5581 1147 5632 aop:
1166 5570 1306 5620 omnidmat
1322 5570 1388 5620 actio
1405 5571 1464 5628 llh;
1481 5570 1647 5620 consideratio
1664 5569 1683 5618 Β
1705 5597 1729 5606 -

406 5642 533 5705 filomo
553 5668 579 5678 -
598 5642 639 5692 26.
656 5644 703 5692 diis
720 5642 844 5705 Bllaho,
863 5645 915 5693 deis
931 5656 969 5706 op
988 5669 1015 5680 -
1034 5645 1075 5695 27.
1094 5645 1198 5706 reliquis
1215 5646 1272 5707 Cp:
1291 5646 1390 5707 reliqua
1406 5645 1508 5707 reliquis
1525 5642 1577 5695 alii.
1598 5670 1624 5678 -
1643 5646 1684 5694 29.
1697 5658 1732 5695 aa

408 5727 492 5778 anap
520 5743 547 5752 -
576 5716 617 5768 30.
636 5717 730 5768 duabus
747 5730 830 5768 om.a
856 5742 883 5754 -
910 5719 1074 5770 aitBllao:
1094 5722 1229 5783 om.hpa
1257 5746 1283 5758 -
1310 5721 1351 5770 34.
1370 5721 1404 5769 ll.
1426 5719 1517 5769 lusus.
1536 5719 1679 5769 Ciceronis.
1696 5732 1732 5770 aa

407 5803 514 5843 aericus
530 5806 580 5844 ars.
594 5806 613 5842 ι.
631 5805 755 5842 srrmcrr.
769 5805 864 5844 rrcrrrr
880 5806 953 5844 ausa
968 5806 1095 5847 securare
1112 5796 1146 5854 B:
1167 5796 1446 5847 ll.luaa.01caaours.
1464 5807 1499 5845 na
1514 5807 1567 5845 ora.
1588 5807 1637 5844 arr.
1650 5807 1669 5845 r.
1686 5807 1732 5846 ss·

407 5879 491 5918 aaran
507 5867 544 5926 ll;
562 5869 597 5918 lt.
612 5868 703 5918 nnn.
718 5868 861 5920 crassaris.
878 5881 922 5921 aa.
940 5883 1056 5921 osricus.
1073 5882 1155 5922 susa.
1169 5881 1599 5926 ermrs.r1ra1arr.rna1rrr.scas
1616 5883 1645 5930 a;
1663 5868 1731 5922 sub-

408 5941 550 6007 scriptione
568 5945 596 5992 et
612 5943 783 6008 inscriptione
800 5946 893 5996 mrent
907 5946 945 5997 ho
962 5946 992 6008 (h
1009 5957 1094 5996 vacua
1110 5946 1196 6011 spatia
1213 5944 1323 6008 relicto).
