4342 7459
447 1217 490 1285 78
736 1224 790 1290 llll
811 1225 968 1292 FlNlBilS
989 1224 1187 1292 BONORUM
1206 1226 1260 1291 ΕΤ
1281 1226 1483 1293 MALOBUM

448 1396 611 1462 cedentem
632 1395 665 1460 in
685 1395 905 1480 philosophia,
927 1396 1059 1461 audeam
1082 1398 1240 1462 scriberet
1263 1415 1454 1481 quamquam
1476 1415 1496 1461 a
1517 1405 1548 1460 te
1563 1396 1635 1481 ipso
1650 1396 1684 1461 id
1700 1397 1774 1482 qui·

448 1490 519 1555 dem
551 1490 633 1556 laoio
662 1498 850 1574 provocatus
879 1491 1057 1574 gratissimo
1088 1492 1165 1555 mibi
1194 1493 1290 1568 libro,
1324 1512 1418 1576 quam
1447 1489 1488 1555 ad
1521 1512 1570 1555 ma
1596 1492 1635 1557 de
1657 1492 1774 1557 virtuto

447 1584 572 1649 misisti.
609 1585 673 1648 Sed
696 1606 737 1648 ex
758 1605 797 1649 eo
819 1583 914 1649 credo
936 1585 1124 1668 quibusdam
1146 1608 1206 1650 usu
1223 1588 1329 1651 venire
1350 1594 1386 1649 ut
1400 1585 1591 1651 abhorreant
1604 1607 1622 1651 a
1637 1587 1773 1662 Latinis,

448 1679 533 1764 quod
556 1677 725 1743 inciderint
745 1679 778 1743 in
800 1679 919 1743 inculta
940 1681 1096 1763 quaedam
1119 1688 1151 1743 at
1173 1677 1317 1756 horrida,
1340 1679 1380 1743 de
1401 1680 1493 1743 malis
1509 1680 1637 1744 Graecis
1660 1680 1774 1745 Latina

423 1774 561 1855 ascripta
591 1772 739 1846 deterius.
784 1771 908 1848 Quibus
938 1793 996 1856 ego
1018 1774 1189 1849 assentior,
1218 1775 1293 1838 dum
1316 1774 1409 1836 modo
1432 1772 1471 1835 de
1493 1773 1593 1837 isdem
1615 1775 1711 1839 reboo
1731 1794 1774 1839 no

447 1867 585 1930 Graecos
612 1867 741 1950 quidem
770 1866 921 1950 legendos
952 1875 1074 1949 putent.
1118 1870 1179 1932 Res
1206 1888 1281 1933 vero
1302 1868 1421 1941 bonas,
1445 1868 1550 1931 verbis
1572 1867 1680 1931 electis
1702 1886 1775 1951 gra-

446 1962 527 2023 viter
548 1968 721 2045 ornateque
743 1962 857 2037 dictas,
886 1962 957 2043 quis
979 1981 1043 2023 non
1065 1962 1170 2045 legat‘l
1200 1964 1261 2027 nisi
1284 1961 1339 2045 qui
1361 1980 1395 2024 se
1416 1960 1510 2043 plane
1532 1962 1685 2025 Graecum
1709 1961 1775 2025 dici

446 2054 539 2129 velit,
565 2062 602 2118 ut
630 2075 649 2119 a
671 2055 824 2120 Scaevola
846 2063 896 2118 est
915 2063 1060 2139 praetore
1082 2056 1236 2119 salutatus
1259 2055 1390 2118 Athenis
1411 2054 1572 2119 Albucius.
1615 2052 1644 2116 9.
1668 2054 1774 2131 Quem

447 2146 576 2231 quidem
606 2148 711 2212 locum
733 2169 805 2213 cum
834 2148 932 2213 multa
954 2158 1117 2214 venustate
1140 2159 1172 2214 et
1194 2151 1280 2215 omni
1302 2149 1367 2213 sale
1389 2149 1473 2212 idem
1497 2149 1656 2222 Lucilius,
1685 2146 1774 2231 apud

409 2260 542 2323 roquem
564 2242 724 2325 praeclare
747 2243 915 2306 Scaevola:

530 2336 719 2400 Graecum
742 2346 794 2410 te,
817 2337 970 2412 Albuci,
993 2359 1105 2421 quam
1127 2339 1334 2403 Romanum
1357 2347 1474 2423 atque
1497 2336 1688 2411 Sabinum,

530 2431 764 2514 Municipem
786 2431 915 2518 Ponti,
938 2433 1130 2508 Tritanni,
1154 2435 1456 2505 centurionum,

529 2524 817 2589 Praeclarorum
840 2525 1028 2588 hominum
1051 2546 1092 2589 ao
1115 2528 1339 2609 primorum,
1369 2524 1688 2610 signiferumque

529 2618 713 2682 Maluisti
735 2619 827 2683 dici.
863 2618 1007 2682 Graece
1030 2639 1123 2701 ergo
1146 2631 1314 2702 praetor
1334 2620 1524 2691 Athenis,

408 2736 437 2783 ro
530 2711 572 2774 ld
595 2712 701 2795 quod
724 2712 923 2787 maluisti,
945 2720 999 2788 te,
1021 2733 1107 2775 eom
1129 2715 1174 2777 ad
1197 2734 1257 2777 me
1279 2714 1443 2789 accadi',
1466 2712 1623 2776 saluto:

532 2806 677 2892 Χαῖρε,
699 2808 873 2891 inquam,
895 2807 998 2870 Tite:
1021 2806 1201 2883 lictores,
1224 2817 1347 2872 turma
1368 2808 1479 2870 omni’
1502 2806 1729 2890 cohorsque.

531 2901 676 2984 Χαῖρε,
699 2901 803 2965 Titel
831 2900 921 2964 hinc
941 2900 1069 2964 hostis
1091 2903 1138 2965 mi
1160 2898 1367 2977 Albucius,
1388 2902 1477 2965 hinc
1499 2900 1695 2964 inimicus.

444 2986 494 3055 l0.
518 2992 581 3057 Sed
611 2996 679 3058 iure
707 2996 839 3059 Mucius.
879 2996 947 3078 Ego
976 3004 1081 3059 autem
1110 2997 1219 3068 rimari
1242 3016 1305 3058 non
1328 3017 1427 3080 queo,
1458 2993 1542 3057 unde
1564 2993 1624 3056 hoc
1646 2993 1686 3056 sit
1708 2999 1772 3056 tam

443 3086 584 3151 insolens
618 3088 861 3153 domesticarum
892 3110 996 3153 rerum
1027 3088 1198 3153 fastidium.
1241 3093 1310 3155 Non
1343 3099 1392 3154 est
1413 3090 1540 3153 omnino
1563 3089 1614 3151 bic
1635 3086 1771 3150 docendi

406 3180 549 3257 solocus,
572 3182 629 3246 sed
651 3183 695 3245 ita
717 3184 817 3246 sentio
840 3190 872 3246 et
892 3203 988 3266 saepe
1011 3182 1162 3258 disserui,
1186 3185 1328 3249 Latinam
1353 3186 1491 3266 linguam
1513 3201 1578 3245 non
1597 3180 1692 3244 modo
1708 3200 1773 3242 non

443 3275 586 3358 inopem,
608 3284 644 3339 ut
664 3276 759 3359 vulgo
782 3284 943 3362 putarent,
965 3277 1019 3340 sed
1044 3278 1284 3361 locupletiorem
1304 3279 1397 3343 ctiam
1413 3298 1483 3341 esse
1499 3296 1593 3361 quam
1609 3276 1772 3338 Graecam.

443 3367 580 3444 Quando
602 3372 686 3434 enim
708 3371 815 3443 nobis,
845 3370 896 3433 vel
918 3370 1019 3435 dicam
1041 3379 1097 3434 aut
1117 3373 1294 3438 oratoribus
1315 3374 1409 3436 bonis
1431 3380 1485 3435 aut
1506 3371 1630 3453 poetis,
1661 3377 1772 3452 postea

443 3457 573 3546 quidem
606 3483 701 3548 quam
733 3464 795 3527 luit
822 3485 918 3547 quem
946 3464 1163 3540 imitarentur,
1196 3466 1280 3529 ullus
1304 3466 1456 3529 orationis
1477 3464 1528 3527 vel
1550 3462 1698 3547 copiosae
1719 3459 1772 3525 vel

442 3554 595 3639 elegantis
618 3563 748 3621 ornatus
770 3556 899 3620 deluit?

403 3673 432 3719 aa
527 3651 579 3711 lV.
599 3651 667 3733 Ego
689 3672 782 3727 vero,
806 3654 954 3736 quoniam
976 3653 1156 3717 forensibus
1180 3652 1302 3737 operis,
1332 3651 1511 3726 laboribus,
1534 3649 1683 3733 periculis
1705 3667 1770 3711 non

442 3743 620 3809 deseruisse
643 3746 720 3809 mibi
737 3745 848 3809 videor
868 3748 1074 3830 praesidium,
1096 3747 1129 3809 io
1145 3767 1209 3829 quo
1224 3765 1243 3809 a
1257 3746 1378 3828 popolo
1395 3747 1534 3809 llomano
1551 3746 1672 3806 locatus
1687 3763 1770 3818 sum,

442 3836 543 3901 debeo
574 3838 732 3920 prolecto,
762 3849 1052 3925 quantumcumque
1081 3861 1227 3923 possum,
1250 3839 1282 3901 in
1310 3858 1348 3901 eo
1371 3857 1499 3922 quoque
1523 3838 1702 3911 elaborare,
1734 3844 1772 3900 ut

440 3930 505 3994 sint
526 3950 640 4015 opera,
662 3934 783 4008 studio,
809 3933 915 3997 labore
937 3955 1007 3998 meo
1029 3936 1185 3998 doctiores
1208 3934 1292 3996 cives
1311 3933 1388 4007 mei,
1411 3951 1469 3995 nec
1492 3951 1563 3995 cum
1588 3929 1658 3994 istis
1680 3937 1770 3994 tanto

440 4044 537 4109 opere
559 4045 713 4108 pugnare,
736 4028 790 4111 qui
813 4028 932 4092 Graeca
953 4029 1058 4111 legere
1080 4029 1208 4102 malint,
1236 4025 1330 4090 modo
1353 4027 1458 4109 legant
1479 4026 1535 4088 illa
1557 4027 1640 4109 ipsa,
1662 4043 1703 4086 ne
1725 4021 1771 4085 si·

402 4118 579 4195 somnient,
611 4127 642 4183 et
670 4120 709 4183 iis
737 4121 872 4197 servire,
901 4122 955 4206 qui
977 4122 1028 4187 vel
1059 4123 1204 4205 utrisque
1226 4121 1339 4184 litteris
1360 4122 1407 4185 uti
1429 4120 1528 4183 velint
1550 4119 1615 4193 vel,
1645 4116 1671 4180 si
1695 4134 1770 4180 suas

439 4212 572 4288 habent,
601 4213 671 4276 illas
699 4233 763 4277 non
789 4233 902 4297 magno
924 4235 1020 4300 opere
1041 4215 1234 4280 desiderent.
1279 4209 1329 4277 ll.
1352 4214 1413 4291 Qui
1435 4222 1540 4278 autem
1563 4213 1625 4275 alia
1648 4210 1772 4274 malunt

439 4307 533 4371 scribi
555 4306 703 4383 anobis,
731 4310 826 4392 aequi
855 4328 924 4372 esse
952 4308 1087 4385 debent,
1118 4310 1204 4393 quod
1227 4316 1259 4372 et
1287 4308 1404 4392 scripta
1425 4309 1636 4381 multarunt,
1666 4304 1713 4368 sic
1734 4309 1771 4367 ut

438 4400 530 4486 plura
558 4401 677 4464 nemini
701 4422 718 4465 e
740 4403 872 4478 nostris,
901 4410 932 4467 et
960 4404 1138 4467 scribentur
1167 4403 1300 4467 fortasse
1322 4404 1431 4486 plura,
1465 4402 1491 4466 si
1514 4398 1579 4465 vita
1600 4404 1769 4482 suppetet:

440 4504 471 4558 at
504 4502 609 4559 tamen
640 4497 695 4579 qui
719 4496 887 4579 diligenter
914 4496 1008 4572 haec,
1045 4517 1126 4580 quae
1149 4497 1189 4560 de
1212 4497 1415 4580 philosophia
1437 4497 1549 4559 litteris
1571 4494 1769 4567 mandamus,

400 4589 545 4673 relegere
573 4591 763 4665 assueverit,
794 4591 947 4655 indicabit
973 4592 1061 4655 nulla
1090 4592 1128 4655 ad
1157 4592 1326 4674 legendum
1348 4591 1397 4654 his
1420 4611 1490 4654 essa
1512 4591 1645 4675 potiora.
1682 4587 1768 4665 Quid

439 4694 487 4749 est
509 4685 593 4749 enim
615 4686 647 4749 in
669 4686 734 4749 vita
755 4692 842 4750 tanto
865 4705 961 4768 opero
983 4686 1215 4770 quaerendum,
1237 4706 1331 4770 quam
1353 4706 1424 4749 cum
1445 4686 1552 4749 omnia
1572 4684 1605 4747 in
1627 4682 1769 4768 philoso-

502 5020 528 5072 ἱ.
543 5019 688 5083 prosoemir
703 5021 735 5070 A¹
754 5047 780 5057 -
805 5019 830 5070 3.
847 5019 905 5069 aiot
926 5020 1013 5071 uentre
1030 5032 1099 5070 oorr.
1119 5019 1145 5070 in
1161 5019 1224 5070 tttad
1239 5020 1338 5071 suestra
1356 5018 1398 5083 (ab
1415 5017 1475 5069 ead.
1494 5018 1541 5080 m.)
1558 5019 1580 5068 A
1598 5042 1625 5054 -
1650 5016 1676 5069 l.
1692 5018 1769 5069 moda

436 5096 502 5147 Alit
523 5095 676 5147 moloo-
696 5094 1029 5159 b.QuidaooosseocioB
1049 5122 1076 5131 -
1103 5095 1248 5157 bisdoom
1273 5095 1398 5145 dodomB
1419 5121 1444 5131 -
1468 5092 1766 5145 intermeantium:

436 5171 544 5220 dictatos
559 5170 608 5219 AB
629 5197 655 5206 -
674 5170 698 5220 8.
714 5174 833 5232 prostare
849 5171 993 5221 Manutius:
1014 5176 1118 5232 praetor
1133 5171 1183 5219 AB
1204 5196 1229 5206 -
1257 5169 1297 5219 td.
1316 5170 1387 5218 loter
1403 5168 1499 5217 scevola
1515 5170 1543 5218 et
1559 5181 1660 5231 precam
1676 5170 1709 5218 A²
1725 5170 1768 5219 ln·

436 5246 500 5297 serit
517 5245 576 5294 dicit
594 5270 622 5281 -
641 5245 681 5294 li.
699 5244 778 5305 pontii
794 5245 844 5294 AB
859 5271 885 5282 ·-
903 5245 992 5295 tironii
1008 5242 1052 5300 A¹;
1070 5246 1169 5294 tritonii
1182 5240 1227 5304 A¹;
1246 5244 1345 5293 tritonii
1361 5244 1394 5299 Β;
1414 5241 1472 5293 lort.
1487 5243 1583 5292 Tritani
1597 5268 1623 5278 -
1643 5240 1682 5293 tt.
1695 5242 1766 5307 erpo]

436 5320 532 5372 ΜΒ
547 5345 574 5356 -
594 5320 635 5369 to.
654 5319 751 5368 accedis
767 5318 846 5369 codd.
861 5344 888 5354 -
909 5320 949 5370 to.
962 5320 1050 5369 chaere
1066 5320 1102 5377 A;
1120 5320 1209 5369 coreB
1224 5346 1249 5358 -
1265 5320 1344 5369 omnis
1355 5316 1433 5368 codd.
1443 5345 1469 5355 -
1489 5318 1625 5380 chorusque
1641 5316 1721 5369 codd.
1736 5342 1764 5354 -

437 5397 478 5448 tl.
496 5395 567 5446 obers
582 5393 633 5445 AB
652 5419 679 5430 -
698 5394 780 5445 sitsi}
800 5391 1099 5458 -llioc1bicA¹B-
1115 5395 1260 5444 salumin
1277 5407 1370 5444 rasura
1387 5395 1450 5443 A-
1469 5393 1577 5442 otbotirss
1593 5394 1654 5442 A-
1674 5393 1768 5443 ibri·

434 5472 503 5522 mori
519 5470 598 5520 Henr.
612 5465 722 5518 Alanus:
740 5468 832 5518 mirari
843 5466 933 5525 codd.;
957 5469 1017 5518 sotis
1033 5470 1125 5517 robora·
1137 5470 1157 5518 0
1169 5481 1231 5519 cum
1249 5471 1276 5519 P.
1290 5468 1419 5527 Manuti03
1436 5468 1529 5517 mtrort
1544 5468 1605 5517 soils
1620 5466 1766 5531 Madvigius

437 5572 465 5583 -
484 5544 524 5596 t9.
543 5544 583 5594 bic
599 5541 699 5594 omnim
716 5542 735 5591 B
755 5569 782 5579 -
806 5544 847 5593 20.
866 5557 916 5593 ooo
933 5545 1081 5606 postmodo
1098 5557 1152 5594 om.
1170 5544 1219 5595 AB
1240 5571 1266 5581 -
1290 5544 1331 5594 22.
1349 5544 1396 5608 oet]
1412 5548 1440 5593 ut
1456 5544 1476 5593 a
1494 5536 1585 5593 ³23.
1605 5556 1677 5605 quera
1693 5555 1764 5593 corr.

435 5619 495 5670 eod.
514 5632 550 5670 m.
570 5632 602 5669 er
620 5621 772 5681 qsnsA-
793 5618 835 5669 il.
853 5618 1085 5683 malacorona
1105 5646 1132 5656 -
1156 5619 1197 5669 25.
1217 5620 1335 5681 quonlam
1352 5620 1425 5669 Otto:
1445 5633 1501 5669 cum
1518 5620 1580 5672 AB:
1601 5631 1677 5681 meum
1694 5620 1714 5668 0
1732 5645 1765 5656 -

434 5694 476 5745 28.
494 5695 575 5745 osas
591 5694 641 5745 All
660 5719 686 5729 -
707 5692 732 5758 o]
750 5694 778 5743 M
793 5693 812 5742 B
826 5719 852 5728 -
873 5695 920 5743 sim
936 5693 985 5742 AB
999 5718 1027 5730 -
1045 5694 1087 5743 Ἠ.
1103 5706 1203 5756 possum
1220 5694 1252 5743 B:
1270 5695 1361 5757 possins
1377 5694 1427 5745 Ao
1442 5723 1469 5732 -
1487 5695 1527 5745 28.
1547 5699 1674 5757 tantopere
1692 5694 1766 5755 litem

433 5771 592 5833 memoraret
611 5769 660 5820 AB
677 5767 777 5832 ubique
797 5795 823 5805 -
842 5769 883 5819 29.
901 5767 998 5818 mutuet
1014 5769 1033 5818 B
1053 5794 1080 5805 ·-
1100 5768 1145 5818 tttu
1160 5768 1216 5830 ipso
1232 5770 1295 5819 AB:
1315 5772 1371 5832 ipso
1386 5770 1464 5820 tttoo
1483 5768 1762 5831 (bainsonensem

434 5856 517 5895 mer
533 5845 582 5908 itta)
597 5870 625 5881 -
642 5857 674 5893 oa
690 5843 754 5895 AB:
772 5855 818 5893 ose
835 5842 896 5893 0·-
915 5842 1135 5893 32.atom.li-
1156 5842 1370 5896 33.momioiAB
1386 5872 1412 5882 -
1430 5845 1567 5907 suppotttss
1582 5871 1609 5883 -
1628 5844 1669 5895 35.
1683 5842 1763 5910 mlo]

432 5920 514 5971 ottom
530 5919 563 5980 Ες
582 5920 671 5970 ouum
687 5918 707 5970 B
724 5917 797 5969 sotto
813 5916 912 5969 habeat
927 5931 962 5969 an
977 5918 1057 5970 olm
1073 5918 1190 5970 discoml
1206 5920 1307 5984 nequit.
1323 5947 1350 5958 -
1369 5919 1409 5971 36.
1427 5932 1484 5971 csso
1500 5918 1597 5970 omli.
