4342 7459
441 1217 502 1296 lia
728 1201 959 1300 nn‘nurnus
981 1234 1179 1299 nouoauu
1198 1235 1251 1298 nr
1272 1231 1471 1298 uiuorum

439 1408 466 1470 E
489 1426 552 1490 quo
574 1411 704 1491 apparet
726 1411 757 1468 et
778 1404 927 1487 sapientis
949 1426 1019 1469 esse
1041 1403 1213 1488 aliquando
1230 1399 1367 1465 officium
1385 1399 1538 1464 excedere
1553 1419 1571 1462 e
1586 1397 1664 1474 vita,
1687 1418 1759 1462 cum

440 1503 551 1565 beatus
580 1500 638 1572 sit,
666 1508 698 1563 et
725 1500 812 1562 stulti
841 1519 967 1563 manere
995 1500 1029 1562 in
1058 1501 1139 1574 vita,
1165 1520 1235 1562 cum
1258 1500 1299 1563 sit
1319 1497 1423 1560 miser.
1467 1492 1518 1557 ol.
1540 1496 1619 1558 Nam
1640 1494 1759 1557 bonum

440 1594 519 1659 illud
542 1602 575 1656 et
596 1594 727 1668 malum,
750 1591 835 1676 quod
858 1612 953 1676 saepe
975 1594 1036 1657 iam
1059 1593 1176 1656 dietum
1199 1598 1263 1665 est,
1284 1596 1396 1673 postea
1418 1589 1636 1672 consequitur:
1660 1588 1762 1671 prima

440 1695 547 1752 autem
576 1687 629 1750 illa
650 1695 793 1760 naturae,
821 1687 889 1750 sive
910 1687 1050 1750 secunda
1071 1688 1137 1750 sive
1160 1687 1329 1759 contraria,
1358 1686 1418 1749 sub
1438 1685 1596 1749 iudicium·
1611 1685 1761 1769 sapientis

418 1790 473 1846 set
494 1782 643 1845 dilectum
665 1781 798 1854 cadunt,
821 1787 932 1863 estque
953 1780 1009 1843 illa
1023 1780 1165 1843 subiecta
1181 1780 1272 1863 quasi
1287 1780 1418 1842 materia
1433 1779 1618 1864 sapientiae.
1650 1780 1762 1861 ltaque

441 1884 472 1940 et
493 1875 641 1940 manendi
663 1876 697 1938 in
718 1875 783 1938 vita
805 1882 837 1937 et
858 1874 1013 1957 migrandi
1034 1876 1115 1938 ratio
1139 1876 1242 1938 omnis
1264 1876 1303 1938 iis
1325 1875 1437 1951 rebus,
1467 1894 1546 1959 quas
1568 1872 1760 1959 supradixi,

440 1973 608 2036 metienda.
648 1975 726 2036 Nam
753 1991 858 2055 neque
881 1969 957 2004 *Η
979 1970 1095 2031 virtute
1117 1968 1270 2032 retinetur
1291 1969 1323 2031 in
1347 1970 1427 2043 vita,
1455 1969 1591 2041 nsciis,
1615 1964 1760 2049 quisine

439 2067 555 2129 virtute
582 2073 670 2139 sunt,
699 2085 784 2129 mors
810 2074 858 2128 est
879 2062 1068 2148 oppetenda.
1110 2062 1150 2124 Et
1172 2081 1267 2146 saepe
1290 2060 1426 2127 officium
1453 2071 1502 2126 est
1529 2061 1679 2146 sapientis
1706 2058 1761 2120 de·

440 2163 573 2225 sciscere
595 2181 614 2224 a
635 2161 714 2235 vita,
737 2181 808 2223 cum
830 2162 870 2223 sit
891 2157 1109 2227 beatissimus,
1131 2156 1157 2219 si
1179 2155 1210 2218 id
1235 2166 1411 2241 opportune
1433 2157 1539 2220 lacere
1559 2155 1670 2239 possit
1707 2152 1759 2215 Sic

403 2256 523 2318 *lenim
551 2261 695 2329 censent,
723 2255 966 2337 opportunitatis
997 2271 1067 2315 esse
1096 2251 1186 2314 beate
1209 2250 1330 2325 vivere,
1361 2251 1446 2333 quod
1468 2259 1517 2314 est
1538 2248 1761 2313 convenienter

438 2357 570 2412 naturae
598 2348 715 2411 vivere.
757 2347 868 2430 ltaque
897 2367 915 2410 a
943 2344 1099 2427 sapientia
1123 2344 1330 2426 praecipitur,
1360 2345 1532 2426 seipsam,
1561 2345 1588 2408 si
1610 2362 1687 2407 usus
1709 2340 1759 2413 sit,

439 2443 565 2527 sapiens
593 2450 628 2505 ut
655 2441 824 2525 relinquat
867 2440 968 2516 Quam
991 2438 1031 2501 ob
1058 2457 1125 2499 rem
1147 2457 1218 2500 cum
1240 2439 1534 2502 vitiorumistavis
1556 2437 1697 2511 nonsit,
1725 2442 1762 2499 ut

439 2555 565 2599 causam
587 2535 718 2599 aderant
739 2535 849 2597 mortis
871 2532 1084 2605 voluntariae,
1107 2532 1306 2614 perspicuum
1322 2540 1370 2594 est
1389 2533 1482 2595 etiam
1498 2532 1680 2605 stultorum,
1704 2530 1761 2613 qui

438 2628 523 2691 idem
545 2628 652 2692 miseri
674 2629 750 2701 sint,
773 2624 911 2690 officium
934 2646 1003 2689 esse
1026 2643 1153 2687 manere
1175 2624 1208 2686 in
1231 2625 1311 2699 vita,
1341 2627 1369 2689 si
1392 2626 1454 2689 sint
1475 2626 1508 2688 in
1530 2626 1649 2689 maiore
1670 2630 1761 2708 parte

401 2730 542 2784 ttrerum
565 2740 788 2804 eorumquae
811 2718 983 2782 secundum
1006 2726 1146 2781 naturam
1169 2737 1239 2781 esse
1262 2718 1404 2782 dicimus.
1437 2719 1477 2781 Et
1499 2718 1651 2801 quoniam
1668 2736 1762 2780 exce-

438 2812 518 2876 dens
540 2834 558 2876 e
579 2814 643 2877 vita
666 2823 698 2878 et
718 2834 849 2878 manens
871 2833 973 2898 aeque
996 2816 1179 2886 miserest,
1201 2832 1260 2875 nec
1283 2811 1472 2877 diuturnitas
1495 2812 1594 2895 magis
1616 2812 1646 2874 ei
1665 2811 1761 2874 vitam

438 2906 619 2990 fugiendam
641 2908 731 2984 lacit,
753 2929 817 2972 non
839 2908 909 2971 sine
931 2927 1026 2971 causa
1048 2907 1162 2971 dicitur
1182 2907 1238 2982 iis,
1260 2906 1314 2990 qui
1333 2905 1476 2989 pluribus
1489 2903 1684 2969 naturalibus
1698 2902 1761 2965 frui

438 3001 576 3084 possint,
600 3022 669 3065 esse
691 3002 725 3065 in
746 3003 809 3064 vita
831 3001 1032 3065 manendum.

523 3094 610 3157 XIX.
632 3092 682 3158 62.
706 3096 865 3159 Pertinere
887 3103 991 3159 autem
1014 3097 1054 3159 ad
1077 3118 1142 3160 rem
1165 3096 1354 3160 arbitrantur
1374 3092 1530 3175 intellegi,
1561 3100 1672 3157 natura
1692 3089 1762 3157 lieri

401 3195 475 3249 aaut
496 3186 587 3250 liberi
610 3209 627 3252 a
650 3189 834 3272 parentibus
856 3197 1015 3252 amentur:
1045 3210 1064 3252 a
1087 3210 1150 3274 quo
1172 3190 1264 3252 initio
1287 3188 1457 3270 protectam
1481 3206 1679 3250 communem
1701 3187 1762 3249 hu-

439 3281 523 3344 mani
551 3284 677 3363 generis
704 3284 887 3347 societatem
922 3284 1151 3367 persequimur.
1201 3282 1294 3359 Quod
1331 3283 1467 3364 primum
1496 3281 1637 3364 intellegi
1665 3280 1762 3344 debet

439 3370 537 3456 figura
566 3376 777 3460 membrisque
805 3396 987 3459 corporum,
1015 3397 1097 3461 quae
1128 3380 1197 3460 ipsa
1220 3376 1381 3438 declarant
1402 3373 1586 3460 procreandi
1609 3394 1628 3437 a
1649 3382 1763 3437 natura

438 3467 577 3531 habitam
599 3489 668 3532 esse
691 3470 855 3531 rationem.
890 3470 999 3551 Neque
1022 3490 1097 3532 vero
1119 3470 1197 3533 haec
1219 3472 1301 3533 inter
1322 3490 1356 3532 se
1375 3487 1547 3552 congruere
1562 3475 1703 3551 possent,
1726 3473 1762 3530 ut

438 3567 550 3624 natura
572 3569 604 3624 et
625 3563 782 3646 procreari
804 3562 900 3626 vellet
922 3570 953 3624 et
974 3562 1063 3645 diligi
1086 3571 1265 3646 procreatos
1288 3583 1352 3625 uon
1375 3569 1508 3626 curaret.
1540 3561 1645 3643 Atque
1666 3561 1762 3623 etiam

400 3654 472 3715 scin
495 3653 605 3718 bestiis
632 3656 679 3718 vis
708 3664 838 3719 naturae
860 3656 995 3739 perspici
1016 3664 1139 3738 potest:
1168 3678 1300 3742 quarum
1323 3660 1355 3721 in
1379 3658 1445 3721 ietu
1467 3665 1498 3721 et
1518 3657 1551 3719 in
1573 3656 1761 3719 educatione

439 3747 577 3811 laborem
600 3768 672 3812 cum
694 3750 867 3823 cernimus,
890 3758 1020 3812 naturae
1041 3751 1142 3832 ipsius
1162 3772 1270 3815 vocem
1286 3752 1430 3815 videmur
1447 3750 1570 3829 turdire.
1608 3748 1714 3824 Quare
1729 3756 1763 3810 ut

439 3842 642 3923 perspicuum
664 3851 713 3905 est
733 3851 844 3906 natura
865 3863 923 3905 nos
945 3862 963 3905 a
986 3843 1096 3907 dolore
1118 3846 1301 3920 abhorrere,
1324 3846 1368 3908 sio
1384 3853 1515 3928 apparet
1529 3864 1548 3907 a
1562 3851 1674 3907 natura
1691 3844 1763 3926 ipsa

438 3940 476 3995 ut
497 3953 567 4006 cos,
590 3953 669 4017 quos
691 3936 902 4018 genuerimus,
923 3956 1064 4001 amemus
1088 3938 1218 4021 impelli.
1255 3937 1305 4001 63.
1326 3941 1377 4002 Ex
1390 3939 1450 4002 hoc
1464 3938 1604 4003 nascitur
1618 3946 1654 4002 ut
1667 3938 1761 4001 etiam

440 4027 616 4091 communis
637 4027 799 4092 hominum
827 4030 911 4092 inter
931 4030 1075 4095 homines
1098 4033 1249 4096 naturalis
1271 4034 1311 4096 sit
1332 4032 1581 4109 commendatio,
1609 4039 1645 4096 ut
1667 4050 1763 4114 opor·

402 4127 504 4184 scteat
529 4120 687 4185 hominem
714 4123 753 4185 ah
779 4123 908 4187 homine
936 4124 977 4186 ob
1004 4124 1035 4187 id
1065 4126 1183 4208 ipsum,
1214 4126 1301 4210 quod
1325 4126 1419 4188 homo
1441 4127 1496 4200 sit,
1529 4146 1594 4189 non
1622 4125 1760 4189 alienum

440 4214 550 4279 videri.
586 4216 626 4278 Ut
647 4218 731 4279 enim
754 4218 786 4280 in
809 4218 956 4281 membris
978 4217 1040 4280 alia
1063 4226 1138 4281 sunt
1158 4228 1319 4303 tamquam
1343 4219 1403 4282 sibi
1425 4228 1513 4292 nata,
1540 4227 1576 4282 ut
1597 4221 1698 4294 oculi,
1726 4227 1762 4281 ut

440 4327 550 4381 aures,
571 4308 635 4372 alia
651 4312 742 4375 etiam
760 4319 937 4375 ceterorum
953 4312 1161 4377 membrorum
1181 4335 1273 4377 usum
1289 4314 1453 4387 adiuvant,
1475 4321 1511 4376 ut
1525 4333 1625 4388 crura,
1647 4321 1683 4376 ut
1697 4332 1762 4377 ma·

440 4421 515 4478 nus,
543 4403 589 4466 sic
610 4404 762 4467 immanes
784 4405 939 4489 quaedam
961 4406 1079 4469 bestiae
1103 4408 1162 4471 sibi
1184 4408 1286 4471 solum
1308 4416 1400 4471 natae
1422 4417 1511 4483 sunt,
1533 4415 1566 4470 at
1586 4407 1656 4483 illa,
1678 4424 1761 4491 quae

441 4496 474 4557 in
499 4498 619 4561 concha
647 4499 754 4582 patula
780 4500 856 4581 pina
881 4500 1011 4573 dicitur,
1038 4500 1145 4585 isque,
1176 4503 1229 4585 qui
1256 4512 1329 4566 enat
1356 4524 1373 4564 e
1398 4503 1536 4577 concha,
1571 4501 1640 4584 qui,
1673 4498 1762 4584 quod

403 4602 511 4653 eseam
533 4591 686 4666 custodit,
708 4592 869 4675 pinoteres
891 4600 1020 4656 vocatur
1041 4594 1074 4658 in
1096 4616 1228 4679 eamque
1250 4617 1319 4660 cum
1340 4617 1374 4660 se
1388 4597 1508 4680 recepit
1522 4594 1702 4669 includitur,
1724 4599 1762 4655 ut

475 4877 532 4927 ·t.
549 4882 684 4939 appareret
700 4879 749 4928 BE
768 4904 795 4914 -
813 4880 1007 4942 saptentieE-
1026 4884 1051 4933 t.
1070 4883 1183 4933 dilectum
1198 4885 1261 4935 AB:
1279 4885 1397 4935 delectam
1414 4886 1467 4935 llo
1482 4911 1508 4921 -
1526 4885 1635 4935 moterlo
1651 4885 1686 4934 A:
1703 4897 1763 4934 mo-

440 4949 551 5012 ten'0133
569 4954 684 5002 malacim
704 4966 765 5003 cum
783 4956 926 5005 Goerenzio
948 4958 980 5006 ll.
1009 4957 1047 5008 Ct.
1066 4972 1092 5022 p.
1110 4960 1167 5021 ⁴56,
1185 4959 1225 5011 32.
1248 4986 1273 4995 -
1299 4961 1323 5010 6.
1342 4961 1421 5009 omnis
1441 4961 1503 5010 AB:
1527 4960 1639 5010 omnibu
1659 4959 1713 5009 lto
1733 4985 1760 4996 -

440 5024 465 5075 t.
483 5038 562 5087 seque
576 5029 669 5077 uirtute
683 5030 804 5078 retinetur
815 5032 835 5078 Α
845 5029 878 5079 Β;
899 5044 976 5092 oeque
991 5031 1034 5092 iis,
1053 5034 1095 5093 qai
1111 5034 1202 5083 virtute
1217 5035 1355 5084 retineatur
1366 5035 1395 5084 0.
1415 5035 1534 5085 lacunae
1546 5036 1649 5098 signum
1661 5031 1763 5083 addidit

440 5098 599 5163 Madvigius,
619 5105 662 5165 qui
677 5104 832 5154 Ciceronem
848 5107 986 5169 scripsisse
1001 5108 1136 5171 opinetur:
1155 5124 1233 5172 oeque
1243 5112 1278 5171 is,
1295 5112 1337 5172 qui
1349 5111 1439 5161 uirtute
1448 5111 1552 5172 fruitur,
1566 5111 1687 5158 reticetur
1697 5111 1760 5169 cet..

440 5175 486 5223 ant
502 5175 632 5227 similibus
648 5176 750 5236 verbis,
769 5178 817 5227 sed
835 5179 885 5228 hac
902 5181 1025 5232 orationis
1043 5182 1136 5232 torma.
1153 5211 1177 5218 -
1198 5198 1242 5233 nec
1257 5186 1295 5234 tis
1311 5187 1372 5241 AB,
1391 5199 1469 5247 oeque
1485 5187 1515 5235 its
1531 5185 1585 5236 llio
1597 5209 1630 5219 -
1647 5181 1698 5247 qui]
1715 5196 1763 5245 que

439 5247 489 5297 ΒΕ
508 5275 535 5285 -
560 5251 584 5301 8.
603 5250 636 5299 Et
652 5251 771 5302 Ursinus:
794 5258 821 5301 at
838 5253 931 5313 codd.;
954 5256 1021 5305 1120
1041 5284 1067 5293 —
1093 5259 1222 5307 desciscere
1239 5260 1331 5308 ABC:
1355 5260 1469 5309 dedstcrc
1486 5261 1506 5309 ll
1526 5288 1553 5297 -
1575 5259 1598 5309 9.
1616 5259 1702 5322 possit.
1720 5258 1762 5308 Sic

440 5323 505 5373 actm
516 5348 553 5360 -·
563 5324 631 5375 bmte
646 5326 741 5386 vivere,
760 5327 825 5388 qaod
841 5334 876 5378 est
886 5355 899 5365 -
909 5358 922 5368 -
935 5332 1024 5381 vivere.
1043 5332 1130 5394 Itaque
1141 5332 1297 5396 Madvigius:
1314 5336 1402 5396 possit,
1421 5337 1486 5398 quod
1503 5341 1537 5385 cst
1546 5359 1584 5372 ·-
1595 5342 1704 5384 murac
1718 5333 1762 5381 ui-

438 5409 506 5448 uere.
524 5398 566 5448 Sic
582 5400 695 5449 enimn
707 5399 775 5449 dente
794 5404 889 5454 uiuere.
912 5405 997 5467 ltaque
1018 5406 1095 5456 codd.
1115 5410 1142 5456 et
1164 5408 1217 5458 llo
1243 5433 1269 5443 -
1295 5410 1335 5458 tt.
1354 5409 1502 5470 ipscmsac's
1516 5410 1582 5460 sitit
1606 5437 1634 5447 -
1658 5409 1699 5459 43.
1718 5407 1762 5469 qut

438 5471 573 5521 tdcnsAG:
592 5474 736 5535 qatdcmB;
756 5475 943 5536 qaiiidemlto
958 5507 984 5516 —
1003 5483 1285 5533 aarommearoma:
1304 5498 1392 5534 corum
1408 5498 1494 5535 rerum
1510 5486 1592 5537 nito
1606 5512 1633 5522 ·-
1653 5484 1762 5534 ltma-

437 5545 477 5608 pts
493 5545 516 5595 et
532 5548 567 5595 A:
585 5548 607 5595 ci
625 5547 656 5608 (ct
672 5547 700 5609 Ε)
717 5552 799 5613 magis
816 5551 895 5602 nuo
914 5579 940 5588 -
960 5555 1000 5604 st.
1019 5556 1077 5605 dicit
1093 5558 1137 5617 irps
1155 5558 1174 5607 E
1194 5582 1219 5591 —
1239 5557 1279 5607 48.
1295 5559 1432 5619 possuatll
1453 5585 1478 5595 -
1498 5558 1539 5608 23.
1556 5560 1651 5621 possiet
1667 5558 1715 5608 AB
1730 5580 1757 5593 -

437 5620 479 5671 25.
496 5621 549 5683 fetu
564 5623 640 5672 atissa
655 5623 682 5672 io
699 5623 747 5673 BE
768 5652 794 5661 -
813 5627 853 5675 26.
872 5632 900 5676 at
918 5630 1061 5680 llenutius:
1081 5645 1134 5681 orn.
1154 5631 1232 5682 codd.
1252 5660 1277 5668 -
1297 5634 1337 5684 at.
1356 5647 1374 5683 c
1391 5635 1416 5685 d.
1435 5634 1571 5686 colmere
1587 5638 1609 5685 Α
1628 5661 1655 5671 -
1673 5633 1715 5684 28.
1733 5637 1762 5684 ut

438 5694 514 5744 ettam
530 5698 565 5746 A:
589 5697 664 5747 ettam
685 5703 714 5747 ut
734 5698 816 5749 usto
839 5726 866 5735 —
890 5702 931 5752 34.
948 5705 1013 5768 suot]
1035 5707 1083 5755 siat
1106 5708 1155 5756 ΑΒ
1180 5734 1206 5743 -
1229 5707 1269 5757 3Ξ.
1289 5708 1342 5757 clia
1362 5710 1478 5760 Mersus:
1502 5709 1601 5770 etiamst
1617 5708 1651 5764 Et
1673 5708 1762 5770 allatu

439 5767 552 5820 ABllO
577 5797 605 5807 -
628 5776 656 5821 ut
676 5785 755 5822 macra
775 5778 802 5823 ut
823 5789 914 5826 means
930 5781 1022 5829 omli
1048 5807 1073 5816 -
1098 5780 1139 5830 ³3.
1158 5780 1230 5831 bestie
1246 5784 1351 5844 qaedam
1368 5783 1416 5834 BE
1436 5810 1463 5821 -
1481 5783 1527 5832 ridi
1542 5781 1683 5834 rotmundi
1698 5787 1762 5832 sota

438 5840 488 5892 ΒΕ
506 5866 534 5878 -
553 5856 618 5906 quoa
633 5845 751 5897 incoacto
768 5848 818 5911 ivel
834 5852 957 5916 incendic)
974 5858 1009 5912 t;
1028 5869 1100 5917 quem
1116 5857 1245 5918 conclusit
1267 5884 1290 5896 -
1312 5857 1352 5909 dl.
1369 5859 1432 5920 piso
1448 5857 1543 5909 codd:
1559 5859 1641 5921 piano
1657 5858 1712 5908 llo
1730 5881 1759 5893 -

439 5912 481 5966 dd.
496 5916 709 5982 ptumum
724 5924 866 5987 ptaaourss
881 5929 935 5979 ΜΟ
948 5954 974 5963 -
989 5933 1136 5993 cumquei:
1156 5932 1306 5996 eanquue
1322 5933 1375 5985 Bll
1395 5960 1422 6005 .·
1441 5934 1579 5997 receptilis
1595 5932 1684 5996 recipit
1699 5931 1759 5983 AB.
