4342 7459
436 1241 500 1309 bbss
976 1244 1030 1307 DE
1054 1241 1223 1306 oltricus

436 1407 629 1480 retinentur,
657 1405 680 1468 ii
702 1405 772 1468 sine
795 1403 891 1468 dubio
914 1401 1006 1467 linem
1037 1410 1069 1466 et
1090 1401 1218 1466 modum
1240 1407 1416 1465 transeunt
1459 1403 1656 1486 Relinquunt
1675 1404 1761 1471 enim

437 1508 469 1564 et
488 1500 629 1563 abiciunt
649 1498 884 1563 oboedientiam
915 1518 973 1560 neo
994 1496 1110 1560 rationi
1134 1502 1260 1579 parent,
1288 1496 1340 1559 coi
1362 1504 1436 1560 sunl
1458 1497 1592 1561 subiecti
1614 1499 1684 1583 lege
1705 1519 1762 1564 ua·

436 1602 540 1659 turae:
561 1614 580 1658 a
602 1595 719 1678 quibus
741 1614 805 1658 non
828 1593 921 1656 modo
946 1592 1042 1655 animi
1064 1589 1294 1674 perturbantur,
1310 1590 1367 1653 sed
1383 1591 1476 1654 etiam
1493 1610 1639 1674 corpora.
1671 1592 1763 1658 Licet

437 1707 494 1751 ora
515 1689 584 1770 ipsa
606 1708 735 1751 cernere
757 1688 907 1751 iratorum
929 1694 985 1749 eut
1007 1704 1128 1758 eorum,
1150 1683 1207 1768 qui
1228 1691 1283 1746 aut
1305 1683 1447 1747 lubidine
1468 1685 1578 1768 aliqua
1599 1694 1655 1749 eut
1675 1693 1763 1750 matu

413 1782 585 1844 acommoti
607 1790 680 1846 suut
701 1790 756 1845 aut
778 1781 939 1865 voluptate
962 1780 1056 1842 nimia
1079 1778 1235 1860 gestiunt:
1258 1798 1394 1861 quorum
1417 1780 1558 1841 omnium
1575 1778 1692 1857 voltus,
1706 1801 1765 1845 ro-

435 1894 507 1950 ces,
536 1883 640 1940 motus
668 1883 1024 1959 statusque-mutentur.
1072 1868 1144 1935 ⁴03.
1171 1874 1220 1934 Ex
1242 1872 1356 1955 quibus
1378 1871 1457 1935 iilud
1483 1873 1696 1958 intellegitur,
1728 1882 1765 1940 ut

435 1970 476 2032 ad
504 1967 601 2035 cilicii
629 1970 762 2034 sormam
790 1978 1004 2042 revertemur,
1039 1968 1198 2048 appetitus
1231 1984 1342 2028 omnes
1377 1965 1612 2030 contrahendos
1647 1966 1764 2032 sedau-

436 2060 558 2147 dosque
580 2084 650 2127 esse
673 2063 937 2147 excitandamque
961 2061 1268 2125 animadversionem
1291 2069 1322 2124 et
1344 2059 1552 2143 diligentiam,
1574 2071 1610 2126 ut
1629 2062 1765 2147 nequid

435 2162 554 2221 temere
575 2178 613 2221 ac
634 2157 782 2231 fortuito,
811 2157 1043 2220 inconsiderate
1072 2156 1340 2238 neglegenterque
1362 2175 1502 2237 agamus.
1541 2157 1658 2239 'Neque
1679 2158 1765 2221 enim

398 2249 480 2313 toita
501 2252 641 2333 generati
662 2271 682 2314 a
703 2260 814 2315 natura
836 2270 955 2325 sumus,
978 2252 1072 2314 ulad
1095 2249 1205 2312 iudum
1228 2257 1260 2311 et
1282 2250 1384 2313 iocum
1406 2250 1482 2313 iacti
1497 2269 1567 2313 esse
1581 2249 1764 2334 videamur:

435 2342 477 2406 ad
509 2346 708 2409 severitatem
742 2345 846 2428 potius
879 2352 910 2407 et
937 2344 977 2406 ad
1011 2343 1168 2426 quaedam
1201 2342 1303 2406 studia
1336 2344 1480 2426 graviora
1509 2352 1606 2427 atque
1635 2345 1766 2409 maiore.

436 2437 528 2501 Ludo
550 2446 655 2501 autem
677 2446 710 2501 et
730 2438 801 2500 ioco
825 2437 868 2500 uti
894 2437 949 2500 ilio
971 2437 1100 2521 quidem
1124 2436 1208 2510 licet,
1232 2436 1288 2499 sed
1311 2438 1392 2501 sieut
1412 2458 1524 2519 eomuo
1547 2445 1580 2500 et
1602 2439 1764 2521 quietibus

438 2532 552 2595 ceteris
574 2539 658 2605 tum,
688 2552 760 2595 curu
790 2532 936 2613 gravibus
964 2530 1120 2612 seriisque
1150 2531 1244 2592 rebus
1272 2530 1549 2599 satisfecerimus.
1593 2532 1766 2616 ipsumque

439 2645 538 2708 genus
559 2627 684 2689 iocandi
704 2646 768 2689 nou
792 2626 954 2708 prolusum
977 2644 1036 2687 nec
1059 2624 1291 2698 immodestum,
1314 2625 1370 2687 eed
1393 2626 1564 2708 ingenuum
1581 2626 1765 2693 etlacetum

401 2732 511 2783 coesse
533 2720 636 2784 debet.
680 2722 718 2784 Ut
739 2721 822 2783 enim
845 2721 951 2802 pueris
975 2739 1039 2781 non
1063 2738 1190 2780 omnem
1213 2717 1343 2781 ludendi
1367 2718 1526 2782 licentiam
1549 2719 1679 2796 damus,
1708 2722 1765 2787 sed

440 2832 524 2888 eam,
547 2834 629 2897 quae
651 2815 691 2877 ab
713 2814 887 2877 honestatis
909 2813 1085 2876 actionibus
1108 2832 1171 2875 non
1194 2812 1235 2875 sit
1256 2813 1377 2886 aliena,
1399 2813 1445 2875 sic
1467 2814 1499 2875 in
1522 2813 1591 2896 ipso
1613 2815 1685 2879 ioco
1707 2816 1768 2879 ali·

441 2908 527 2991 quod
557 2908 647 2990 probi
676 2907 794 2989 ingenii
823 2907 930 2970 lumen
960 2908 1094 2970 eluceat.
1145 2902 1216 2968 tol.
1247 2906 1374 2988 Duplex
1404 2908 1532 2970 omnino
1561 2916 1611 2971 est
1641 2909 1768 2975 iocandi

440 3021 559 3085 genus:
589 3022 686 3065 unum
709 3002 890 3076 inliberales,
920 3002 1080 3085 petulans,
1104 3000 1311 3082 flagitiosum,
1335 3000 1524 3076 obscenum,
1547 3002 1681 3067 alterum
1703 3003 1769 3067 ele·

440 3117 535 3179 gans,
565 3097 736 3170 urbanum,
763 3097 981 3178 ingeniosum,
1012 3095 1159 3157 facetum.
1203 3093 1275 3169 Quo
1298 3114 1414 3177 genere
1436 3115 1499 3158 non
1522 3096 1617 3159 modo
1637 3096 1768 3161 Plautus

403 3199 551 3255 aanoster
572 3198 604 3253 et
625 3191 800 3253 Atticorum
821 3191 951 3273 antiqua
974 3190 1149 3261 comoedia,
1172 3189 1228 3251 sed
1251 3190 1345 3251 etiam
1369 3189 1634 3272 philosophorum
1656 3192 1769 3256 Socra·

441 3286 577 3350 ticorum
601 3284 670 3346 libri
694 3283 800 3347 referti
824 3293 913 3357 suut,
937 3285 1100 3366 multaque
1123 3282 1293 3346 multorum
1316 3282 1418 3346 lucete
1440 3283 1534 3358 dicta,
1557 3292 1592 3347 ut
1614 3303 1661 3353 ea.
1686 3305 1768 3369 quae

442 3397 558 3442 aseae
581 3378 697 3441 Catone
722 3380 855 3442 collecta
878 3387 967 3453 eunt,
999 3398 1080 3460 quee
1103 3384 1216 3441 vocant
1237 3379 1491 3460 ἀποφθέγματα.
1536 3380 1651 3442 Facilis
1673 3380 1770 3462 igilur

442 3480 492 3536 est
512 3472 674 3535 distinctio
705 3474 834 3554 ingenui
863 3481 894 3535 et
923 3472 1097 3535 inliberalis
1120 3472 1191 3535 ioci.
1235 3472 1323 3533 Alter
1344 3481 1407 3547 est,
1438 3474 1465 3535 si
1488 3481 1633 3556 tempore
1655 3474 1692 3539 fit
1712 3482 1769 3541 aut

442 3567 469 3629 si
497 3567 630 3629 remisso
658 3568 780 3639 animo,
808 3586 917 3646 magno
946 3565 1074 3628 bomine
1105 3566 1236 3647 dignus,
1265 3566 1345 3628 alter
1374 3587 1414 3630 ne
1441 3568 1541 3631 libero
1565 3568 1712 3651 quidem,
1741 3570 1768 3634 ri

404 3674 547 3724 tsrerum
578 3659 768 3743 turpitudini
798 3659 966 3722 adhibetur
995 3658 1164 3720 verborum
1194 3647 1397 3722 obscenitas.'
1433 3661 1578 3725 Ludendi
1601 3662 1696 3725 etiam
1721 3666 1770 3727 est

443 3754 572 3836 quidam
602 3753 714 3816 modus
744 3753 944 3826 retinendus,
978 3760 1012 3815 ut
1044 3772 1084 3813 ne
1114 3753 1206 3813 nimis
1236 3753 1342 3814 omnia
1371 3752 1597 3836 profundamus
1629 3755 1769 3839 elatique

443 3848 605 3930 voluptate
633 3847 665 3909 in
695 3847 835 3929 aliquam
867 3847 1092 3931 turpitudinem
1121 3844 1313 3908 delabamur.
1365 3847 1574 3929 Suppeditant
1603 3855 1708 3911 autem
1738 3856 1771 3912 et

443 3960 572 4024 campus
596 3950 704 4004 noster
725 3949 756 4003 et
778 3941 883 4005 studia
905 3939 1040 4003 venandi
1063 3939 1197 4000 honesta
1219 3939 1365 4022 exempla
1388 3939 1530 4003 ludendi.

532 4035 631 4096 XXX.
661 4029 732 4095 ⁴05.
763 4034 826 4097 Sed
849 4036 985 4118 pertinet
1014 4034 1052 4096 ad
1077 4053 1201 4095 omnem
1225 4030 1318 4096 officii
1345 4036 1564 4117 quaestionem
1588 4056 1714 4118 semper
1736 4038 1770 4100 io

408 4145 436 4192 ao
445 4138 590 4214 promptu
615 4127 747 4202 habere,
778 4139 930 4210 quantum
953 4136 1065 4190 natura
1087 4128 1226 4189 bominis
1250 4128 1425 4210 pecudibus
1448 4131 1645 4213 reliquisque
1669 4131 1771 4194 beluis

444 4224 621 4287 antecedat.
671 4223 748 4285 Illae
776 4223 856 4286 nibil
886 4224 1024 4286 sentiunt
1055 4222 1116 4283 nisi
1147 4221 1342 4303 voluptatem
1379 4222 1419 4283 ad
1457 4242 1593 4306 eamque
1628 4224 1773 4287 feruntur

446 4320 531 4381 omni
554 4319 683 4401 impetu,
706 4319 843 4382 bominis
866 4328 970 4382 autem
994 4338 1083 4379 mens
1106 4316 1258 4379 discendo
1280 4318 1374 4380 alitur
1397 4326 1429 4379 et
1444 4317 1631 4399 cogitando,
1647 4338 1772 4402 semper

445 4412 567 4495 aliquid
589 4421 642 4476 aut
662 4414 802 4496 anquirit
823 4420 878 4475 aut
899 4418 963 4494 egit
985 4411 1178 4494 videndique
1194 4419 1226 4474 et
1240 4411 1391 4474 audiendi
1407 4411 1620 4475 delectatione
1636 4411 1773 4475 ducitur.

514 4685 538 4732 t.
556 4684 582 4731 tt
598 4697 623 4741 a.
641 4683 676 4733 tii
694 4684 724 4742 Η,
743 4683 809 4745 bijo
830 4709 856 4720 -
875 4684 900 4732 2.
918 4688 941 4732 et
957 4683 1058 4731 connino
1074 4682 1184 4731 obiciunt
1202 4694 1216 4731 o
1237 4709 1262 4718 -
1283 4681 1307 4732 3.
1320 4681 1532 4731 conturbanturo
1552 4707 1578 4717 -
1597 4682 1621 4732 b.
1634 4682 1775 4745 gestiente

449 4786 476 4795 -
496 4759 520 4810 6,
538 4764 720 4821 ωοτωοω.ρ
745 4784 771 4793 -
799 4758 823 4808 7.
842 4759 1003 4806 redcornarc
1030 4783 1056 4791 —
1087 4756 1110 4804 9.
1128 4758 1235 4816 fortuitu
1253 4752 1314 4805 B²c.
1345 4756 1772 4821 ct.ttendrurs.11p.tt3.-

448 4838 488 4886 to.
507 4850 524 4886 o
540 4841 634 4885 nutura
650 4835 797 4898 generottll
819 4858 845 4867 -
866 4835 905 4882 tt.
925 4834 959 4880 ud
975 4834 1131 4881 suauitatem
1149 4833 1182 4881 C:
1201 4832 1243 4881 sed
1259 4833 1293 4881 cd
1309 4835 1463 4882 seueritatem
1481 4832 1532 4883 alii.
1555 4858 1580 4866 -
1600 4833 1640 4881 ta.
1658 4833 1701 4881 itta
1719 4846 1773 4884 om.

448 4913 467 4962 B
487 4937 513 4947 ·-
534 4912 573 4961 43.
593 4916 652 4960 tunc
669 4923 725 4958 cum
743 4922 757 4957 o
776 4934 802 4942 —
823 4908 895 4957 rebus
912 4922 966 4958 sec.
987 4921 1022 4957 m.
1042 4921 1177 4971 superscr¹
1198 4909 1223 4956 in
1242 4921 1256 4958 o
1277 4934 1303 4943 -
1324 4908 1362 4958 tl.
1382 4921 1493 4972 nequeo
1513 4934 1539 4944 -
1559 4908 1686 4970 ingenium
1704 4908 1726 4960 Η
1746 4933 1773 4943 -

448 4989 488 5037 lb.
506 4985 785 5036 licentiumtudendio
814 5009 839 5019 -
869 4982 1116 5033 turonenensis
1146 5011 1171 5019 -
1200 4984 1239 5031 ll.
1259 4989 1292 5030 est
1311 4997 1392 5032 omo
1421 5010 1447 5019 -
1477 4984 1515 5032 ⁴8.
1535 4983 1774 5033 obscenumllila:

448 5063 578 5132 obrcqcurn
593 5063 624 5118 Α,
644 5060 787 5109 obscoenum
803 5060 856 5111 bo:
874 5064 897 5107 et
914 5058 1074 5106 obscenomo
1097 5084 1121 5093 -
1141 5058 1235 5119 etigunt
1253 5060 1294 5109 Ab
1316 5085 1340 5094 -
1361 5060 1401 5108 it.
1420 5060 1498 5119 screto
1515 5071 1649 5122 superscr.
1669 5058 1737 5105 dicto
1753 5069 1775 5107 r.

448 5138 478 5198 (i.
492 5150 516 5186 e.
530 5136 628 5195 scilicet)
645 5140 701 5183 runt
718 5146 735 5183 e
753 5160 778 5169 -
799 5135 838 5183 tt.
858 5136 1051 5196 apophtepmcto
1070 5134 1147 5191 neb,
1166 5133 1359 5195 cpcptiegmoto
1378 5134 1412 5188 Η,
1431 5134 1607 5195 cpottegmctc
1624 5145 1652 5185 o.
1671 5138 1778 5193 apotec-

447 5211 554 5261 mutuli
583 5236 608 5245 -
640 5211 803 5271 crtiptturo
831 5235 857 5243 -
889 5210 929 5257 23.
947 5213 975 5271 nt
992 5210 1074 5257 ontsr'
1091 5211 1193 5255 remisso
1210 5211 1304 5268 animo,
1323 5208 1634 5269 magnotominedignor
1658 5206 1775 5270 iladvig:

447 5290 483 5352 fit.
503 5285 774 5349 otlctclsiremirso
792 5284 1146 5345 onimotrcminedipnusC;
1176 5285 1218 5344 tit,
1237 5283 1339 5330 remisso
1357 5283 1559 5345 bominedignur
1577 5294 1605 5334 o:
1639 5284 1682 5343 fit,
1702 5284 1779 5332 utrit

447 5364 559 5413 rnniseio
575 5362 669 5418 animo,
687 5360 784 5409 bomine
801 5361 889 5421 dignus
906 5360 1000 5420 linger,
1020 5359 1095 5407 cuius
1113 5357 1293 5407 emendationi
1311 5356 1421 5407 lacunae
1439 5359 1512 5417 signu
1525 5360 1586 5406 ante
1598 5357 1696 5405 bomine
1712 5356 1775 5407 add.

449 5438 549 5493 liciue;
577 5437 618 5498 ttt,
641 5440 669 5484 ot
685 5436 716 5483 rit
732 5435 844 5482 remissio
861 5435 958 5494 animo,
983 5434 1079 5482 liberati
1101 5433 1198 5481 nominc
1215 5433 1305 5495 dignus
1331 5433 1360 5481 C.
1380 5432 1493 5481 Scheibe
1520 5432 1546 5480 ln
1569 5431 1652 5479 latinii
1673 5430 1776 5481 Annali.

448 5511 537 5577 philol.
557 5509 646 5561 volit
669 5524 685 5574 p
706 5510 762 5560 373.
784 5537 810 5545 -
838 5508 878 5559 at.
897 5509 961 5557 atur
978 5522 1025 5557 nce
1042 5509 1119 5557 libero
1137 5508 1431 5569 quidem--obrcenitce
1448 5508 1546 5557 Nonius
1565 5506 1658 5569 pibo.
1681 5532 1707 5541 -
1734 5508 1777 5557 25.

449 5588 599 5649 turpitudini
616 5586 745 5636 adhibetur
760 5584 894 5633 uerborum
912 5585 991 5633 ΑΒΗ
1002 5585 1060 5633 eb:
1096 5584 1224 5644 turpitudo
1242 5584 1372 5631 adhibetur
1388 5588 1411 5632 ct
1427 5582 1560 5631 uerborum
1582 5594 1614 5637 ος
1650 5582 1779 5644 turpitudo

450 5663 579 5713 adhibetur
596 5668 641 5711 out
657 5661 821 5709 cer-boromo
848 5685 872 5694 -
901 5658 1084 5708 obscoenitate
1109 5685 1133 5695 -
1163 5663 1196 5706 ert
1213 5660 1289 5707 etium
1306 5659 1345 5707 Bo
1365 5657 1421 5719 (sed
1439 5657 1457 5706 Β
1475 5670 1536 5706 curn
1555 5657 1636 5718 signis
1653 5660 1779 5721 transpo-

451 5740 560 5796 titionis)
592 5763 618 5774 -
648 5737 689 5785 26.
708 5749 739 5785 nc
755 5736 829 5785 nimie
846 5735 931 5783 omniu
945 5735 1129 5796 profundamus
1151 5735 1185 5783 C:
1214 5746 1245 5781 ne
1260 5735 1342 5783 minsis
1359 5734 1443 5781 omnic
1459 5732 1642 5792 profunduntur
1662 5730 1718 5789 alii;
1746 5744 1779 5781 rte

451 5816 525 5863 nimir
541 5814 628 5861 tadum
643 5813 825 5874 profundamus
843 5810 998 5865 Lambinus;
1024 5824 1055 5858 ne
1071 5810 1145 5857 nimir
1159 5809 1344 5870 profundumm
1361 5810 1482 5871 langius.
1502 5831 1529 5842 -
1557 5806 1681 5869 etutioqoe
1697 5794 1777 5857 Allb

454 5916 480 5925 -
499 5887 540 5936 27.
558 5889 728 5949 suppeditato
751 5913 777 5922 -
805 5885 846 5936 29.
864 5898 960 5946 semper
976 5896 1057 5934 om.o
1084 5911 1108 5921 -
1138 5884 1178 5933 30.
1198 5884 1306 5932 tornines
1323 5884 1434 5933 omnibus
1450 5883 1531 5932 bestiis
1547 5881 1696 5930 antecedunt
1714 5881 1777 5932 Dio-

452 5963 546 6014 medes
563 5967 618 6014 Art.
636 5975 749 6027 gramm.
767 5963 777 6012 l
795 5974 822 6026 p.
833 5960 890 6022 343,
909 5962 936 6010 tt
958 5959 1001 6011 ed.
1021 5959 1084 6010 lleil.
1115 5958 1180 6010 Vide
1198 5957 1233 6009 ad
1250 5971 1276 6023 p.
1286 5957 1343 6021 tlt,
1357 5960 1381 6010 7.
1402 5984 1429 5994 -
1449 5957 1490 6009 33.
1506 5958 1612 6020 secero
1628 5968 1676 6009 no.
