4342 7459
439 1230 504 1299 bib
978 1234 1033 1298 DE
1054 1232 1225 1299 omens

524 1392 593 1456 XV.
620 1388 672 1455 46.
700 1391 859 1469 Quoniam
880 1400 986 1457 autem
1009 1392 1125 1456 vivitur
1145 1412 1210 1456 non
1232 1411 1303 1457 cnm
1325 1389 1473 1476 parientia
1494 1390 1680 1460 bonu'nibar
1701 1393 1774 1479 ph·

440 1510 546 1573 neque
569 1488 774 1570 rapientibus,
797 1487 853 1551 sed
877 1507 948 1550 cnm
971 1488 1020 1559 iia,
1042 1487 1074 1549 in
1098 1486 1215 1569 quibua
1238 1485 1399 1568 praeclare
1420 1485 1525 1568 agitur
1539 1487 1566 1550 ai
1582 1488 1772 1556 orantei-n·

440 1584 524 1648 iacro
551 1582 694 1656 virtutis,
727 1583 820 1644 etiam
849 1581 910 1643 boc
939 1579 1189 1661 intellegendum
1220 1590 1311 1663 puto,
1347 1580 1505 1644 neminem
1535 1584 1667 1646 omnino
1697 1601 1774 1647 oua

440 1676 684 1759 neglegendum,
707 1674 740 1736 in
763 1695 826 1757 quo
848 1674 957 1757 aliqua
979 1670 1167 1756 significatio
1189 1675 1314 1736 virtutis
1336 1681 1504 1756 appareat,
1520 1674 1692 1742 colendum
1713 1695 1776 1740 w

415 1779 505 1836 ntem
526 1790 597 1833 eane
620 1770 663 1833 ita
686 1787 845 1852 quemque
868 1768 1016 1842 maxime,
1038 1768 1232 1850 utquisque
1255 1769 1391 1831 maxime
1412 1768 1580 1834 uirtutibus
1599 1768 1651 1834 bia
1668 1769 1770 1835 innin-

440 1865 528 1929 ribue
550 1863 614 1927 erit
633 1870 780 1936 ornatur,
803 1861 980 1935 modestia,¹
999 1862 1225 1944 temperantia,
1248 1862 1308 1926 bac
1329 1863 1414 1946 ipsa,
1437 1861 1477 1926 dc
1500 1882 1566 1945 qua
1586 1863 1686 1927 nnita
1705 1863 1772 1930 'nm

439 1960 523 2022 dicte
545 1964 637 2031 aunt,
657 1957 787 2020 institia.
830 1957 913 2018 Nam
931 1954 1022 2019 [ertia
1043 1957 1168 2020 animur
1192 1965 1224 2020 et
1246 1976 1378 2037 magnus
1400 1956 1434 2019 in
1456 1956 1587 2022 bomine
1608 1976 1680 2022 nnn
1696 1975 1772 2041 per·

438 2052 522 2116 iacto
545 2070 604 2114 nec
624 2050 759 2134 sapienti
781 2047 953 2114 ferventior
974 2049 1162 2131 plerumque
1184 2058 1248 2114 eet:
1273 2049 1346 2113 illae
1368 2048 1501 2114 virtuter
1522 2049 1642 2116 bonnm
1666 2052 1771 2118 rbem

439 2145 588 2210 videntur
609 2144 718 2227 potine
738 2142 903 2225 attingere.
934 2143 1039 2225 Atque
1062 2140 1140 2206 baec
1162 2143 1195 2206 in
1218 2143 1369 2208 moribus.
1411 2139 1533 2209 47.1)ο
1547 2144 1772 2212 benevolenti·

402 2248 562 2313 acuentem,
588 2259 685 2322 quam
704 2238 841 2320 quiaque
861 2236 978 2300 habeat
999 2255 1073 2318 erga
1095 2256 1171 2311 noe,
1193 2237 1329 2318 primum
1351 2235 1428 2301 iilud
1451 2246 1500 2302 eat
1520 2238 1555 2302 in
1576 2234 1709 2313 officio,
1734 2244 1772 2304 nt

440 2335 474 2398 ei
491 2333 664 2417 plurimum
686 2330 881 2404 tribuamus,
909 2348 1014 2412 aquen
1038 2327 1207 2411 plurimum
1229 2330 1413 2412 diligamur,
1435 2330 1494 2396 red
1514 2330 1776 2398 benevehau-t

439 2447 506 2492 nen
527 2424 840 2492 adulescentulorum
861 2443 950 2488 more
971 2423 1083 2487 ardore
1107 2423 1388 2507 quodammode,
1405 2424 1772 2509 wdeuoffiutepotm·

440 2530 473 2586 et
493 2518 670 2585 constantia
690 2517 880 2582 iudicemur.
932 2517 991 2579 Sin
1010 2525 1103 2584 erunt
1124 2517 1251 2591 merita,
1277 2523 1314 2581 nt
1334 2538 1399 2582 nou
1422 2518 1582 2592 incunda.
1608 2519 1667 2584 aad
1687 2518 1772 2588 rade·

439 2614 539 2678 renda
559 2613 602 2677 ait
623 2612 738 2695 gratia,
759 2611 859 2674 maior
880 2608 1037 2695 medam
1060 2630 1136 2674 cura
1157 2610 1336 2676 adhibenda
1359 2619 1425 2687 eet;
1445 2612 1574 2678 nntium·¹
1590 2613 1677 2680 enim
1697 2612 1771 2680 odi

402 2711 524 2774 cadum
553 2704 720 2771 referenda
748 2704 849 2788 gratia
877 2704 977 2787 magia
1005 2704 1219 2768 neceesarium
1249 2712 1310 2769 eat
1357 2702 1409 2767 48.
1432 2704 1528 2782 Quod
1549 2707 1578 2770 ai
1599 2726 1653 2782 aa,
1684 2727 1775 2791 quae

439 2800 558 2868 utenda
579 2799 751 2882 acceperis,
774 2797 893 2861 maiore
915 2817 1073 2873 mensura,
1096 2797 1122 2861 si
1145 2797 1244 2862 modo
1261 2799 1376 2882 poeria,
1398 2800 1487 2862 iubet
1507 2800 1641 2868 reddere
1655 2802 1774 2868 licaia-

440 2897 511 2969 dua,
535 2894 688 2979 quidnam
710 2890 865 2954 beneficio
887 2892 1047 2972 provocati
1069 2889 1174 2954 iacere
1197 2892 1369 2956 debemus?
1392 2912 1435 2956 an
1454 2892 1571 2958 imitari
1591 2914 1687 2978 agroa
1706 2894 1773 2968 ier·

438 2990 520 3065 tiiea,
543 2989 599 3072 qui
621 2986 721 3052 multo
744 2985 817 3068 pina
838 2985 975 3048 efferunt
995 3004 1089 3068 quam
1112 2988 1326 3069 acceperunt?
1357 2987 1482 3052 Eternim
1504 2987 1531 3050 ai
1553 2987 1588 3054 in
1603 3008 1675 3063 eoa.
1687 3007 1773 3072 quot

439 3103 603 3169 speramur
630 3080 723 3144 nobie
751 3078 949 3164 profirturoa,
976 3099 1042 3142 non
1068 3078 1252 3143 dubitemne
1280 3076 1386 3145 officia
1407 3077 1569 3156 conferre,
1599 3082 1713 3167 quale·
1734 3083 1769 3148 in

402 3192 496 3241 mena
518 3197 590 3241 eane
612 3174 781 3247 debemus,
810 3174 865 3254 qui
893 3172 955 3236 iam
982 3172 1191 3255 profuerunt?
1236 3176 1314 3236 Nam
1336 3195 1408 3237 cum
1430 3175 1495 3239 duo
1518 3174 1770 3258 generatione

440 3271 535 3335 litatis
558 3269 637 3343 sint,
667 3290 765 3332 unnm
794 3266 892 3331 dandi
918 3263 1084 3341 beneficii,
1113 3267 1246 3330 aiteram
1274 3266 1447 3343 reddendi,
1477 3268 1589 3336 domm
1611 3288 1714 3332 necne
1734 3269 1773 3334 in.

438 3372 547 3429 noatra
570 3370 728 3446 potestate
750 3369 816 3436 eat,
844 3379 911 3424 non
932 3361 1066 3424 reddere
1088 3361 1263 3425 virobono
1286 3382 1353 3424 non
1373 3362 1464 3438 iicet,
1492 3362 1587 3428 modo
1607 3363 1640 3428 id
1662 3363 1769 3428 iacere

439 3459 543 3543 poenit
563 3459 631 3522 eine
653 3455 777 3518 iniuria.
827 3451 879 3516 49.
908 3457 1119 3537 Acceptorum
1148 3463 1252 3518 autem
1280 3452 1506 3519 beneficiorum
1533 3464 1609 3520 aunt
1635 3456 1771 3522 diiectno

439 3549 590 3625 habendi,
611 3570 672 3613 nec
694 3547 824 3612 dubium
847 3548 923 3631 quin
946 3549 1085 3611 marimo
1109 3548 1225 3631 cuique
1244 3549 1418 3632 plurimum
1441 3549 1603 3614 debeatur.
1645 3550 1683 3614 In
1704 3569 1772 3634 quo

402 3655 545 3712 attamen
567 3646 603 3708 in
624 3643 752 3727 primis,
774 3662 838 3724 quo
862 3641 1000 3724 quisque
1021 3642 1140 3717 animo,
1163 3642 1278 3717 studio,
1302 3644 1524 3708 benevolentia
1544 3643 1667 3719 iecerit,
1688 3662 1774 3727 porn-

440 3739 614 3804 derandum
637 3744 695 3800 est
731 3735 823 3799 Multi
846 3737 929 3798 enim
951 3733 1070 3799 iaciunt
1093 3733 1191 3798 muita
1212 3738 1389 3801 temeritate
1405 3738 1542 3821 quadam
1556 3739 1625 3803 aine
1638 3738 1771 3813 indicio.

439 3833 490 3896 vel
512 3832 623 3895 morbo
644 3831 679 3893 in
701 3848 811 3892 omnes
833 3828 884 3892 vei
906 3829 1073 3911 repentino
1097 3829 1250 3913 quodam,
1279 3832 1371 3914 quani
1392 3839 1502 3904 vento,
1525 3832 1649 3915 impetn
1669 3831 1773 3896 aubi

440 3926 577 3991 incitati:
608 3944 690 4009 quae
712 3919 864 3986 beneficia
885 3942 989 4004 aeque
1011 3943 1211 4005 magnanon
1234 3932 1310 3988 sunt
1328 3924 1476 3988 habenda
1497 3933 1594 4010 atque
1614 3944 1662 3999 ea,
1685 3944 1771 4009 guae

439 4020 567 4094 iudicio,
589 4016 784 4082 considerate
807 4024 1051 4097 constanterque
1073 4017 1179 4081 delata
1200 4026 1283 4080 sunt
1329 4019 1391 4081 Sed
1414 4020 1447 4082 in
1468 4018 1656 4083 collocando
1672 4018 1771 4084 bow

400 4112 509 4179 oficio
532 4123 564 4177 et
585 4114 618 4175 in
641 4110 807 4174 referenda
829 4110 936 4193 gratia,
960 4110 986 4172 ai
1011 4119 1116 4173 cetera
1138 4111 1225 4192 paria
1249 4118 1331 4185 sunt,
1354 4111 1414 4174 boc
1434 4131 1581 4174 maxume
1597 4107 1694 4173 officii
1710 4119 1769 4185 eet,

439 4217 475 4271 nt
504 4208 638 4291 quisque
666 4224 813 4268 maxume
844 4205 914 4287 opia
942 4203 1098 4285 indigeat,
1127 4205 1172 4267 ita
1200 4205 1229 4266 ei
1258 4206 1455 4288 potissimum
1479 4205 1647 4287 opitulari:
1681 4203 1769 4288 quod

439 4312 549 4365 contra
571 4298 605 4363 bt
627 4320 645 4363 a
667 4300 847 4383 plerisque;
880 4319 985 4381 aquo
1009 4299 1093 4360 enim
1116 4298 1287 4379 plurimum
1310 4307 1456 4381 eperunt,
1485 4299 1578 4361 etiam
1601 4300 1629 4362 ai
1652 4298 1706 4363 ille
1729 4299 1771 4362 iia

438 4415 504 4457 non
527 4402 608 4477 eget,
631 4403 735 4457 tnmen
759 4394 787 4456 ei
810 4392 1009 4475 potissimum
1032 4392 1219 4453 inserviunt

524 4489 607 4551 xvl.
635 4487 686 4550 50.
715 4488 840 4571 Optime
863 4496 968 4550 autem
990 4486 1123 4548 societas
1138 4485 1302 4548 hominnm
1318 4485 1564 4568 coniunctioque
1579 4485 1769 4560 servabitur,

401 4584 484 4658 uui,
511 4591 547 4646 ut
576 4583 711 4667 quicque
741 4582 800 4644 erit
822 4580 1115 4653 coniunctissimum
1145 4580 1188 4641 ita
1216 4579 1249 4640 in
1277 4599 1349 4641 eum
1371 4580 1576 4661 benignitatis
1597 4580 1769 4664 plurimum

441 4676 630 4741 conferetur.
674 4675 752 4750 Sed,
775 4695 857 4757 quae
879 4681 1011 4737 naturae
1034 4673 1188 4756 principia
1211 4673 1275 4735 sint
1297 4674 1531 4737 communitatis
1554 4682 1587 4737 ct
1607 4674 1770 4738 comantia

439 4770 613 4844 bumanae,
635 4768 843 4852 repetendum
866 4769 990 4830 videtur
1011 4767 1117 4829 altine.
1160 4767 1218 4828 Est
1239 4766 1323 4829 enim
1346 4768 1498 4849 primum,
1521 4766 1606 4850 quod
1629 4768 1770 4831 cernitur

506 5040 530 5090 4.
546 5038 671 5101 planaque
688 5036 775 5086 Hac:
800 5035 919 5097 pleneque
934 5036 996 5093 ΑΜ
1020 5036 1110 5084 utrum
1127 5035 1151 5084 B·
1165 5034 1271 5093 habent,
1292 5047 1353 5084 cum
1372 5035 1448 5084 tertia
1465 5033 1551 5085 littera
1570 5036 1596 5085 in
1613 5048 1707 5086 rasura
1724 5037 1767 5097 ait

440 5113 556 5165 discerni
573 5114 674 5175 nequit.
696 5137 721 5146 -
746 5110 771 5159 2.
789 5110 831 5159 aed
846 5115 869 5159 ct
885 5121 974 5171 camp
1000 5136 1027 5146 -
1050 5111 1081 5159 tis
1098 5110 1186 5159 ABb:
1205 5110 1242 5159 tte
1260 5110 1315 5166 Hm
1334 5110 1412 5171 bajec
1437 5136 1462 5148 -
1488 5111 1513 5158 d.
1532 5110 1579 5172 hiis
1596 5122 1613 5160 o
1630 5135 1657 5147 -·
1678 5111 1703 5161 6.
1722 5112 1772 5162 tac

440 5197 533 5241 rasura
552 5200 621 5237 corr.
642 5188 666 5235 in
684 5199 715 5234 oc
732 5197 764 5239 ις
785 5198 815 5233 oc
832 5194 847 5231 o
867 5210 893 5220 -
913 5183 937 5233 8.
955 5184 1062 5244 sepienti
1079 5183 1260 5247 Wesenberg:
1279 5185 1460 5246 captonaco.
1484 5184 1549 5234 Vide
1567 5186 1601 5236 nd
1619 5199 1645 5250 p.
1655 5187 1714 5246 bid,
1727 5188 1768 5238 40.

440 5291 472 5302 -
489 5264 581 5314 boram
597 5263 682 5311 adium
700 5261 718 5309 C
739 5259 827 5321 (etiam
844 5259 910 5321 bp):
929 5259 1013 5308 viram
1029 5260 1121 5310 donum
1138 5273 1154 5310 o
1174 5286 1200 5296 -
1220 5263 1244 5310 9.
1261 5264 1345 5325 poetae
1362 5274 1497 5323 superacr.
1513 5262 1539 5311 in
1557 5261 1573 5311 b
1592 5287 1620 5298 -
1644 5277 1674 5310 cn
1689 5263 1769 5313 mod-

439 5336 691 5389 imcomtdcrondc.
710 5335 747 5384 Da
770 5344 785 5381 o
814 5360 840 5368 -
868 5334 1070 5383 beniuolentiae
1090 5334 1206 5398 (ubique)
1234 5362 1261 5372 -
1291 5338 1332 5386 44.
1351 5338 1613 5399 diligamurdtbo:
1637 5338 1768 5401 ditigiam

440 5415 548 5477 Bflt‘tto
566 5439 593 5449 -
618 5410 658 5461 44.
676 5410 764 5474 grotta
780 5410 811 5457 att
828 5420 842 5457 o
862 5435 888 5445 -
915 5411 955 5459 45.
974 5410 1118 5469 reserandae
1134 5412 1233 5474 gratiae
1249 5424 1266 5462 a
1284 5437 1312 5448 -
1333 5411 1770 5474 ⁴7.q1adtooomceaepctcvan

440 5488 493 5540 dan
512 5490 553 5540 Es.
576 5515 603 5525 -
627 5484 739 5535 ἀοὸοπιω
754 5484 869 5546 [acmen
891 5509 917 5518 -
943 5497 979 5532 aa
996 5498 1064 5534 corr.
1084 5485 1143 5534 aad.
1164 5487 1245 5536 min
1262 5484 1323 5535 aad
1342 5486 1387 5548 (oa
1404 5486 1464 5550 aori)
1482 5488 1500 5537 B
1519 5512 1546 5524 -
1568 5487 1608 5537 48.
1627 5489 1770 5549 cismo

442 5590 468 5601 -
488 5565 529 5615 20.
549 5562 661 5613 decem
677 5573 727 5610 aare
744 5571 758 5609 ο
782 5584 808 5593 -
833 5559 883 5606 aiat
898 5571 992 5621 genem
1008 5559 1164 5608 identitatis
1181 5571 1195 5608 o
1220 5586 1247 5597 -
1274 5562 1314 5612 2⁴.
1334 5562 1418 5611 matus
1435 5573 1505 5612 corr.
1524 5575 1556 5611 ex
1574 5560 1688 5611 ὼὸοηοω
1703 5573 1722 5612 ι
1739 5583 1766 5599 ·

439 5638 481 5689 22.
499 5636 718 5688 ticetaimodob
747 5661 773 5671 -
801 5633 842 5683 23.
861 5634 963 5683 dilectae
984 5634 1103 5684 Bfltb:
1131 5635 1322 5685 detectuaAon
1351 5661 1377 5671 -
1410 5634 1452 5685 ii.
1471 5634 1766 5696 oatmmwtmon-

439 5713 481 5762 27.
498 5714 538 5763 oct
553 5709 639 5761 morbo
655 5711 682 5760 ie
698 5721 782 5758 omncs
798 5719 884 5757 omo
908 5734 935 5743 -
958 5708 998 5757 act
1013 5708 1099 5757 morbo
1116 5706 1241 5760 A8¹abt
1265 5711 1306 5758 act
1321 5710 1394 5759 modo
1410 5708 1522 5774 B²Hpo
1545 5734 1572 5746 -
1597 5709 1638 5760 2⁸.
1656 5709 1769 5760 amodo

440 5787 645 5838 --detotoaant
666 5786 693 5834 in
711 5796 793 5847 marg.
813 5780 929 5833 habeto
958 5807 984 5818 -
1015 5783 1055 5833 30.
1074 5789 1124 5833 seat
1148 5794 1163 5832 o
1192 5808 1220 5820 -
1251 5783 1291 5834 ³2.
1309 5790 1421 5847 spectant
1439 5786 1484 5835 Ab
1506 5788 1623 5848 (spem
1638 5796 1724 5847 marg.
1737 5786 1768 5844 Α,

441 5869 560 5925 mat
577 5874 663 5926 marg.
680 5860 707 5925 b)
731 5886 764 5897 -
788 5858 921 5908 editionis
938 5857 992 5919 (biis
1009 5858 1032 5919 ο)
1050 5872 1100 5908 noo
1124 5858 1163 5909 C:
1186 5859 1345 5910 diacono
1372 5884 1400 5895 -
1427 5859 1468 5911 36.
1488 5864 1598 5911 warna
1614 5859 1766 5911 abaco:

440 5942 536 5988 uam
552 5945 592 5988 oo
608 5935 699 5986 -370
716 5936 782 5985 man
798 5931 990 5996 gaodprdmam
1006 5933 1118 5983 conitar
1134 5942 1160 5983 o.
