4342 7459
684 1272 751 1335 cu.
773 1271 810 1334 v.
840 1270 914 1334 on.
937 1270 1212 1333 xxnr-xxrv.
1240 1267 1286 1353 ss
1309 1267 1457 1335 os-oo.
1670 1261 1731 1331 un

410 1451 442 1507 et
462 1444 517 1517 iis,
540 1443 594 1526 qui
616 1441 744 1525 publice
766 1440 844 1503 socii
869 1448 964 1523 atque
986 1440 1077 1502 amici
1097 1448 1183 1513 sunt,
1207 1438 1320 1502 deinde
1334 1440 1432 1502 totius
1447 1441 1615 1522 complexu
1629 1439 1732 1522 gentis

409 1537 580 1601 humanae:
604 1554 685 1619 quae
707 1534 805 1597 animi
827 1534 952 1596 affectio
981 1554 1070 1595 suum
1094 1534 1213 1616 cuique
1236 1533 1377 1595 tribuens
1399 1542 1495 1615 atque
1517 1535 1612 1607 banc,
1635 1553 1731 1617 quam

409 1631 498 1704 dico,
520 1629 702 1692 societatem
725 1627 959 1690 coniunctionis
980 1626 1136 1689 humanae
1159 1626 1305 1689 munifice
1328 1633 1360 1689 et
1374 1646 1476 1709 aeque
1499 1634 1590 1691 tuens
1611 1626 1732 1690 iustitia

407 1725 530 1789 dicitur.
555 1723 606 1785 eui
622 1731 696 1785 sunt
709 1720 878 1783 adiunctae
901 1722 1009 1802 pietas,
1032 1720 1166 1790 bonitas,
1190 1720 1371 1794 liberalitas,
1392 1721 1580 1802 benignitas,
1603 1720 1732 1784 comitas

407 1839 557 1902 quaeque
579 1823 654 1880 sunt
675 1815 801 1898 generis
823 1813 975 1877 eiusdem.
1016 1818 1120 1896 Atque
1142 1813 1220 1877 baec
1241 1814 1284 1876 ita
1299 1815 1437 1877 iustitiae
1452 1816 1579 1897 propria
1594 1821 1677 1887 sunt,
1697 1821 1767 1884 uto,

407 1913 473 1975 sint
500 1913 649 1974 virtutum
678 1909 869 1992 reliquarum
894 1907 1081 1971 communia.
1126 1905 1176 1968 66.
1199 1908 1276 1969 Nam
1301 1928 1372 1970 cum
1394 1907 1438 1969 sic
1460 1907 1598 1970 bominis
1620 1914 1733 1970 natura

408 2013 557 2089 generata
578 2005 636 2076 sit,
658 2012 693 2067 ut
714 2002 829 2065 babeat
851 2001 1002 2086 quiddam
1026 2004 1202 2085 ingenitum
1225 2004 1315 2087 quasi
1338 2004 1430 2066 civile
1452 2010 1547 2086 atque
1569 2000 1733 2084 populare,

408 2098 493 2184 quod
517 2098 627 2161 Graeci
650 2095 816 2161 πολιτικόν
838 2104 967 2169 vocant,
991 2096 1145 2179 quicquid
1168 2105 1241 2180 aget
1264 2116 1410 2180 quaeque
1433 2097 1546 2168 virtus,
1568 2094 1600 2156 id
1618 2113 1733 2157 acom-

408 2194 560 2255 munitate
583 2200 615 2254 et
636 2210 690 2263 ea,
714 2209 807 2273 quam
831 2190 981 2271 exposui,
1004 2191 1134 2252 caritate
1156 2210 1192 2253 ac
1215 2192 1367 2253 societate
1389 2190 1526 2253 bumana
1540 2209 1605 2251 non
1620 2187 1734 2250 abbor-

408 2287 503 2358 rebit,
527 2285 731 2367 vicissimque
754 2283 883 2353 iustitia,
905 2288 941 2343 ut
962 2283 1030 2365 ipsa
1053 2304 1087 2345 se
1110 2283 1222 2346 fundet
1239 2280 1321 2366 [usu]
1342 2285 1375 2347 in
1390 2291 1511 2347 ceteras
1526 2283 1666 2355 virtutes,
1689 2279 1734 2341 sic
1743 2297 1770 2343 so

410 2380 482 2442 illas
511 2386 657 2459 expetet;
681 2378 797 2439 servari
822 2376 906 2438 enim
927 2376 1048 2438 iustitia
1069 2377 1130 2438 nisi
1153 2396 1172 2439 a
1193 2376 1268 2439 lorti
1284 2378 1360 2451 viro,
1381 2377 1442 2440 nisi
1465 2396 1484 2440 a
1505 2375 1647 2459 sapiente
1669 2392 1734 2436 non

408 2462 522 2556 potest.
560 2471 672 2548 Qualis
695 2480 744 2533 est
765 2470 860 2551 igitur
882 2470 983 2531 omnis
999 2469 1094 2544 baec,
1117 2491 1210 2553 mam
1227 2471 1313 2546 dieo,
1335 2471 1530 2554 conspiratio
1545 2485 1735 2531 consensus·

408 2586 472 2650 que
495 2568 662 2637 virtutum,
685 2564 748 2627 talo
771 2571 818 2625 est
839 2561 917 2624 illud
941 2562 1044 2644 ipsum
1067 2564 1253 2638 honestum,
1276 2564 1405 2648 qnando
1420 2564 1547 2649 quidem
1566 2561 1734 2623 honestum

409 2669 464 2723 aut
484 2660 555 2741 ipsa
578 2660 676 2721 virtus
699 2665 748 2719 est
769 2665 824 2719 aut
845 2676 896 2718 res
918 2664 1007 2737 gesta
1027 2658 1162 2720 virtute:
1193 2658 1307 2742 quibus
1328 2658 1424 2722 rebus
1445 2658 1510 2721 vita
1531 2652 1735 2719 consentiens

409 2752 642 2835 virtutibusque
670 2751 866 2833 respondens
895 2757 981 2813 recta
1010 2758 1041 2812 et
1073 2751 1204 2814 honesta
1233 2760 1265 2815 et
1285 2760 1433 2815 constans
1455 2757 1488 2815 et
1509 2756 1640 2813 naturae
1661 2766 1773 2815 con-ss

409 2866 526 2929 gruem
549 2844 721 2907 existimari
745 2850 860 2926 potest.
904 2840 955 2906 67.
977 2846 1080 2926 Atque
1101 2844 1180 2907 haec
1202 2845 1383 2908 coniunctio
1406 2844 1616 2925 confusioque
1637 2840 1737 2902 virtu·

409 2947 477 3003 tum
505 2948 611 3001 tamen
639 2958 657 3001 a
685 2937 884 3020 philosophis
913 2938 1035 3000 ratione
1065 2938 1202 3021 quadam
1231 2939 1441 3021 distinguitur.
1488 2938 1566 2999 Nam
1596 2955 1667 2998 cum
1692 2934 1737 2996 ita

410 3032 576 3116 copulatae
605 3051 810 3113 conexaeque
838 3032 917 3103 sint,
945 3038 981 3093 ut
1002 3051 1112 3094 omnes
1135 3034 1273 3095 omnium
1296 3032 1466 3115 participes
1488 3032 1565 3106 sint,
1594 3049 1652 3093 nee
1674 3028 1737 3091 alia

410 3126 450 3189 ab
472 3126 535 3189 alia
558 3125 658 3207 possit
680 3125 834 3206 separari,
864 3132 967 3188 tamen
996 3126 1155 3209 proprium
1183 3146 1275 3188 suum
1297 3126 1451 3207 cuiusque
1473 3145 1588 3189 munus
1610 3129 1675 3196 est,
1701 3127 1738 3185 ut

410 3219 564 3282 fortitudo
587 3218 620 3279 in
642 3217 803 3281 laboribus
826 3218 1037 3301 periculisque
1059 3226 1220 3291 cernatur,
1252 3219 1460 3301 temperantia
1486 3220 1520 3281 iu
1542 3215 1774 3300 praetermit·m

410 3312 515 3376 tendis
538 3311 766 3394 voluptatibus,
796 3311 963 3394 prudentia
994 3313 1026 3373 in
1050 3311 1167 3373 dilectu
1189 3312 1344 3375 bonorum
1368 3313 1592 3385 etmalorum,
1621 3308 1738 3373 iustitia

412 3408 444 3469 iu
466 3426 525 3469 suo
547 3406 662 3488 cuique
685 3404 864 3467 tribuendo.
902 3404 1037 3479 Quando
1060 3405 1157 3487 igitur
1178 3407 1261 3469 inest
1274 3407 1307 3469 in
1323 3408 1408 3470 omni
1423 3408 1537 3469 virtute
1552 3424 1627 3468 cura
1641 3421 1738 3485 quae·

413 3501 482 3563 dam
508 3499 599 3582 quasi
619 3498 703 3561 lotas
725 3509 870 3581 spectans
892 3499 1036 3581 aliosque
1065 3507 1219 3581 appetens
1241 3508 1334 3582 atque
1356 3501 1586 3583 complectens,
1615 3495 1740 3559 exsistit

411 3596 504 3666 illud,
526 3602 562 3657 ut
583 3592 691 3665 amici,
713 3601 748 3654 ut
769 3591 897 3665 iratres,
920 3601 955 3654 ut
977 3592 1166 3675 propinqui,
1188 3602 1223 3656 ut
1244 3593 1369 3668 affines,
1392 3602 1427 3657 ut
1448 3595 1548 3668 cives,
1570 3599 1606 3656 ut
1627 3609 1738 3653 omnes

412 3689 550 3771 denique
568 3687 775 3769 -quoniam
798 3705 893 3748 unam
916 3687 1099 3749 societatem
1123 3686 1286 3750 bominum
1309 3707 1378 3751 esse
1393 3688 1594 3751 volumus-
1609 3691 1776 3767 propterss

412 3803 445 3846 se
466 3780 637 3864 expetendi
660 3780 733 3841 sint.
764 3779 857 3862 Atqui
881 3799 990 3841 eorum
1014 3779 1092 3842 nibil
1115 3789 1164 3842 est
1185 3781 1254 3844 eius
1276 3783 1417 3864 generis,
1439 3788 1479 3844 ut
1496 3781 1539 3844 sit
1558 3780 1592 3842 in
1607 3774 1669 3840 line
1684 3795 1740 3839 ex·
1795 3844 1796 3847 Ἴ

412 3886 512 3940 tremo
546 3875 710 3937 bonorum.
754 3869 805 3933 68.
835 3874 880 3935 lta
910 3870 944 3935 lit
972 3881 1007 3935 ut
1035 3872 1099 3935 duo
1128 3894 1243 3956 genera
1270 3884 1400 3958 propter
1429 3895 1462 3938 se
1491 3872 1739 3957 expetendorum

411 3971 626 4054 reperiantur,
648 3988 762 4039 unum,
787 3967 872 4048 quod
889 3975 935 4028 est
957 3969 989 4030 in
1005 3967 1061 4040 iis,
1084 3967 1247 4049 inquibus
1263 3971 1438 4052 completur
1454 3968 1535 4032 illud
1552 3973 1739 4051 extremum,

412 4084 493 4148 quae
516 4070 591 4126 suut
613 4069 668 4123 aut
690 4062 785 4122 animi
809 4068 863 4121 aut
885 4061 1045 4142 corporis:
1076 4061 1154 4123 baec
1184 4070 1305 4136 autem,
1335 4083 1416 4144 quae
1438 4070 1512 4125 sunt
1533 4061 1740 4140 extrinsecus,

413 4160 444 4222 id
468 4166 530 4231 est,
554 4176 637 4239 quae
660 4174 762 4237 neque
784 4156 816 4215 in
840 4155 946 4216 animo
969 4155 1076 4217 insunt
1098 4175 1204 4237 neque
1226 4158 1258 4218 in
1282 4177 1428 4238 corpore,
1453 4164 1487 4218 ut
1504 4154 1612 4227 amici,
1635 4161 1670 4216 ut
1685 4171 1777 4237 pir-so

412 4261 533 4322 rentes,
567 4258 602 4312 ut
631 4248 737 4321 liberi,
769 4257 805 4310 ut
833 4249 1019 4331 propinqui',
1052 4257 1087 4310 ut
1116 4252 1183 4332 ipsa
1213 4252 1329 4332 patria,
1361 4258 1434 4312 sunt
1456 4250 1510 4312 illa
1533 4249 1660 4331 quidem
1684 4269 1740 4312 sua

413 4356 525 4429 sponte
549 4363 636 4415 cara,
660 4343 715 4404 sed
740 4341 851 4403 eodem
874 4342 906 4402 in
930 4362 1045 4423 genere
1068 4363 1131 4426 quo
1154 4344 1208 4405 illa
1224 4365 1286 4405 non
1303 4352 1386 4406 sunt.
1423 4345 1488 4406 Nec
1503 4362 1577 4406 vero
1593 4362 1740 4425 umquam

415 4459 570 4503 summum
594 4436 711 4499 bonum
727 4436 854 4517 assequi
872 4437 1036 4517 quisquam
1053 4445 1177 4519 posset,
1200 4440 1226 4499 si
1242 4438 1347 4500 omnia
1362 4439 1432 4511 illa,
1455 4457 1537 4520 quae
1553 4444 1627 4499 sunt
1641 4445 1740 4511 extra,

415 4551 606 4618 quamquam
629 4528 825 4613 expetenda,
848 4550 970 4590 summo
993 4530 1077 4591 bono
1101 4532 1347 4595 continerentur.

502 4625 615 4686 XXIV.
638 4621 689 4684 69.
718 4623 790 4697 Quo
820 4623 912 4684 modo
936 4623 1046 4703 igitur,
1076 4624 1220 4705 inquies,
1252 4646 1361 4688 verum
1385 4646 1453 4688 esse
1476 4624 1608 4708 poterit,
1637 4623 1778 4686 omniaas

415 4719 524 4783 reterri
556 4717 595 4779 ad
620 4736 774 4779 summum
798 4716 927 4788 bonum,
960 4718 985 4779 si
1014 4718 1188 4790 amicitiae,
1219 4720 1245 4780 si
1268 4720 1540 4802 propinquitates,
1571 4718 1597 4779 si
1620 4716 1741 4799 reliqua

416 4822 546 4876 externa
570 4830 693 4874 summo
717 4809 800 4873 bono
824 4831 887 4872 non
910 4811 1131 4873 eontinentur?
1167 4812 1232 4874 Hac
1256 4813 1404 4875 videlicet
1425 4814 1562 4884 ratione,
1588 4811 1671 4893 quod
1694 4830 1741 4885 ea,

418 4926 500 4991 quae
535 4915 665 4968 externa
699 4911 787 4978 sunt,
817 4905 856 4965 iis
886 4913 1011 4966 tuemur
1039 4901 1166 4979 officiis,
1198 4926 1278 4989 quae
1307 4910 1452 4970 oriuntur
1473 4927 1491 4969 a
1513 4925 1570 4968 suo
1593 4906 1742 4988 cuiusque

417 5020 532 5084 genere
556 4999 689 5062 virtutis.
726 5000 804 5060 Nam
827 5006 858 5059 et
879 4998 970 5059 amici
996 4998 1098 5061 cultus
1122 5008 1152 5063 et
1175 5001 1312 5083 parentis
1336 5002 1381 5075 ei,
1404 5001 1458 5083 qui
1474 4997 1576 5064 officio
1593 5000 1742 5083 fungitur,

482 5299 504 5346 t.
525 5296 781 5360 meminissem]
801 5296 969 5358 ·axspectari
988 5298 1091 5359 poterat
1108 5298 1226 5359 denique,
1247 5297 1318 5361 quod
1337 5297 1380 5348 hic
1398 5310 1446 5361 per
1463 5301 1550 5348 cetera
1570 5297 1691 5348 membra
1709 5298 1743 5348 ad

416 5374 596 5436 postremum,
621 5369 691 5433 quod
717 5383 773 5418 rem
792 5372 920 5428 continet,
947 5373 1127 5433 pervenitur.»
1146 5374 1254 5422 llnnvrc.
1276 5401 1301 5410 -
1326 5373 1350 5421 l.
1369 5374 1531 5435 qnoddomB
1557 5401 1583 5409 —
1608 5374 1743 5437 inpositam

417 5448 479 5497 ec:
500 5447 652 5495 innatan
673 5473 698 5480 -
724 5444 747 5494 8.
767 5445 792 5491 id
809 5458 825 5492 a
842 5446 1017 5493 communitate
1035 5460 1087 5494 om.
1107 5447 1126 5495 B
1146 5473 1171 5481 -
1200 5447 1224 5495 9.
1244 5462 1274 5496 uc
1291 5449 1354 5497 BG:
1374 5454 1449 5510 atque
1466 5450 1485 5497 0
1505 5476 1530 5485 -
1551 5450 1591 5498 ld.
1610 5449 1665 5509 ipsa
1683 5448 1742 5508 (non

416 5523 506 5584 ipsam)
522 5522 608 5583 fundet
625 5532 650 5568 sc
666 5519 715 5567 RE
737 5546 762 5555 —
782 5532 830 5567 mn
846 5532 899 5569 om.
919 5520 952 5572 B:
972 5533 1020 5569 nos
1038 5518 1205 5571 seclusimus.
1221 5549 1246 5557 -
1268 5523 1307 5571 43.
1330 5524 1435 5588 quidem]
1454 5525 1513 5586 qnid
1529 5524 1577 5572 BE
1597 5550 1623 5558 -
1643 5520 1683 5571 ti.
1701 5534 1744 5571 rc-

416 5597 460 5645 bus
477 5598 509 5646 B:
529 5597 555 5643 in
572 5594 645 5642 rebus
662 5596 682 5642 0
702 5620 727 5627 -
744 5594 783 5642 ts.
803 5594 901 5658 mnnm]
917 5596 999 5643 minus
1015 5595 1060 5644 BE
1081 5621 1106 5630 —-
1126 5597 1166 5644 at.
1186 5598 1274 5646 dilectu
1291 5598 1351 5648 BE:
1371 5598 1523 5648 delcctnblo
1536 5626 1560 5633 -
1575 5598 1615 5645 22.
1629 5597 1742 5658 Quando]

417 5672 536 5734 qnoniam
553 5669 631 5719 codd.
651 5668 750 5731 aliquot
766 5668 927 5728 deteriores;
950 5670 1011 5720 Com
1028 5673 1056 5719 G.
1077 5670 1216 5731 (Conlusae
1234 5674 1297 5721 sunt
1313 5675 1391 5722 notae
1409 5669 1450 5734 qni
1466 5675 1491 5722 et
1509 5668 1560 5733 qni.)
1581 5698 1606 5707 -
1625 5670 1665 5719 23.
1682 5671 1745 5731 {onia

419 5746 437 5795 B
456 5772 482 5781 -
502 5745 544 5794 Bb.
564 5745 682 5806 quonium
700 5745 734 5793 B:
754 5759 829 5805 qnam
849 5747 881 5802 G;
900 5746 1000 5807 quando
1017 5745 1037 5794 Ο
1055 5770 1083 5781 -
1103 5745 1144 5794 26.
1162 5748 1232 5808 utqui
1249 5748 1282 5795 B:
1301 5753 1376 5809 utque
1392 5748 1412 5796 0
1431 5773 1456 5782 -
1477 5746 1517 5796 28.
1535 5746 1561 5794 in
1579 5749 1639 5794 ante
1657 5745 1745 5807 quibus

418 5834 470 5869 om.
490 5820 510 5866 0
533 5846 557 5854 -
584 5819 624 5867 3⁰.
644 5833 708 5881 quoe
725 5834 768 5868 nec
785 5821 811 5867 in
828 5821 877 5869 BE
901 5846 927 5857 —
953 5822 993 5870 32.
1012 5822 1325 5882 umquam--quisqnum
1341 5824 1373 5871 G:
1399 5820 1692 5883 inquom--qnisqnam
1708 5820 1741 5879 B;

419 5897 597 5956 quisquam„
610 5907 729 5956 nmquam
747 5896 766 5943 0
787 5921 813 5931 -
839 5894 878 5944 33.
898 5896 943 5943 illo
959 5909 1012 5945 om.
1032 5896 1079 5945 BE
1101 5924 1126 5932 -
1152 5895 1192 5946 at.
1211 5897 1355 5960 ecpetendo]
1373 5896 1510 5958 ecpctcndo
1525 5900 1583 5945 sant
1600 5894 1742 5959 Madvigius

420 5969 453 6031 lin
471 5969 673 6030 commentario)
688 5994 714 6006 -
735 5970 917 6020 contineremur
934 5971 953 6020 B
972 5995 998 6006 -
1018 5970 1058 6021 39.
1076 5972 1100 6021 et
1117 5969 1226 6022 Orellius
1239 5972 1273 6033 (in
1287 5970 1476 6034 adnotationel:
1496 5976 1519 6023 ct
1536 5969 1629 6032 codd.;
1647 5969 1740 6036 ΝΟ.
