4342 7459
438 1240 501 1312 492
922 1247 976 1310 ΒΕ
1000 1245 1267 1310 DIVINATIONE
1295 1243 1300 1254 ’

437 1406 562 1470 vovisse
591 1403 721 1479 dicitur,
750 1404 777 1468 si
807 1414 1041 1487 recuperasset,
1071 1425 1163 1470 uram
1189 1425 1224 1468 se
1255 1404 1315 1469 deo
1338 1405 1498 1480 daturum,
1528 1426 1611 1491 quae
1634 1408 1771 1480 maxims

437 1509 521 1563 esset
542 1502 575 1562 in
598 1501 709 1563 vinea:
732 1499 841 1583 itaque
863 1518 920 1562 sue
942 1500 1072 1562 inventa
1094 1498 1135 1561 ad
1158 1499 1320 1563 meridIem
1344 1508 1490 1581 spectans
1512 1502 1544 1564 in
1559 1489 1652 1566 trau
1666 1503 1771 1572 medis

438 1594 552 1657 dicitur
580 1593 778 1666 constitisse,
807 1612 943 1674 cumque
965 1593 998 1654 in
1021 1601 1173 1675 quattuor
1198 1593 1297 1673 partis
1319 1592 1444 1656 vineam
1468 1591 1631 1658 divitisset
1650 1596 1771 1679 trisque¹

436 1688 535 1770 partis
556 1706 630 1748 aves
652 1685 864 1757 abdirissent,
887 1694 999 1769 quarta
1022 1694 1125 1766 purte,
1149 1704 1231 1769 quae
1253 1694 1321 1748 erat
1342 1685 1466 1768 reliqua
1493 1685 1527 1748 in
1550 1688 1683 1770 regione
1706 1688 1771 1752 dis·

413 1781 567 1855 utributa,
590 1778 725 1844 mirabili
749 1780 966 1861 magnitudine
987 1800 1095 1852 uvam,
1120 1789 1154 1843 ut
1175 1779 1327 1861 scriptum
1343 1777 1504 1854 videmus,
1526 1779 1657 1846 invenit
1701 1782 1771 1858 Qua

437 1896 472 1939 re
494 1875 666 1946 celebrata,
689 1894 759 1936 cum
783 1874 877 1935 vicini
900 1893 1012 1936 omnes
1034 1872 1073 1935 ad
1099 1893 1171 1935 eum
1194 1872 1351 1935 derebus
1375 1874 1440 1935 suis
1463 1872 1629 1949 referrent,
1651 1886 1720 1942 erat
1739 1878 1770 1942 in

438 1987 552 2049 magno
573 1967 702 2032 nornine
726 1976 757 2030 et
772 1967 883 2047 gloria.
919 1963 971 2028 32.
992 1968 1040 2028 Ex
1056 1987 1120 2049 quo
1136 1968 1253 2029 lactum
1271 1976 1319 2030 est
1334 1974 1367 2029 ut
1383 1966 1510 2031 eumad
1526 1989 1561 2032 se
1575 1991 1633 2033 rex
1648 1972 1772 2034 Priscus

437 2068 621 2124 arcesseret.
660 2060 758 2124 Cuius
789 2080 860 2122 curn
884 2069 1052 2142 temptaret
1073 2061 1236 2123 scientiam
1259 2070 1448 2141 auguratus,
1479 2059 1558 2123 dixit
1580 2064 1609 2126 ei
1632 2066 1772 2147 cogitare

437 2175 472 2217 se
496 2155 666 2236 quiddam;
690 2154 721 2216 id
742 2162 891 2236 possetne
907 2150 973 2215 heri
990 2156 1160 2217 consuluit.
1183 2153 1241 2215 llle
1257 2153 1388 2234 augurio
1402 2162 1475 2216 acto
1490 2174 1583 2235 posse
1599 2158 1772 2239 respondit

400 2249 632 2331 toTarquinius
655 2257 759 2312 autem
782 2248 866 2310 dixit
887 2267 921 2309 se
944 2249 1103 2329 cogitasse
1120 2257 1223 2310 cotem
1238 2246 1393 2309 novacula
1408 2266 1502 2328 posse
1518 2249 1671 2330 praecidi.
1693 2253 1773 2316 Turn

438 2344 557 2406 Attium
585 2342 716 2406 iussisse
739 2342 889 2424 experiri.
927 2342 973 2405 lta
1000 2350 1101 2404 cotem
1131 2342 1164 2403 in
1187 2340 1349 2403 comitium
1372 2340 1499 2403 allatam
1522 2342 1721 2425 inspectante
1743 2354 1773 2412 et

437 2457 512 2519 rege
535 2446 566 2500 et
587 2438 707 2520 populo
729 2435 883 2499 novacula
906 2456 976 2498 esse
999 2434 1174 2497 discissam.
1208 2436 1257 2496 Ex
1279 2453 1317 2495 eo
1341 2433 1446 2497 evenit
1470 2443 1504 2497 ut
1525 2445 1557 2498 et
1580 2438 1604 2497 Τ
1607 2438 1773 2520 arquiuius

437 2550 558 2612 augure
586 2532 672 2594 Attio
702 2529 801 2593 Navio
824 2537 966 2592 uteretur
989 2538 1021 2591 et
1043 2530 1179 2611 populus
1202 2527 1242 2590 de
1264 2528 1331 2589 suis
1354 2527 1449 2590 rebus
1471 2527 1606 2592 adeum
1630 2530 1772 2598 referret

438 2622 489 2685 33.
514 2624 623 2687 Cotem
651 2634 756 2687 autem
783 2624 869 2686 illam
893 2633 925 2685 et
946 2623 1131 2686 novaculam
1155 2620 1313 2685 defossam
1336 2620 1370 2682 in
1392 2621 1520 2684 comitio
1542 2642 1704 2710 supraque
1726 2626 1773 2712 iu·

400 2731 428 2776 ts
438 2718 574 2802 positum
598 2717 703 2800 puteal
725 2718 914 2799 accepimus.
951 2718 1108 2798 Negemus
1131 2716 1253 2788 omnia,
1280 2713 1500 2778 comburamus
1522 2716 1671 2791 annales,
1701 2714 1773 2782 ficta

438 2812 517 2873 haec
538 2831 608 2873 esse
631 2813 789 2884 dieamus,
813 2811 939 2894 quidvis
963 2812 1103 2891 denique
1125 2809 1343 2891 potiusquam
1367 2806 1444 2870 deos
1468 2828 1518 2870 res
1541 2807 1697 2875 humanas
1719 2832 1774 2876 cu·

437 2924 507 2968 rare
528 2903 700 2967 fateamur:
725 2903 825 2987 quior
849 2904 936 2988 quod
959 2904 1111 2985 scriptum
1134 2903 1219 2984 apud
1243 2910 1273 2964 te
1296 2910 1344 2964 est
1364 2900 1403 2966 de
1419 2902 1466 2963 Ti.
1483 2902 1643 2979 Graccho,
1667 2925 1773 2970 nonne

438 3009 470 3061 et
491 3017 646 3081 augurum
669 3008 700 3061 et
719 2999 921 3080 haruspicum
938 2998 1111 3079 conprobat
1126 2995 1351 3077 disciplinam?
1375 2995 1431 3077 qui
1448 3016 1519 3059 cum
1536 2996 1772 3063 tabernaculum

438 3091 514 3154 vitio
537 3093 673 3175 cepisset
696 3092 885 3176 inprudens,
909 3092 994 3175 quod
1014 3090 1213 3172 inauspicato
1237 3090 1414 3170 pomerium
1437 3098 1653 3173 transgressus
1678 3100 1772 3168 esset,

401 3186 566 3248 rocomitIa
595 3178 780 3248 consulibus
810 3186 958 3266 rogandis
968 3184 1102 3268 ,habuit
1139 3185 1220 3245 Nota
1242 3204 1293 3245 res
1316 3193 1365 3247 est
1387 3192 1418 3247 et
1439 3204 1457 3246 a
1483 3192 1512 3246 te
1534 3185 1605 3268 ipso
1630 3184 1774 3250 mandata

438 3281 660 3343 monumentis.
699 3278 760 3342 Sed
789 3288 821 3341 et
849 3281 917 3363 ipse
944 3300 1046 3361 augur
1067 3278 1114 3340 Ti.
1137 3275 1296 3339 Gracchus
1317 3278 1531 3359 auspiciorum
1554 3279 1773 3344 auctoritatem

437 3373 637 3437 confessione
660 3374 753 3436 errati
776 3374 825 3435 sui
848 3374 1073 3456 conprobavit,
1097 3381 1129 3433 et
1149 3371 1355 3453 haruspicum
1374 3370 1563 3451 disciplinae
1585 3390 1702 3454 magua
1725 3391 1774 3435 ac·

438 3469 533 3530 cessit
553 3469 735 3540 auctoritas,
753 3465 808 3548 qui
831 3466 1010 3528 recentibus
1026 3465 1162 3528 comitiis
1182 3466 1215 3527 in
1232 3472 1374 3527 senatum
1390 3464 1562 3527 introducti
1578 3472 1774 3547 negaverunt

437 3562 554 3624 iustum
578 3560 776 3624 comitiorum
798 3569 974 3642 rogatorem
998 3559 1106 3621 luisse.

400 3669 429 3715 aa
522 3655 638 3716 XVIII.
663 3651 714 3713 34.
744 3654 784 3715 lis
812 3654 908 3735 igitur
936 3653 1111 3724 adsentior,
1144 3652 1199 3735 qui
1223 3651 1285 3715 duo
1308 3672 1425 3734 genera
1447 3652 1679 3716 divinationum
1703 3673 1771 3718 esse

440 3749 608 3811 dixerunt:
638 3768 736 3810 unum
766 3748 850 3829 quod
881 3748 1036 3829 particeps
1065 3756 1148 3808 esset
1170 3746 1258 3821 artis,
1288 3747 1420 3809 alterum
1444 3749 1529 3828 quod
1551 3756 1620 3810 arte
1642 3754 1773 3812 careret.

439 3842 496 3905 Est
517 3842 601 3905 enirn
625 3861 676 3903 ars
699 3843 731 3902 in
754 3842 811 3913 iis,
841 3842 896 3923 qui
920 3861 1018 3903 novas
1040 3861 1092 3903 res
1114 3840 1296 3903 coniectura
1319 3850 1543 3922 persecuntur,
1572 3849 1697 3905 veteres
1719 3841 1773 3904 ob

439 3938 620 3999 servatione
650 3936 838 3998 didicerunt.
885 3936 999 3997 Carent
1026 3943 1131 3998 autern
1155 3944 1221 3997 arte
1245 3934 1283 4008 ii,
1313 3934 1370 4018 qni
1393 3954 1455 4006 non
1479 3935 1599 3997 ratione
1622 3941 1678 3997 aul
1701 3954 1772 3998 eon-

439 4031 560 4093 iectura
582 4030 755 4093 observatis
777 4050 813 4091 ac
836 4030 952 4092 notatis
981 4029 1094 4110 signis,
1126 4028 1180 4090 sed
1206 4028 1419 4092 concitatione
1443 4027 1578 4109 quadam
1601 4028 1700 4091 animi
1722 4035 1775 4092 aul

400 4122 545 4184 aosoluto
577 4123 739 4205 liberoque
769 4133 854 4186 motu
879 4123 983 4186 lutura
1008 4125 1242 4206 praesentiunt,
1266 4123 1351 4203 quod
1374 4131 1405 4183 et
1427 4122 1656 4185 somniantibus
1680 4143 1773 4204 saepe

439 4218 569 4298 contigit
591 4226 623 4278 et
646 4237 708 4278 non
731 4238 902 4299 numquam
926 4217 1170 4279 vaticinantibus
1194 4237 1250 4298 per
1273 4214 1427 4289 iurarem,
1450 4224 1484 4278 ut
1506 4217 1597 4277 Bacis
1614 4216 1775 4286 Boeotius,

440 4320 475 4372 ut
501 4310 701 4392 Epimenides
732 4312 822 4383 Cres,
851 4321 884 4372 ut
915 4312 1036 4373 Sibulla
1064 4310 1246 4393 Erythraea.
1284 4309 1379 4371 Cuius
1403 4310 1527 4391 generis
1551 4309 1656 4371 oracla
1680 4310 1773 4370 etiam

439 4402 584 4467 habenda
605 4414 695 4476 sunt,
725 4425 788 4467 non
812 4426 862 4479 ea,
890 4425 971 4487 quae
994 4406 1136 4487 aequatis
1160 4404 1297 4466 sortibus
1320 4405 1492 4477 ducuntur,
1515 4405 1570 4466 sed
1594 4402 1669 4476 illu,
1693 4422 1774 4486 quac

438 4499 589 4560 instinctu
619 4499 728 4561 divino
755 4499 935 4582 adflatuque
963 4498 1157 4560 funduntur:
1192 4499 1249 4560 etsi
1273 4498 1341 4578 ipsa
1364 4518 1431 4559 sors
1455 4494 1688 4560 contemnenda
1711 4516 1773 4558 nou

403 4601 503 4664 abest,
527 4592 552 4653 si
576 4595 846 4655 etauctoritatem
870 4592 966 4654 habet
989 4593 1168 4663 vetustatis,
1193 4600 1226 4653 ut
1249 4611 1305 4653 eae
1328 4601 1403 4654 sunt
1424 4600 1539 4663 sortes,
1563 4609 1643 4672 quas
1660 4611 1677 4651 e
1694 4600 1775 4652 terra

447 4782 753 4791 ——----—-..-.--.-.
762 4782 1094 4789 ——...-.-...-.-..-...
1155 4783 1159 4787 .
1199 4783 1202 4786 .
1219 4782 1258 4787 ῃ...

508 4910 529 4958 t.
549 4910 646 4957 saeuisse
662 4924 687 4958 ss
704 4909 724 4957 ll
742 4936 774 4945 -
793 4909 985 4969 recuperavisset
1003 4911 1022 4955 0
1044 4936 1067 4943 —
1090 4909 1113 4959 l.
1133 4909 1291 4958 obdurissent
1308 4909 1339 4966 V,
1358 4908 1419 4957 sort.
1437 4909 1596 4957 obdicisseut.
1617 4934 1644 4943 -
1664 4910 1777 4973 regiones

442 4983 594 5033 Lambinus.
613 5012 645 5019 -
663 4985 686 5033 8.
706 4990 811 5031 tentaret
829 4984 848 5030 0
865 5010 887 5016 -
909 4983 932 5030 9.
955 4984 1057 5043 paridam
1076 4985 1095 5031 ll
1118 5009 1142 5017 -
1162 4989 1241 5044 posset
1259 4986 1288 5031 Α·
1303 5010 1329 5018 -
1349 4983 1473 5031 cousutru't
1490 4981 1622 5043 glossema
1637 4984 1724 5032 visum
1737 4985 1777 5032 cst

443 5061 570 5109 Ernestro.
594 5087 617 5094 -
639 5061 717 5106 ultum
736 5057 773 5113 13¹,
792 5060 885 5107 actium
904 5059 923 5107 Η
946 5086 968 5092 --
992 5060 1031 5105 to.
1047 5072 1119 5119 posse
1138 5061 1157 5108 ll
1178 5086 1203 5093 -
1227 5060 1265 5106 tl.
1285 5059 1396 5119 superbi
1415 5055 1490 5106 ll²ll:
1510 5059 1626 5118 expediri
1645 5052 1734 5106 AB¹V
1749 5083 1772 5094 -

440 5136 485 5197 tto]
503 5136 558 5183 lum
575 5136 595 5183 ll
621 5163 642 5168 --
663 5135 787 5181 comitiam
805 5136 834 5181 Αι
853 5158 878 5166 -
900 5133 1005 5179 attalam
1023 5133 1040 5180 Β
1060 5146 1128 5181 corr.
1150 5148 1181 5182 ex
1199 5134 1309 5192 alutam,
1329 5134 1428 5180 illatum
1447 5132 1467 5180 ll
1483 5159 1507 5167 -
1525 5133 1563 5179 lt.
1578 5132 1695 5180 duosam
1714 5132 1777 5182 llol·

442 5211 535 5270 tinger.
558 5236 582 5244 -
605 5209 642 5256 ⁴3.
663 5210 728 5255 uallo
748 5209 766 5255 ll
788 5234 813 5240 —
834 5207 874 5256 ll.
894 5213 977 5256 autem
996 5206 1036 5255 bIs
1058 5209 1075 5255 Β
1096 5235 1121 5242 -
1144 5210 1183 5256 ld.
1203 5209 1263 5255 boec
1281 5221 1333 5256 om.
1355 5208 1375 5256 ll
1397 5234 1421 5242 -
1442 5208 1546 5268 denique
1563 5218 1621 5268 sup.
1643 5205 1678 5255 lin
1707 5210 1729 5256 lt
1751 5233 1772 5243 -

443 5286 482 5333 tt.
501 5285 621 5344 scriptum
637 5290 672 5332 ert
688 5284 756 5342 apud
773 5287 796 5331 te
813 5288 847 5330 est
865 5284 883 5330 Β
904 5308 930 5317 -
950 5283 1036 5331 riberto
1055 5285 1088 5339 C,
1109 5288 1135 5331 et
1152 5287 1189 5332 stc
1208 5283 1374 5346 plerumque.
1393 5308 1418 5318 -
1438 5297 1530 5344 gracco
1548 5284 1583 5337 A,
1601 5281 1697 5342 gracho
1715 5282 1774 5332 tl—

443 5359 481 5408 48Δ
501 5373 587 5419 arurp.
608 5359 628 5407 Η
649 5384 675 5392 -
695 5358 734 5406 49.
753 5360 905 5416 coepissetll
925 5383 950 5392 -—
968 5361 1123 5417 pomoerium
1141 5359 1188 5407 ΒΟ
1210 5383 1235 5393 -
1256 5361 1296 5407 ΒΟ.
1315 5359 1466 5406 consulimus
1481 5358 1595 5419 rogastis
1612 5356 1693 5405 ABV
1716 5383 1741 5391 -
1761 5369 1777 5404 a

442 5447 496 5483 orn.
516 5435 534 5482 Β
556 5461 580 5467 -
601 5435 641 5481 at.
661 5433 779 5481 thiberius
796 5438 814 5481 Α
830 5457 857 5469 -
878 5433 987 5494 grachus
1003 5434 1049 5481 ,tll
1065 5461 1091 5469 -
1111 5435 1149 5481 Ii.
1164 5435 1283 5495 uruspll
1299 5460 1324 5467 -
1343 5433 1384 5481 23.
1403 5433 1539 5481 recentibus
1557 5434 1592 5487 Α,
1612 5431 1661 5480 sed
1680 5430 1734 5479 ibus
1752 5431 1776 5479 in

442 5522 495 5557 ras.
516 5535 541 5542 -
561 5514 715 5570 negauerant
733 5509 844 5558 Ernesti.
867 5535 893 5543 -
914 5509 953 5556 25.
974 5509 1010 5555 bts
1029 5510 1047 5556 C
1069 5537 1095 5544 -
1118 5510 1159 5558 27.
1178 5523 1222 5557 ars
1239 5521 1292 5557 cru.
1312 5508 1342 5557 ΑΙ
1362 5532 1388 5542 -·
1408 5509 1434 5555 iu
1451 5509 1489 5555 tu's
1506 5507 1525 5555 C
1548 5532 1573 5541 -
1594 5506 1775 5554 coniecturas

443 5584 469 5631 tn
487 5595 580 5644 marg..
599 5585 755 5631 coniecturas
773 5584 792 5631 ll
813 5610 839 5617 -
857 5590 1039 5643 persequuntur
1057 5586 1076 5631 0
1097 5611 1121 5618 κ
1146 5585 1174 5631 ’28
1203 5585 1236 5633 bii
1254 5583 1315 5640 AV,
1334 5584 1359 5630 bi
1376 5584 1442 5642 ΒΙΙ,
1465 5582 1556 5632 sedin
1576 5582 1594 5629 Β
1613 5579 1675 5629 add.
1695 5579 1776 5629 altera

443 5670 533 5705 manu.
555 5683 581 5692 -
601 5657 641 5706 3¹.
660 5660 762 5719 coutr'pit
778 5658 874 5705 ABV:
894 5660 1015 5719 corrtr'npit
1033 5659 1083 5706 llO
1103 5685 1129 5693 -
1150 5657 1231 5716 Baete]
1251 5657 1347 5703 docebis
1364 5657 1465 5713 mov,
1485 5656 1571 5703 bocchi
1587 5655 1626 5714 Μ,
1646 5654 1739 5703 bochus
1755 5653 1775 5704 ll

445 5758 472 5767 -
491 5732 584 5780 boetius
602 5730 660 5780 ΒΗ1
681 5757 707 5767 -
727 5733 767 5780 32.
786 5731 873 5778 sibodo
891 5734 1025 5791 erythraeo
1039 5733 1074 5779 V:
1094 5732 1184 5780 ribalta
1201 5734 1328 5780 ocutroaa
1346 5734 1506 5792 laerptbraso
1523 5730 1601 5790 corr.)
1620 5735 1655 5789 Α,
1674 5730 1778 5779 tibullus

444 5798 553 5866 langius
573 5809 653 5867 corr.)
675 5808 827 5866 nsrytbrneo
850 5808 881 5864 Β,
906 5807 1002 5855 sarsurus
1021 5808 1139 5867 sptluruea
1163 5808 1198 5865 ll,
1221 5807 1317 5867 Sibylla
1335 5809 1477 5868 Erythraeo
1494 5809 1513 5856 0
1534 5833 1561 5843 -
1584 5806 1727 5855 orocuIaO
1747 5830 1774 5841 -

444 5880 484 5930 dl.
503 5884 641 5944 inflatuque
653 5883 713 5931 eod.
728 5880 841 5943 Erlaug.,
861 5885 889 5930 ut
906 5895 984 5944 supra
1004 5883 1071 5944 §ta
1089 5908 1115 5915 -
1134 5885 1329 5942 coutenpumda
1347 5884 1365 5931 C
1380 5909 1406 5916 -
1422 5883 1461 5932 35.
1476 5883 1497 5931 si
1514 5886 1537 5929 et
1550 5883 1587 5931 C:
1605 5882 1627 5930 si
1644 5881 1774 5938 Schueta;

445 5960 472 6005 at
488 5957 531 6006 hle
548 5955 622 6007 locus
639 5957 670 6006 iis
687 5955 826 6007 addendus
843 5961 898 6016 est,
923 5970 991 6019 quos
1008 5956 1153 6019 bladrIgius
1171 5956 1204 6006 ad
1224 5958 1277 6007 Cic.
1297 5957 1331 6007 de
1349 5957 1412 6008 dnn.
1432 5969 1458 6021 p.
1477 5957 1526 6007 802
1542 5968 1604 6021 sqq.
1622 5957 1771 6014 recensuIt3
