4342 7459
437 1253 500 1321 tit
884 1251 938 1315 DE
960 1250 1131 1315 DEORUM
1151 1250 1314 1315 Narona

439 1419 486 1483 sic
513 1419 604 1482 istam
635 1412 838 1478 calliditatem
868 1412 1049 1476 hominibus
1078 1409 1110 1473 di
1139 1431 1180 1473 ne
1202 1408 1386 1474 dedissent!
1420 1430 1483 1493 qua
1509 1410 1661 1495 perpauci
1683 1406 1767 1475 beno

439 1518 585 1584 utuntur,
608 1510 661 1592 qui
683 1518 788 1571 tamen
810 1508 870 1591 ipsi
892 1527 988 1589 saepe
1009 1526 1028 1568 a
1051 1505 1132 1568 male
1147 1505 1307 1567 utentibus
1323 1506 1565 1588 opprimuntur:
1587 1506 1769 1571 innumera·

439 1605 519 1669 biles
541 1612 644 1667 autem
666 1603 811 1685 improbe
834 1610 974 1675 utuntur,
997 1608 1032 1663 ut
1054 1599 1171 1662 donum
1194 1599 1256 1662 hoc
1274 1598 1415 1662 divinum
1438 1601 1570 1664 rationis
1591 1608 1624 1666 et
1641 1599 1769 1688 consilii

440 1700 479 1762 ad
502 1697 643 1762 fraudem
666 1696 863 1769 hominibus,
885 1714 950 1757 noo
973 1695 1011 1756 ad
1036 1690 1208 1756 bonitatem
1231 1694 1427 1775 impertitum
1451 1714 1521 1758 esse
1542 1695 1700 1760 videatur.

415 1803 431 1850 s
524 1792 642 1855 xxxi.
664 1787 715 1852 76.
739 1790 800 1852 Sed
824 1789 942 1870 urgetis
964 1787 1137 1849 identidem
1160 1787 1322 1850 hominum
1346 1807 1416 1850 esse
1439 1790 1530 1851 istam
1545 1789 1682 1872 culpam,
1704 1809 1770 1853 nou

440 1887 592 1958 deorum,
622 1893 657 1947 ut
686 1885 712 1947 si
739 1884 881 1947 medicus
908 1884 1093 1964 gravitatem
1124 1882 1243 1955 morbi,
1273 1882 1462 1965 gubernator
1483 1886 1546 1946 vim
1573 1884 1770 1967 tempestatis

440 1987 586 2053 accuset,
617 1979 676 2042 etsi
707 1978 740 2040 bi
764 1977 892 2061 quidem
914 1976 1116 2048 homunculi,
1147 1976 1201 2038 sed
1224 1985 1330 2039 tamen
1351 1976 1490 2040 ridiculi.
1527 1978 1608 2054 Quis
1631 1978 1714 2040 enim
1738 1985 1771 2041 to

439 2074 651 2146 adhibuisset,
680 2072 796 2133 dixerit
826 2071 1001 2153 quispiam,
1031 2069 1057 2131 si
1087 2071 1144 2131 ista
1173 2090 1236 2132 nou
1269 2074 1398 2134 essenti
1433 2071 1547 2136 Contra
1577 2072 1670 2136 deum
1697 2071 1771 2135 licet

439 2166 601 2250 disputare
629 2167 767 2229 liberius.
815 2165 850 2226 lu
877 2164 1039 2227 bominum
1069 2164 1152 2225 vitiis
1180 2164 1227 2226 ais
1255 2185 1325 2226 esse
1355 2164 1490 2247 culpam.
1526 2166 1603 2230 Eam
1627 2165 1771 2229 dedisses

402 2261 619 2324 tobominibus
641 2262 811 2331 rationem,
833 2277 914 2340 quae
937 2258 1013 2320 vitia
1036 2258 1225 2341 culpamque
1249 2258 1445 2322 excluderet.
1481 2260 1539 2323 Ubi
1563 2262 1659 2344 igitur
1680 2260 1770 2324 locus

437 2354 498 2417 tuit
520 2355 619 2418 errori
642 2355 799 2417 deorumt
823 2354 899 2414 Nam
923 2352 1113 2432 patrimonia
1129 2371 1186 2432 spe
1201 2351 1282 2413 bene
1299 2352 1444 2415 tradendi
1461 2355 1685 2440 relinquimus,
1708 2372 1770 2437 qua

438 2466 605 2531 possumus
627 2447 713 2509 lulli:
736 2447 815 2509 deus
836 2445 903 2508 falli
919 2446 973 2527 qui
996 2446 1124 2528 potuitt
1157 2449 1206 2507 An
1228 2454 1264 2508 ut
1287 2446 1350 2520 Sol,
1374 2447 1407 2508 in
1430 2467 1554 2511 currum
1577 2469 1649 2512 cum
1673 2445 1771 2510 rhse·
1870 2457 1873 2462 ⁴

438 2540 579 2604 tbontem
603 2539 700 2603 filium
717 2540 860 2612 sustulit,
882 2547 937 2601 aut
951 2541 1132 2623 Neptunus,
1155 2561 1227 2602 cum
1243 2541 1384 2604 Theseus
1400 2542 1604 2628 Hippolytum
1622 2540 1770 2624 perdidit,

439 2654 510 2696 cum
540 2642 588 2696 ter
610 2634 740 2715 optandi
764 2654 782 2696 a
804 2635 951 2714 Neptuno
974 2644 1063 2715 patre
1085 2634 1248 2696 habuisset
1269 2640 1484 2716 potestatem?
1527 2634 1578 2699 77.
1602 2640 1770 2701 Poetarum

402 2728 499 2792 mista
520 2738 612 2800 suut;
635 2747 692 2790 uos
714 2736 817 2790 autem
838 2726 1020 2809 philosophi
1037 2747 1107 2790 esse
1124 2728 1278 2801 volumus,
1301 2748 1404 2792 rerum
1420 2738 1577 2804 auctores,
1599 2751 1665 2793 non
1680 2728 1771 2792 fabu-

437 2820 548 2884 larum.
571 2823 674 2904 Atque
690 2822 723 2884 bi
745 2831 850 2884 tamen
866 2821 926 2903 ipsi
944 2820 975 2882 di
992 2822 1122 2903 poetici,
1146 2821 1172 2883 si
1192 2822 1326 2884 scissent
1340 2823 1519 2904 peruiciosa
1535 2823 1602 2887 iore
1615 2824 1671 2886 illa
1687 2820 1770 2895 filiis,

437 2935 585 2997 peccasse
607 2916 638 2979 in
662 2914 815 2978 beneticio
839 2924 1034 2998 putarentur.
1072 2916 1127 2987 Ut,
1149 2916 1176 2977 si
1199 2935 1307 2977 verum
1328 2924 1427 2990 esset,
1450 2918 1535 2999 quod
1552 2917 1658 2980 Aristo
1676 2916 1771 2980 Chius

437 3008 544 3071 dicere
566 3009 701 3081 solebat,
723 3030 838 3073 nocere
860 3010 1062 3072 audientibus
1086 3009 1295 3091 philosophos
1319 3010 1373 3083 iis,
1397 3011 1461 3093 qui·
1475 3012 1558 3074 bene
1582 3012 1666 3075 dicta
1689 3010 1771 3074 male

437 3103 781 3185 interpretarentur-
804 3124 897 3187 posse
926 3104 1010 3165 enim
1039 3113 1146 3165 asotos
1176 3124 1217 3165 cx
1242 3103 1408 3185 Aristippi,
1439 3105 1570 3167 acerbos
1593 3124 1611 3167 e
1633 3103 1770 3167 Zenonis

399 3196 543 3261 wsebola
558 3198 647 3261 exire
662 3234 719 3273 -,
741 3220 871 3281 prorsus
889 3194 946 3281 [si,
970 3197 1025 3280 qui
1042 3197 1220 3269 audierunt,
1243 3198 1347 3259 vitiosi
1363 3206 1470 3261 essent
1484 3199 1667 3272 discessuri,
1683 3195 1769 3282 quod

437 3312 585 3374 perverse
607 3294 872 3377 pbilosophorum
895 3291 1142 3374 disputationem
1165 3287 1456 3373 interpretarentur]
1476 3299 1580 3354 tacere
1595 3298 1771 3374 praestaret

437 3385 636 3469 philosophis
658 3408 752 3471 quam
776 3390 828 3458 iis,
852 3390 907 3471 qui
930 3407 964 3449 se
989 3385 1167 3458 audissent,
1191 3405 1327 3447 noceres
1351 3383 1401 3447 78.
1426 3390 1486 3459 sic,
1510 3386 1536 3449 si
1560 3385 1771 3448 hominesra·

437 3480 569 3554 tionem,
592 3481 676 3545 bono
699 3482 832 3544 consilio
854 3481 937 3543 adis
953 3479 1184 3542 immortalibus
1200 3479 1320 3553 datam,
1343 3480 1375 3542 iu
1391 3479 1534 3543 fraudem
1552 3479 1771 3562 malitiamque

438 3583 642 3648 convertunt,
672 3596 737 3637 uon
765 3575 832 3638 dari
862 3575 947 3637 illam
971 3593 1064 3656 quam
1088 3572 1155 3634 dari
1185 3573 1325 3635 humano
1346 3575 1455 3657 generi
1477 3574 1590 3637 melius
1612 3572 1683 3635 luit.
1719 3572 1770 3647 tlt,

400 3669 466 3734 susi
487 3669 629 3731 medicus
650 3670 730 3731 sciat
752 3689 824 3732 eum
847 3677 1025 3750 aegrotum,
1048 3667 1102 3749 qui
1124 3666 1230 3728 iussus
1252 3667 1421 3730 silvinum
1445 3686 1588 3741 sumere,
1617 3667 1770 3729 meracius

439 3771 636 3843 sumpturum
660 3764 830 3845 statimque
853 3763 1040 3844 periturum,
1064 3780 1175 3842 magua
1198 3761 1239 3822 sit
1261 3761 1419 3844 inculpa:
1442 3761 1488 3823 sic
1503 3769 1606 3823 vestra
1621 3760 1682 3822 ista
1697 3778 1771 3842 pro·

439 3852 577 3917 videntia
600 3855 876 3936 reprehendenda,
905 3874 987 3937 quae
1010 3855 1163 3917 rationem
1187 3854 1310 3917 dederit
1331 3855 1384 3927 iis,
1408 3875 1490 3938 quos
1512 3854 1620 3916 scierit
1641 3874 1678 3917 ea
1701 3872 1772 3938 per-

440 3968 530 4011 verse
552 3957 584 4011 et
604 3946 736 4031 inprobe
759 3970 883 4012 usuros.
916 3950 982 4012 Nisi
997 3948 1079 4009 iorte
1096 3947 1199 4010 dicitis
1215 3968 1284 4010 eam
1300 3949 1452 4011 nescisse.
1478 3948 1603 4010 Utinam
1621 3946 1769 4031 quideml

441 4041 497 4105 sed
520 4063 583 4106 non
605 4043 780 4115 audebitis;
806 4062 869 4103 non
894 4044 978 4105 enirn
1001 4044 1130 4125 ignoro,
1153 4044 1262 4125 quanti
1286 4044 1354 4106 eius
1376 4063 1490 4105 nomen
1514 4042 1644 4124 putetis.

403 4160 432 4207 sp
527 4134 731 4198 xxxiiia.
755 4137 816 4199 Sed
839 4136 891 4199 bic
913 4138 1042 4220 quidem
1066 4137 1153 4199 locus
1169 4137 1313 4199 concludi
1337 4137 1398 4198 iam
1414 4144 1526 4218 potest.
1558 4137 1635 4197 Nam
1651 4135 1679 4198 si
1695 4135 1773 4198 stul·

441 4230 509 4293 titia
532 4250 688 4293 consensu
712 4232 852 4293 omnium
877 4231 1138 4313 pbilosophorum
1162 4231 1261 4292 maius
1284 4239 1332 4292 est
1355 4230 1484 4302 malum,
1509 4249 1602 4312 quam
1624 4228 1649 4291 si
1667 4229 1772 4292 omnia

442 4325 523 4387 mala
546 4335 577 4386 ot
599 4324 744 4387 fortunae
768 4334 799 4386 et
821 4325 962 4408 corporis
985 4344 1024 4385 ex
1044 4326 1141 4386 altera
1159 4334 1247 4406 parte
1264 4332 1437 4405 ponantur,
1461 4322 1648 4404 sapientiam
1665 4330 1772 4384 autem

441 4437 535 4480 nemo
566 4418 766 4501 adsequitur,
795 4421 827 4481 in
856 4419 986 4480 summis
1017 4418 1107 4480 malis
1138 4438 1246 4479 omries
1278 4437 1402 4487 sumus,
1426 4417 1540 4499 quibus
1564 4435 1620 4477 vos
1642 4425 1773 4497 optume

442 4513 620 4575 consultum
642 4533 658 4573 a
682 4512 729 4573 dis
753 4513 973 4575 inmortalibus
996 4510 1110 4573 dicitis.
1147 4513 1223 4573 Nam
1248 4519 1282 4571 ut
1297 4511 1372 4570 nibil
1388 4511 1534 4583 interest,
1556 4517 1661 4571 utrum
1679 4527 1772 4571 nemo

404 4606 545 4673 asvaleat
575 4626 614 4668 an
645 4627 737 4669 nemo
766 4609 867 4689 possit
895 4608 1014 4677 valere,
1043 4605 1088 4666 sic
1117 4625 1182 4666 non
1210 4604 1360 4684 intellego
1384 4603 1461 4685 quid
1494 4604 1637 4677 intersit,
1667 4611 1771 4666 utrum

442 4719 536 4761 nemo
565 4700 605 4761 sit
635 4701 760 4784 sapiens
783 4721 821 4762 an
844 4720 937 4762 nemo
961 4719 1030 4760 esse
1054 4700 1165 4780 possit.
1198 4701 1242 4759 Ac
1265 4717 1321 4759 nos
1345 4698 1474 4779 quidem
1496 4699 1589 4760 nimis
1611 4698 1712 4761 multa
1733 4699 1772 4760 de

509 4987 533 5037 t.
551 4992 574 5036 st
590 4987 637 5035 sibi
653 4987 751 5047 quidem
768 4987 836 5040 AC:
855 4987 899 5034 etsi
916 4987 1015 5049 quidem
1032 4986 1051 5034 E
1067 5014 1092 5021 -
1113 4986 1136 5034 8.
1157 4988 1177 5033 si
1196 4999 1264 5035 corr.
1279 5000 1313 5035 m.
1328 4999 1382 5036 sec.
1398 5000 1430 5035 ex
1447 4987 1488 5035 sed
1500 4986 1533 5041 V;
1554 4986 1595 5034 sed
1612 4986 1631 5035 Β
1653 5012 1678 5022 -
1698 4986 1774 5035 utam

443 5064 513 5111 tt-
530 5061 554 5110 9.
573 5064 612 5110 uis
628 5072 681 5109 om.
701 5058 731 5109 A*
751 5088 777 5097 -
797 5061 889 5108 dedisse
907 5061 954 5109 ΒΕ
973 5063 1041 5117 (ante
1061 5062 1174 5110 litteram
1193 5075 1297 5111 erasum
1316 5064 1342 5123 ll]
1359 5089 1385 5099 —
1406 5062 1445 5111 ts.
1462 5062 1543 5122 potuit
1560 5073 1630 5110 corr.
1644 5074 1676 5109 er
1692 5061 1774 5122 posuit

442 5140 510 5187 Α-
530 5148 587 5185 cum
611 5138 637 5184 in
656 5149 747 5185 rasura
766 5139 800 5189 A:
823 5150 897 5197 quom
921 5138 1002 5196 (corr.
1023 5150 1058 5185 m.
1079 5151 1134 5186 sec.
1155 5139 1179 5185 in
1200 5143 1268 5198 cum)
1289 5139 1308 5185 V
1329 5166 1355 5174 -
1381 5138 1419 5188 tr.
1439 5144 1483 5186 aut
1503 5136 1540 5187 tt:
1565 5143 1610 5186 uut
1626 5142 1655 5186 ut
1672 5136 1723 5186 olii.
1743 5163 1769 5172 -

444 5214 571 5270 riuum,
593 5212 753 5273 Hippolytum
770 5212 918 5261 Priscianus
936 5211 989 5268 vlt,
1009 5212 1032 5268 5,
1053 5211 1093 5258 to.
1116 5239 1141 5246 —
1162 5213 1201 5261 ti.
1223 5214 1252 5261 tlt
1270 5214 1406 5262 Davisius:
1429 5215 1461 5262 Et
1478 5210 1530 5262 ilO
1550 5239 1575 5247 -
1595 5216 1656 5262 esset
1673 5210 1773 5260 Madvi-

443 5285 650 5352 gius:estt10.
670 5286 734 5335 Vide
753 5286 786 5335 ad
805 5300 829 5334 v.
844 5287 883 5334 20.
900 5313 924 5321 -
946 5286 985 5334 ⁴8.
1004 5288 1026 5334 is
1042 5289 1076 5336 A:
1096 5286 1133 5333 liis
1149 5288 1168 5334 P
1187 5314 1213 5323 -
1234 5288 1273 5336 to.
1290 5302 1361 5348 posse
1379 5301 1447 5337 corr.
1463 5288 1487 5337 in
1504 5293 1583 5347 posset
1600 5287 1619 5335 B
1641 5313 1663 5323 -
1686 5282 1773 5335 cccm-

443 5364 485 5413 bos
506 5362 587 5414 ARV
606 5388 634 5399 -
658 5363 699 5410 20.
718 5362 787 5409 scola
810 5361 859 5409 EV
883 5388 910 5397 -
933 5374 1038 5421 prorsus
1059 5374 1121 5409 corr
1149 5375 1181 5409 ex
1195 5365 1336 5422 prossusV
1357 5390 1383 5399 -
1406 5363 1427 5410 si
1444 5362 1772 5423 qui-›interpreturmtur

442 5438 495 5490 del.
514 5437 668 5500 Madvigius.
694 5436 789 5485 «Vides
811 5434 913 5485 sublata
936 5436 1119 5492 adnotatione,
1143 5449 1210 5498 quae
1229 5450 1243 5485 e
1262 5438 1380 5498 margine
1402 5437 1519 5500 irrepsit,
1544 5447 1625 5498 quarn
1643 5437 1704 5498 opta
1721 5438 1773 5485 siut

442 5516 540 5564 omnia.
566 5512 691 5574 Vulgatae
714 5513 863 5573 scripturae
884 5513 944 5559 vitia
968 5524 1019 5560 non
1043 5524 1192 5573 persequor
1209 5512 1240 5573 (si
1257 5525 1343 5560 verum
1361 5517 1405 5560 est
1417 5524 1568 5571 --prorsus
1588 5516 1730 5570 praestaret
1747 5513 1773 5559 el

443 5587 638 5651 tautologiam:
663 5587 696 5636 de
719 5587 895 5636 adnotationis
913 5599 1010 5648 genere
1030 5586 1063 5634 ci.
1083 5584 1117 5633 ad
1136 5586 1189 5633 Cic.
1210 5585 1243 5634 de
1262 5587 1315 5634 Fin.
1336 5586 1356 5632 V
1373 5585 1388 5648 5
1405 5587 1432 5634 tl
1456 5599 1480 5648 p.
1497 5586 1553 5634 650.
1573 5586 1670 5647 Opusc.
1690 5583 1771 5635 Acud.

443 5677 469 5728 p.
484 5664 558 5714 tta·
576 5663 686 5713 Accedit
702 5660 774 5725 quod
789 5673 893 5723 prorsus
910 5661 1071 5723 interpositis
1090 5659 1178 5707 verbis
1196 5659 1337 5709 durissime
1355 5673 1369 5707 a
1387 5658 1471 5708 verbo
1489 5667 1571 5708 tacere
1587 5658 1729 5710 divellitur.
1744 5686 1770 5695 -

442 5740 483 5790 rt.
500 5738 791 5803 porucrroepiolorumh
804 5762 828 5770 -
847 5737 1049 5797 ptttosoptomm
1061 5762 1074 5770 -
1084 5762 1097 5770 -
1110 5736 1153 5797 qui
1170 5747 1195 5783 sc
1212 5748 1264 5783 om.
1281 5737 1299 5783 C
1316 5762 1339 5771 -
1356 5736 1546 5796 disputationem
1564 5733 1603 5785 il:
1622 5736 1774 5797 disputatio·

442 5830 485 5866 ms
501 5817 521 5864 0
535 5840 562 5851 -
576 5815 616 5863 tt.
634 5812 788 5875 philosophos
806 5810 956 5860 Lambinus.
970 5836 996 5845 -
1016 5812 1106 5868 isitii,
1125 5809 1162 5857 bis
1180 5811 1207 5868 Ρ,
1225 5810 1311 5869 biisV,
1329 5811 1374 5870 ips
1392 5810 1450 5860 E·
1471 5809 1511 5859 tt.
1531 5810 1590 5858 duri
1607 5810 1774 5872 &tamquam

443 5892 492 5942 PV
506 5916 532 5926 -
551 5892 592 5940 25.
611 5891 732 5938 meratius
748 5890 825 5948 (corr.
839 5890 864 5934 iu
883 5887 1026 5935 temeratius
1037 5886 1065 5945 C)
1083 5891 1225 5933 sumturum
1240 5886 1290 5934 AC
1306 5911 1332 5920 -
1346 5885 1387 5934 26.
1404 5885 1565 5947 prouidentia
1581 5898 1650 5934 corr.
1665 5886 1692 5935 iu
1707 5899 1774 5947 pru-

443 5966 527 6015 dentio
544 5965 604 6013 V-
622 5965 663 6015 tt.
681 5964 872 6028 ropromdmdu
887 5964 924 6023 et,
942 5962 1113 6025 repressiones
1130 5960 1191 6008 V-
1210 5961 1232 6010 is
1248 5960 1282 6018 Α;
1303 5960 1340 6008 bis
1356 5957 1414 6010 B¹P
1430 5986 1457 5997 -
1474 5959 1515 6011 29.
1534 5972 1625 6010 omnm
1642 5960 1773 6015 Damius.
