4342 7459
710 1234 779 1298 rm.
799 1233 825 1298 1.
854 1233 928 1300 car».
951 1233 1142 1297 nur-nv.
1169 1230 1216 1316 §s
1239 1228 1428 1297 tro-rao.
1675 1231 1739 1299 ora

407 1399 595 1478 praeparato
607 1393 723 1456 animo
744 1413 817 1458 cunr
838 1394 931 1457 bonis
953 1391 1209 1477 cogitationibus,
1230 1400 1297 1459 tum
1311 1395 1406 1458 rebus
1420 1395 1462 1458 ad
1477 1395 1738 1479 tranquillitatem

408 1485 672 1562 adcommodatis,
695 1496 779 1551 certa
801 1494 833 1549 et
853 1507 929 1551 vera
950 1490 1052 1551 cernit
1072 1490 1106 1552 in
1129 1490 1264 1562 somnis,
1288 1490 1332 1552 sic
1354 1497 1458 1553 castus
1479 1490 1603 1553 animus
1624 1511 1740 1573 purus·

409 1601 474 1666 que
494 1580 655 1665 vigilantis
683 1590 715 1644 et
742 1581 783 1644 ad
810 1589 968 1646 astrorum
996 1584 1090 1646 etad
1112 1584 1218 1647 arium
1240 1583 1503 1667 reliquorumque
1524 1583 1687 1666 signorum
1708 1591 1740 1649 et

408 1676 449 1741 ad
471 1677 618 1740 'extorum
640 1676 806 1740 veritatem
828 1685 877 1745 est
898 1677 1048 1761 paratior.

456 1809 458 1814 -
492 1771 572 1833 LIV.
595 1766 667 1832 lae.
690 1769 758 1832 lloc
780 1770 929 1833 nimirum
952 1778 1000 1833 cst
1022 1768 1119 1841 illud,
1142 1769 1227 1852 quod
1244 1769 1285 1832 de
1301 1770 1429 1833 Socrate
1444 1772 1623 1854 accepimus
1637 1773 1764 1857 quod-r

408 1884 473 1949 que
494 1864 535 1928 ab
556 1866 628 1946 ipso
649 1865 684 1926 in
707 1863 795 1926 libris
812 1865 1043 1927 Socraticorum
1065 1883 1162 1945 saepe
1184 1864 1310 1938 dicitur,
1332 1883 1402 1926 esse
1418 1865 1561 1929 divinum
1578 1866 1741 1948 quiddam,

409 1957 497 2043 qued
519 1957 693 2040 δαιμόνιον
715 1958 865 2039 appellat,
889 1960 940 2021 cui
962 1979 1089 2041 semper
1109 1959 1180 2039 ipse
1195 1958 1351 2040 paruerit,
1366 1978 1539 2042 numquam
1554 1960 1741 2042 impellenti,

408 2072 505 2135 saepe
525 2052 700 2115 revocanti.
738 2054 779 2115 Et
801 2052 947 2115 Socrates
969 2052 1098 2134 quidem
1120 2086 1162 2097 -
1184 2070 1250 2133 qno
1272 2071 1368 2133 quem
1392 2060 1552 2115 auctorem
1575 2055 1741 2117 meliorem

408 2147 615 2232 quaerimus?
648 2180 689 2193 —·
732 2146 939 2230 Xenophonti
977 2146 1157 2208 consulenti
1191 2155 1419 2228 sequereturne
1453 2146 1592 2230 Cyrum,
1629 2157 1741 2229 postea

408 2261 503 2327 qnam
535 2243 684 2324 exposuit
715 2260 798 2322 quae
830 2241 891 2322 ipsi
922 2240 1129 2314 videbantur,
1170 2241 1235 2304 «Et
1263 2248 1406 2302 nostrum
1436 2241 1592 2322 quidemn
1636 2241 1779 2325 inquitis

410 2338 602 2400 «humanum
636 2347 685 2398 est
717 2335 907 2408 consilium,
944 2333 999 2395 sed
1034 2333 1074 2396 de
1106 2334 1202 2397 rebus
1236 2343 1268 2397 el
1300 2334 1445 2396 obscuris
1476 2337 1509 2397 et
1540 2333 1740 2405 incertis·ad

409 2430 589 2513 Apollinem
611 2449 727 2492 censeo
750 2427 990 2500 relemndum,u
1015 2428 1056 2490 ad
1085 2447 1179 2509 quern
1203 2428 1296 2491 etiam
1319 2429 1531 2492 Athenienses
1551 2429 1679 2511 publice
1700 2428 1741 2492 ds

409 2525 580 2588 maioribus
612 2523 707 2586 rebus
740 2543 868 2604 semper
895 2523 1097 2585 rettulerunt.
1155 2518 1226 2583 l23.
1260 2523 1419 2605 Scriptum
1453 2530 1504 2585 est
1534 2524 1632 2598 item,
1668 2544 1740 2586 cnm

411 2618 547 2682 Critonis
582 2617 631 2680 sni
667 2617 831 2680 familiaris
868 2617 995 2678 oculum
1032 2616 1195 2696 alligatum
1231 2617 1391 2691 vidisset,
1434 2617 1631 2699 quaesivisse
1663 2615 1742 2700 quid

410 2720 513 2775 essetr
550 2732 622 2774 cum
656 2720 761 2774 antem
794 2709 849 2773 ille
881 2710 1099 2793 respondisset
1130 2710 1163 2771 in
1192 2729 1269 2793 agro
1295 2710 1471 2773 ambulanti
1501 2710 1656 2772 ramulum
1686 2708 1780 2771 adso

410 2804 560 2879 ductum,
591 2812 627 2867 ut
647 2804 801 2867 remissus
824 2811 928 2875 esset,
961 2804 995 2865 in
1018 2804 1145 2867 oculum
1168 2824 1259 2866 suum
1281 2804 1453 2878 recidisse,
1487 2812 1553 2867 tum
1575 2804 1741 2867 Socratesr

412 2900 504 2960 «Non
537 2900 622 2961 enim
654 2897 787 2981 paruisti
818 2896 895 2958 mihi
926 2898 1110 2971 revocanti,
1144 2917 1215 2958 cnm
1242 2906 1350 2960 uterer
1375 2917 1438 2978 qua
1465 2897 1555 2960 soleo
1581 2896 1743 2979 praesagi·

409 2994 495 3056 tione
523 2991 663 3053 divina.»
711 2991 799 3053 ldem
828 2991 923 3052 etiam
950 2990 1114 3062 Socrates,
1144 3010 1216 3052 curn
1243 2991 1328 3073 apud
1355 2991 1483 3053 Delium
1510 2989 1592 3077 mole
1619 3010 1743 3072 pugna·

409 3096 474 3151 tam
508 3094 594 3149 esset
622 3085 759 3149 Lacbete
788 3091 935 3167 praetore
961 3084 1148 3166 fugeretque
1182 3104 1253 3146 curn
1282 3086 1354 3166 ipso
1376 3084 1528 3157 Lachete,
1557 3091 1593 3147 ut
1614 3091 1743 3146 ventum

409 3191 458 3245 est
479 3182 512 3243 in
534 3180 680 3252 trivium,
711 3178 822 3240 eadem
852 3198 915 3261 qua
942 3179 1039 3240 ceteri
1069 3177 1179 3260 lugere
1210 3178 1325 3240 noluit.
1368 3177 1492 3252 Quibus
1514 3177 1781 3260 quaerentibusro

409 3294 466 3338 cnr
487 3294 551 3336 non
574 3275 686 3336 eadem
708 3273 758 3334 ria
780 3279 943 3356 pergeret,
975 3270 1128 3334 deterreri
1150 3290 1187 3333 se
1208 3289 1227 3332 a
1249 3271 1310 3333 deo
1333 3271 1433 3343 dixin
1463 3292 1534 3334 cum
1556 3272 1686 3353 quidem
1708 3271 1743 3346 ii,

409 3369 464 3451 qui
487 3367 551 3430 alia
573 3367 625 3429 via
646 3366 809 3449 ingerant,
837 3368 869 3428 in
890 3365 1031 3427 bostium
1054 3363 1231 3446 equitatum
1253 3364 1445 3428 inciderunt.
1487 3366 1646 3429 Permulta
1667 3383 1743 3429 con-

409 3463 490 3526 lecta
512 3470 587 3524 sont
607 3461 648 3523 ab
665 3462 850 3542 Antipatro,
874 3478 956 3542 quae
979 3458 1166 3521 mirabiliter
1183 3475 1206 3519 a
1228 3458 1358 3520 Socrate
1380 3457 1521 3522 divinata
1542 3468 1633 3522 sunt:
1659 3478 1742 3542 quae

409 3555 675 3639 praetermittam
703 3554 760 3616 tibi
783 3554 869 3616 enim
891 3560 968 3615 nota
990 3559 1078 3625 sunt,
1107 3550 1183 3614 mibi
1205 3551 1245 3614 ad
1268 3553 1578 3615 commemorandum
1598 3572 1664 3615 noa
1686 3572 1743 3616 ne·
1843 3546 1851 3561 ⁶

409 3649 556 3714 cessaria.
600 3644 672 3710 iil.
695 3648 777 3710 lllud
801 3657 904 3710 umen
924 3648 993 3709 eius
1010 3644 1191 3728 pbilosophi
1205 3642 1405 3727 maqnilicum
1421 3666 1457 3709 ac
1472 3665 1574 3730 paene
1589 3646 1782 3724 dirissimas

410 3744 510 3826 quod,
533 3742 733 3826 cumimpiis
756 3741 922 3805 sententiis
945 3741 1113 3802 damnatus
1135 3745 1236 3812 esset,
1257 3739 1452 3823 aequissimo
1475 3741 1581 3803 animo
1604 3760 1639 3804 se
1661 3742 1745 3826 dixit

409 3837 507 3900 mori:
530 3855 636 3920 neque
659 3836 744 3898 enim
766 3834 861 3897 domo
883 3834 1058 3915 egredienti
1079 3850 1186 3913 neque
1208 3831 1287 3894 illud
1310 3840 1506 3914 suggestum,
1528 3834 1561 3895 in
1583 3852 1647 3917 quo
1669 3851 1744 3898 cau·

409 3951 477 3996 sam
500 3930 635 4003 dixerat,
656 3929 851 4002 ascendenti,
874 3928 998 4010 signum
1021 3925 1083 3989 sibi
1106 3924 1205 3988 ullum
1229 3926 1317 4008 quod
1338 3934 1526 3990 consuesset
1539 3948 1558 3990 a
1572 3930 1634 3993 deo
1651 3930 1743 4013 quasi

411 4025 487 4089 mali
509 4024 644 4087 alicuius
666 4022 870 4106 inpendentis
892 4021 1011 4084 datum.

495 4119 559 4180 LV.
582 4116 740 4201 Equidem
763 4116 809 4177 sic
831 4116 983 4189 arbitror,
1007 4117 1101 4178 etiam
1124 4116 1150 4178 si
1173 4114 1270 4178 multa
1292 4114 1405 4179 fallant
1426 4134 1498 4189 eos,
1520 4117 1577 4199 qui
1600 4124 1655 4179 aut
1675 4123 1782 4179 artero

410 4221 467 4276 aut
493 4213 675 4275 coniectura
703 4210 849 4272 divinare
877 4210 1064 4282 videantur,
1094 4228 1164 4271 esse
1194 4216 1299 4271 tamen
1322 4208 1568 4273 divinationem:
1598 4209 1744 4273 homines

410 4317 516 4369 autem
546 4315 581 4368 ut
609 4307 641 4367 in
666 4304 781 4367 ceteris
803 4303 939 4376 artibus,
969 4304 1015 4365 sic
1038 4303 1070 4364 in
1093 4302 1155 4365 bac
1175 4323 1269 4385 posse
1290 4302 1369 4365 falli.
1414 4305 1522 4366 Potest
1543 4304 1687 4366 accidere
1710 4311 1745 4366 ut

410 4398 540 4484 aliquod
570 4400 696 4481 signum
727 4397 823 4458 dubie
851 4396 958 4459 (latum
984 4418 1042 4478 pro
1071 4405 1158 4459 certo
1188 4398 1230 4458 sit
1260 4405 1447 4480 acceptum,
1480 4404 1586 4481 potest
1614 4396 1744 4479 aliquod

411 4494 541 4557 latuisse
569 4501 624 4555 aut
645 4492 750 4573 ipsum
774 4499 828 4553 aut
850 4491 936 4573 quod
960 4497 1044 4552 esset
1065 4490 1113 4552 illi
1136 4490 1339 4553 contrarium.
1384 4490 1461 4553 llibi
1483 4500 1587 4554 autom
1609 4490 1651 4553 ad
1672 4490 1743 4565 hoe,

411 4588 451 4650 de
473 4607 538 4671 quo
560 4587 701 4669 disputo,
730 4586 932 4668 probandum
955 4586 1029 4647 satis
1052 4591 1102 4647 est
1128 4604 1193 4645 non
1216 4584 1312 4646 modo
1335 4585 1439 4667 plura,
1469 4584 1525 4647 sed
1549 4584 1645 4646 etiam
1667 4600 1782 4666 pau-ao

411 4682 497 4744 ciora
520 4679 625 4743 divine
648 4698 817 4763 praesensa
840 4687 872 4741 et
893 4679 1058 4761 praedicta
1078 4678 1223 4759 reperiri.
1271 4674 1343 4740 425.
1373 4678 1458 4753 Quin
1481 4679 1575 4743 etiam
1597 4679 1659 4741 boc
1680 4699 1744 4743 non

411 4775 559 4840 dubitans
582 4772 737 4846 dixerim,
772 4774 799 4835 si
826 4793 923 4835 unum
954 4772 1074 4854 aliquid
1104 4773 1148 4834 ita
1176 4771 1217 4835 sit
1246 4772 1442 4853 praedictum
1465 4792 1745 4856 praesensumque,

478 5037 502 5085 4.
520 5048 576 5084 cum
589 5038 747 5096 praeparato
764 5035 849 5082 animo
866 5032 935 5081 bonis
952 5033 1091 5094 Hottinger
1109 5057 1136 5067 -
1155 5036 1209 5081 tum
1224 5030 1298 5082 rebus
1314 5046 1368 5081 orn.
1382 5032 1404 5080 V
1417 5058 1443 5069 -
1462 5033 1487 5083 4.
1500 5038 1584 5083 canet
1601 5033 1744 5085 Lambinus

413 5119 440 5149 '-
459 5110 484 5162 3.
503 5116 526 5159 st
542 5111 576 5159 od
592 5112 678 5159 ovium
695 5114 718 5158 et
735 5110 769 5159 od
784 5114 903 5158 extorum
918 5110 1122 5169 reliquorumque
1138 5107 1268 5170 siquomm
1289 5109 1439 5171 llottingor,
1457 5107 1529 5159 haud
1546 5109 1602 5159 scio
1619 5121 1653 5158 an
1670 5112 1745 5159 recto

414 5214 441 5224 -
460 5187 485 5236 7.
504 5186 635 5235 demontoo
651 5185 740 5245 ABV,
765 5184 892 5233 &mooli
919 5207 945 5219 -
970 5183 995 5231 9.
1014 5183 1108 5242 Curam
1125 5182 1204 5233 codd.
1223 5182 1289 5233 dett.
1307 5182 1421 5245 aliquot:
1446 5185 1577 5245 micum
1594 5185 1628 5241 c,
1654 5189 1678 5234 ot
1692 5186 1746 5245 inas

411 5262 505 5323 (tumn
522 5261 691 5311 Camerarius
718 5287 745 5298 -·
774 5262 814 5311 40.
833 5260 881 5321 ipsi
898 5259 933 5308 C:
957 5259 979 5308 ei
996 5256 1108 5315 Salisb.,
1126 5257 1172 5306 sibi
1189 5259 1209 5307 0
1237 5285 1264 5294 -
1291 5263 1315 5307 et
1336 5271 1389 5308 om.
1409 5258 1469 5308 cod.
1488 5258 1598 5321 Rehdig.
1618 5260 1646 5306 ut
1663 5256 1746 5307 voluit

412 5338 550 5399 llottinger
568 5362 595 5371 -
614 5335 703 5396 inquid
714 5335 758 5385 ΑΗ
778 5361 806 5371 -
826 5336 866 5384 tt.
885 5335 959 5398 prins
975 5339 998 5383 et
1015 5346 1069 5383 om.
1083 5330 1140 5383 B²tl
1160 5360 1187 5370 -
1207 5333 1247 5383 li.
1266 5333 1411 5394 resonatur
1427 5335 1464 5392 B,
1481 5334 1639 5397 reserandum
1651 5333 1699 5383 ilO
1711 5357 1744 5373 -

412 5413 452 5463 43.
470 5412 590 5461 amotos
606 5407 637 5459 a!
651 5435 678 5446 -
702 5416 737 5460 est
754 5422 808 5460 orn.
828 5410 849 5459 Η
868 5435 895 5445 -
922 5408 962 5458 tl.
980 5410 1082 5458 uidisset
1098 5408 1232 5472 adipatum
1247 5422 1312 5470 quoe
1327 5410 1403 5471 tirum
1419 5410 1519 5469 qoidll
1541 5434 1569 5445 -
1594 5407 1745 5469 quaesivisse

412 5489 472 5551 qnid
488 5492 550 5537 esset
566 5487 653 5536 om.A
681 5510 708 5519 -
738 5484 776 5533 47.
793 5487 987 5548 promotione
1005 5484 1042 5542 C,
1066 5486 1094 5532 at
1111 5483 1144 5533 cl.
1164 5483 1221 5545 §66
1245 5509 1272 5519 -
1301 5485 1340 5535 48.
1357 5485 1476 5533 duculum
1493 5485 1513 5534 C
1537 5508 1565 5519 -
1594 5482 1634 5531 49.
1652 5482 1743 5542 ipaoll

412 5576 471 5627 sup.
490 5562 535 5612 lin.
560 5586 586 5597 ·-
615 5560 656 5609 it.
675 5571 693 5607 o
709 5559 754 5609 deo
770 5573 795 5610 ss
812 5560 834 5610 Η
852 5585 879 5596 -
904 5573 962 5608 cum
979 5561 1013 5608 C:
1032 5564 1087 5608 tam
1103 5559 1132 5607 0.
1163 5559 1260 5609 «Recte
1278 5558 1357 5609 codd.
1376 5558 1501 5610 meliores
1517 5571 1595 5620 quum
1610 5557 1744 5619 qaidoutt

413 5640 438 5701 (4.
453 5652 476 5687 e.
496 5650 550 5701 qno
567 5635 676 5699 quidem
694 5636 710 5683 44
728 5637 857 5698 tempore)
875 5635 1071 5684 --iucideruot
1100 5634 1160 5683 Tum
1177 5635 1276 5694 quidem
1297 5634 1359 5685 terri
1382 5648 1435 5685 non
1457 5636 1559 5697 potest;
1577 5639 1601 5682 st
1616 5637 1670 5682 tom
1686 5632 1745 5695 qui-

413 5715 468 5764 dem
484 5715 519 5762 ita
537 5712 681 5768 diceretur,
700 5713 730 5759 ut
746 5708 820 5771 pluro
838 5714 980 5775 expectare
998 5708 1082 5760 lector
1098 5708 1236 5759 iuberetur
1252 5709 1286 5760 de
1304 5709 1473 5760 eademne.»
1491 5710 1599 5758 Manno.
1613 5733 1640 5745 -
1659 5709 1685 5757 34
1701 5711 1746 5772 qut

414 5789 434 5841 C
454 5813 481 5823 -
499 5788 541 5837 tt.
559 5786 671 5836 coaucta
688 5787 716 5835 P.
730 5786 861 5837 Victorius
879 5786 947 5849 (Ver.
961 5784 1033 5835 lectt.
1045 5785 1121 5847 ml:
1139 5786 1286 5836 coniectae
1306 5810 1333 5820 —
1352 5784 1393 5834 46.
1411 5796 1438 5833 ao
1454 5783 1540 5833 omv
1559 5809 1587 5820 -
1605 5784 1646 5833 27.
1665 5797 1745 5847 seque

414 5865 480 5915 sirim
496 5864 560 5913 illud
576 5863 595 5912 B
613 5863 648 5925 (in
665 5864 687 5911 Α
704 5874 782 5922 oeque
799 5874 858 5925 sup.
871 5860 927 5925 lin.)
947 5887 975 5898 -
995 5861 1036 5912 30.
1053 5861 1090 5911 sic
1107 5861 1196 5911 omli
1215 5886 1243 5896 -
1262 5860 1303 5912 ³2.
1320 5860 1348 5909 to
1364 5860 1438 5909 certis
1454 5860 1516 5911 il-
1536 5858 1577 5909 33.
1589 5857 1743 5912 dubietatum

412 5952 460 6004 pro
477 5939 499 5990 Η
517 5962 545 5974 -
571 5936 612 5987 36.
631 5939 721 5988 dicim
737 5935 769 5987 v¹
787 5963 814 5974 -
839 5939 921 6001 repert
937 5938 960 5989 44
977 5962 1005 5974 -
1028 5937 1070 5988 34.
1084 5937 1379 6001 prosdmrsn--eodot
1394 5935 1416 5986 V
1431 5948 1470 5989 m.
1487 5948 1529 6003 pr.
1546 5936 1573 5988 in
1589 5948 1676 6003 mars.
