<?xml version="1.0" encoding="UTF-8"?>
<!DOCTYPE html PUBLIC "-//W3C//DTD XHTML 1.0 Transitional//EN"
    "http://www.w3.org/TR/xhtml1/DTD/xhtml1-transitional.dtd">
<html xmlns="http://www.w3.org/1999/xhtml" xml:lang="en" lang="en">
 <head>
  <title>
</title>
<meta http-equiv="Content-Type" content="text/html;charset=utf-8" />
  <meta name='ocr-system' content='tesseract 3.04.00' />
  <meta name='ocr-capabilities' content='ocr_page ocr_carea ocr_par ocr_line ocrx_word'/>
</head>
<body>
  <div class='ocr_page' id='page_1' title='image "./operaquaesupers00halmgoog/operaquaesupers00halmgoog_0387.png"; bbox 0 0 4342 7459; ppageno 0'>
   <div class='ocr_carea' id='block_1_1' title="bbox 837 1247 1760 1335">
    <p class='ocr_par' dir='ltr' id='par_1_1' title="bbox 837 1247 1760 1335">
     <span class='ocr_line' id='line_1_1' title="bbox 837 1247 1760 1335; baseline -0.004 -17"><span class='ocrx_word' id='word_1_1' title='bbox 837 1254 905 1318; x_wconf 77' lang='lat' dir='ltr'>m.</span> <span class='ocrx_word' id='word_1_2' title='bbox 927 1251 952 1315; x_wconf 88' lang='lat'>1.</span> <span class='ocrx_word' id='word_1_3' title='bbox 981 1250 1056 1317; x_wconf 71' lang='lat' dir='ltr'>on.</span> <span class='ocrx_word' id='word_1_4' title='bbox 1078 1249 1186 1315; x_wconf 82' lang='lat' dir='ltr'>r-rt</span> <span class='ocrx_word' id='word_1_5' title='bbox 1211 1248 1258 1335; x_wconf 67' lang='lat'>55</span> <span class='ocrx_word' id='word_1_6' title='bbox 1280 1247 1382 1315; x_wconf 74' lang='lat' dir='ltr'>s-s.</span> <span class='ocrx_word' id='word_1_7' title='bbox 1703 1247 1760 1316; x_wconf 81' lang='lat' dir='ltr'>art</span> 
     </span>
    </p>
   </div>
   <div class='ocr_carea' id='block_1_2' title="bbox 297 1410 1883 4599">
    <p class='ocr_par' dir='ltr' id='par_1_2' title="bbox 297 1410 1803 1704">
     <span class='ocr_line' id='line_1_2' title="bbox 430 1410 1766 1488; baseline -0.001 -10"><span class='ocrx_word' id='word_1_8' title='bbox 430 1413 596 1488; x_wconf 77' lang='lat' dir='ltr'>censione,</span> <span class='ocrx_word' id='word_1_9' title='bbox 628 1420 666 1478; x_wconf 89' lang='lat' dir='ltr'>ut</span> <span class='ocrx_word' id='word_1_10' title='bbox 693 1432 804 1477; x_wconf 89' lang='lat' dir='ltr'>eorum</span> <span class='ocrx_word' id='word_1_11' title='bbox 831 1412 1000 1477; x_wconf 89' lang='lat' dir='ltr'>molestum</span> <span class='ocrx_word' id='word_1_12' title='bbox 1030 1413 1073 1477; x_wconf 88' lang='lat' dir='ltr'>sit</span> <span class='ocrx_word' id='word_1_13' title='bbox 1100 1413 1300 1477; x_wconf 89' lang='lat' dir='ltr'>dinumerare</span> <span class='ocrx_word' id='word_1_14' title='bbox 1329 1411 1513 1475; x_wconf 87' lang='lat' dir='ltr'>sententias.</span> <span class='ocrx_word' id='word_1_15' title='bbox 1556 1412 1636 1475; x_wconf 81' lang='lat' dir='ltr'>llam</span> <span class='ocrx_word' id='word_1_16' title='bbox 1664 1418 1697 1475; x_wconf 91' lang='lat' dir='ltr'>et</span> <span class='ocrx_word' id='word_1_17' title='bbox 1725 1410 1766 1476; x_wconf 89' lang='lat' dir='ltr'>de</span> 
     </span>
     <span class='ocr_line' id='line_1_3' title="bbox 430 1503 1766 1592; baseline -0.003 -21"><span class='ocrx_word' id='word_1_18' title='bbox 430 1508 541 1591; x_wconf 66' lang='lat' dir='ltr'>liparis</span> <span class='ocrx_word' id='word_1_19' title='bbox 564 1508 696 1572; x_wconf 87' lang='lat' dir='ltr'>deorum</span> <span class='ocrx_word' id='word_1_20' title='bbox 719 1515 752 1571; x_wconf 93' lang='lat' dir='ltr'>et</span> <span class='ocrx_word' id='word_1_21' title='bbox 774 1506 814 1570; x_wconf 91' lang='lat' dir='ltr'>de</span> <span class='ocrx_word' id='word_1_22' title='bbox 836 1507 916 1570; x_wconf 90' lang='lat' dir='ltr'>locis</span> <span class='ocrx_word' id='word_1_23' title='bbox 938 1516 1035 1592; x_wconf 88' lang='lat' dir='ltr'>atque</span> <span class='ocrx_word' id='word_1_24' title='bbox 1059 1506 1188 1571; x_wconf 89' lang='lat' dir='ltr'>sedibus</span> <span class='ocrx_word' id='word_1_25' title='bbox 1211 1514 1243 1570; x_wconf 90' lang='lat' dir='ltr'>et</span> <span class='ocrx_word' id='word_1_26' title='bbox 1256 1506 1382 1570; x_wconf 88' lang='lat' dir='ltr'>actione</span> <span class='ocrx_word' id='word_1_27' title='bbox 1397 1506 1480 1591; x_wconf 76' lang='lat' dir='ltr'>ritae</span> <span class='ocrx_word' id='word_1_28' title='bbox 1495 1505 1594 1568; x_wconf 89' lang='lat' dir='ltr'>multa</span> <span class='ocrx_word' id='word_1_29' title='bbox 1608 1503 1766 1577; x_wconf 87' lang='lat' dir='ltr'>dicuntur,</span> 
     </span>
     <span class='ocr_line' id='line_1_4' title="bbox 297 1599 1803 1704; baseline -0.003 -39"><span class='ocrx_word' id='word_1_30' title='bbox 297 1605 304 1620; x_wconf 88' lang='lat'>’</span> <span class='ocrx_word' id='word_1_31' title='bbox 431 1602 536 1704; x_wconf 66' lang='lat' dir='ltr'>degne</span> <span class='ocrx_word' id='word_1_32' title='bbox 557 1603 597 1667; x_wconf 90' lang='lat' dir='ltr'>iis</span> <span class='ocrx_word' id='word_1_33' title='bbox 611 1621 735 1666; x_wconf 89' lang='lat' dir='ltr'>summa</span> <span class='ocrx_word' id='word_1_34' title='bbox 756 1600 1019 1685; x_wconf 89' lang='lat' dir='ltr'>philosophorum</span> <span class='ocrx_word' id='word_1_35' title='bbox 1047 1600 1246 1664; x_wconf 77' lang='lat' dir='ltr'>dissensione</span> <span class='ocrx_word' id='word_1_36' title='bbox 1260 1607 1415 1663; x_wconf 85' lang='lat' dir='ltr'>certatur:</span> <span class='ocrx_word' id='word_1_37' title='bbox 1437 1601 1524 1683; x_wconf 86' lang='lat' dir='ltr'>quod</span> <span class='ocrx_word' id='word_1_38' title='bbox 1539 1618 1615 1664; x_wconf 77' lang='lat' dir='ltr'>vero</span> <span class='ocrx_word' id='word_1_39' title='bbox 1630 1599 1767 1663; x_wconf 85' lang='lat' dir='ltr'>maxime</span> <span class='ocrx_word' id='word_1_40' title='bbox 1799 1635 1803 1644; x_wconf 92' lang='lat'>·</span> 
     </span>
    </p>

    <p class='ocr_par' dir='ltr' id='par_1_3' title="bbox 404 1672 1883 4599">
     <span class='ocr_line' id='line_1_5' title="bbox 404 1672 1769 1781; baseline -0.004 -20"><span class='ocrx_word' id='word_1_41' title='bbox 404 1672 713 1781; x_wconf 31' lang='grc' dir='ltr'>μ’ἱὸιιιἙίῗίῐιῑέιίῇιο</span> <span class='ocrx_word' id='word_1_42' title='bbox 734 1696 890 1771; x_wconf 85' lang='lat' dir='ltr'>continet,</span> <span class='ocrx_word' id='word_1_43' title='bbox 912 1704 1018 1760; x_wconf 88' lang='lat' dir='ltr'>utrum</span> <span class='ocrx_word' id='word_1_44' title='bbox 1040 1695 1123 1761; x_wconf 93' lang='lat' dir='ltr'>nihil</span> <span class='ocrx_word' id='word_1_45' title='bbox 1145 1704 1252 1777; x_wconf 76' lang='lat' dir='ltr'>agant,</span> <span class='ocrx_word' id='word_1_46' title='bbox 1276 1694 1356 1759; x_wconf 92' lang='lat' dir='ltr'>nibil</span> <span class='ocrx_word' id='word_1_47' title='bbox 1374 1694 1554 1768; x_wconf 88' lang='lat' dir='ltr'>moliantur,</span> <span class='ocrx_word' id='word_1_48' title='bbox 1576 1694 1662 1756; x_wconf 91' lang='lat' dir='ltr'>omni</span> <span class='ocrx_word' id='word_1_49' title='bbox 1677 1711 1769 1757; x_wconf 88' lang='lat' dir='ltr'>cura·</span> 
     </span>
     <span class='ocr_line' id='line_1_6' title="bbox 432 1784 1791 1870; baseline -0.004 -16"><span class='ocrx_word' id='word_1_50' title='bbox 432 1791 521 1854; x_wconf 91' lang='lat' dir='ltr'>tione</span> <span class='ocrx_word' id='word_1_51' title='bbox 547 1797 580 1853; x_wconf 93' lang='lat' dir='ltr'>et</span> <span class='ocrx_word' id='word_1_52' title='bbox 607 1789 881 1856; x_wconf 74' lang='lat' dir='ltr'>administratione</span> <span class='ocrx_word' id='word_1_53' title='bbox 909 1809 1015 1854; x_wconf 78' lang='lat' dir='ltr'>renim</span> <span class='ocrx_word' id='word_1_54' title='bbox 1037 1796 1168 1864; x_wconf 87' lang='lat' dir='ltr'>vacent,</span> <span class='ocrx_word' id='word_1_55' title='bbox 1199 1807 1240 1852; x_wconf 90' lang='lat' dir='ltr'>au</span> <span class='ocrx_word' id='word_1_56' title='bbox 1262 1796 1372 1853; x_wconf 80' lang='lat' dir='ltr'>contm</span> <span class='ocrx_word' id='word_1_57' title='bbox 1393 1784 1495 1851; x_wconf 90' lang='lat' dir='ltr'>abiis</span> <span class='ocrx_word' id='word_1_58' title='bbox 1516 1793 1588 1849; x_wconf 92' lang='lat' dir='ltr'>eta</span> <span class='ocrx_word' id='word_1_59' title='bbox 1609 1786 1791 1870; x_wconf 77' lang='lat' dir='ltr'>principiot</span> 
     </span>
     <span class='ocr_line' id='line_1_7' title="bbox 432 1878 1768 1972; baseline -0.004 -24"><span class='ocrx_word' id='word_1_60' title='bbox 432 1884 539 1948; x_wconf 88' lang='lat' dir='ltr'>omnia</span> <span class='ocrx_word' id='word_1_61' title='bbox 559 1883 642 1948; x_wconf 80' lang='lat' dir='ltr'>faeta</span> <span class='ocrx_word' id='word_1_62' title='bbox 663 1892 696 1947; x_wconf 90' lang='lat' dir='ltr'>et</span> <span class='ocrx_word' id='word_1_63' title='bbox 716 1885 889 1948; x_wconf 84' lang='lat' dir='ltr'>constituta</span> <span class='ocrx_word' id='word_1_64' title='bbox 911 1885 977 1948; x_wconf 90' lang='lat' dir='ltr'>siut</span> <span class='ocrx_word' id='word_1_65' title='bbox 997 1892 1030 1947; x_wconf 92' lang='lat' dir='ltr'>et</span> <span class='ocrx_word' id='word_1_66' title='bbox 1050 1882 1092 1946; x_wconf 92' lang='lat' dir='ltr'>ad</span> <span class='ocrx_word' id='word_1_67' title='bbox 1115 1878 1576 1972; x_wconf 72' lang='lat' dir='ltr'>inlinitumtempusregantur</span> <span class='ocrx_word' id='word_1_68' title='bbox 1589 1888 1686 1964; x_wconf 86' lang='lat' dir='ltr'>atque</span> <span class='ocrx_word' id='word_1_69' title='bbox 1700 1899 1768 1943; x_wconf 87' lang='lat' dir='ltr'>mo-</span> 
     </span>
     <span class='ocr_line' id='line_1_8' title="bbox 432 1965 1767 2061; baseline -0.001 -22"><span class='ocrx_word' id='word_1_70' title='bbox 432 1983 575 2052; x_wconf 82' lang='lat' dir='ltr'>veantur,</span> <span class='ocrx_word' id='word_1_71' title='bbox 596 1977 630 2040; x_wconf 91' lang='lat' dir='ltr'>in</span> <span class='ocrx_word' id='word_1_72' title='bbox 651 1977 764 2061; x_wconf 87' lang='lat' dir='ltr'>primis</span> <span class='ocrx_word' id='word_1_73' title='bbox 784 1996 899 2060; x_wconf 77' lang='lat' dir='ltr'>magna</span> <span class='ocrx_word' id='word_1_74' title='bbox 915 1977 1072 2042; x_wconf 84' lang='lat' dir='ltr'>dissensio</span> <span class='ocrx_word' id='word_1_75' title='bbox 1088 1983 1151 2049; x_wconf 90' lang='lat' dir='ltr'>est,</span> <span class='ocrx_word' id='word_1_76' title='bbox 1174 1985 1276 2060; x_wconf 82' lang='lat' dir='ltr'>eaque</span> <span class='ocrx_word' id='word_1_77' title='bbox 1291 1976 1353 2040; x_wconf 90' lang='lat' dir='ltr'>nisi</span> <span class='ocrx_word' id='word_1_78' title='bbox 1369 1965 1573 2049; x_wconf 80' lang='lat' dir='ltr'>diiudicatur,</span> <span class='ocrx_word' id='word_1_79' title='bbox 1595 1974 1627 2037; x_wconf 91' lang='lat' dir='ltr'>in</span> <span class='ocrx_word' id='word_1_80' title='bbox 1644 1993 1767 2038; x_wconf 88' lang='lat' dir='ltr'>summo</span> 
     </span>
     <span class='ocr_line' id='line_1_9' title="bbox 431 2069 1768 2155; baseline -0.001 -22"><span class='ocrx_word' id='word_1_81' title='bbox 431 2088 541 2134; x_wconf 89' lang='lat' dir='ltr'>errore</span> <span class='ocrx_word' id='word_1_82' title='bbox 562 2090 694 2135; x_wconf 85' lang='lat' dir='ltr'>necesse</span> <span class='ocrx_word' id='word_1_83' title='bbox 716 2081 766 2137; x_wconf 91' lang='lat' dir='ltr'>est</span> <span class='ocrx_word' id='word_1_84' title='bbox 785 2070 931 2135; x_wconf 90' lang='lat' dir='ltr'>homiues</span> <span class='ocrx_word' id='word_1_85' title='bbox 954 2081 1052 2155; x_wconf 83' lang='lat' dir='ltr'>atque</span> <span class='ocrx_word' id='word_1_86' title='bbox 1073 2071 1109 2133; x_wconf 92' lang='lat' dir='ltr'>in</span> <span class='ocrx_word' id='word_1_87' title='bbox 1130 2070 1339 2133; x_wconf 84' lang='lat' dir='ltr'>maximarum</span> <span class='ocrx_word' id='word_1_88' title='bbox 1361 2087 1468 2133; x_wconf 90' lang='lat' dir='ltr'>rerum</span> <span class='ocrx_word' id='word_1_89' title='bbox 1482 2069 1683 2152; x_wconf 70' lang='lat' dir='ltr'>ignoratione</span> <span class='ocrx_word' id='word_1_90' title='bbox 1698 2088 1768 2132; x_wconf 86' lang='lat' dir='ltr'>ver·</span> 
     </span>
     <span class='ocr_line' id='line_1_10' title="bbox 432 2161 1768 2250; baseline -0.001 -23"><span class='ocrx_word' id='word_1_91' title='bbox 432 2167 506 2228; x_wconf 90' lang='lat' dir='ltr'>sari.</span> <span class='ocrx_word' id='word_1_92' title='bbox 550 2166 589 2227; x_wconf 78' lang='lat'>11.</span> <span class='ocrx_word' id='word_1_93' title='bbox 610 2161 642 2227; x_wconf 84' lang='grc'>3.</span> <span class='ocrx_word' id='word_1_94' title='bbox 665 2165 746 2228; x_wconf 90' lang='lat' dir='ltr'>Sunt</span> <span class='ocrx_word' id='word_1_95' title='bbox 767 2168 851 2229; x_wconf 90' lang='lat' dir='ltr'>enim</span> <span class='ocrx_word' id='word_1_96' title='bbox 874 2163 1056 2250; x_wconf 80' lang='lat' dir='ltr'>philosophi</span> <span class='ocrx_word' id='word_1_97' title='bbox 1078 2171 1112 2227; x_wconf 90' lang='lat' dir='ltr'>et</span> <span class='ocrx_word' id='word_1_98' title='bbox 1131 2162 1274 2239; x_wconf 68' lang='lat' dir='ltr'>sumunt,</span> <span class='ocrx_word' id='word_1_99' title='bbox 1296 2162 1353 2247; x_wconf 84' lang='lat' dir='ltr'>qui</span> <span class='ocrx_word' id='word_1_100' title='bbox 1369 2163 1501 2227; x_wconf 91' lang='lat' dir='ltr'>omnino</span> <span class='ocrx_word' id='word_1_101' title='bbox 1515 2163 1636 2228; x_wconf 91' lang='lat' dir='ltr'>nullam</span> <span class='ocrx_word' id='word_1_102' title='bbox 1650 2163 1768 2227; x_wconf 83' lang='lat' dir='ltr'>habore</span> 
     </span>
     <span class='ocr_line' id='line_1_11' title="bbox 432 2256 1806 2343; baseline 0 -22"><span class='ocrx_word' id='word_1_103' title='bbox 432 2267 599 2323; x_wconf 89' lang='lat' dir='ltr'>censerent</span> <span class='ocrx_word' id='word_1_104' title='bbox 619 2277 726 2323; x_wconf 90' lang='lat' dir='ltr'>rerum</span> <span class='ocrx_word' id='word_1_105' title='bbox 748 2261 956 2323; x_wconf 86' lang='lat' dir='ltr'>humanarum</span> <span class='ocrx_word' id='word_1_106' title='bbox 978 2258 1236 2343; x_wconf 75' lang='lat' dir='ltr'>procurationem</span> <span class='ocrx_word' id='word_1_107' title='bbox 1258 2256 1348 2322; x_wconf 87' lang='lat' dir='ltr'>deos.</span> <span class='ocrx_word' id='word_1_108' title='bbox 1385 2258 1530 2334; x_wconf 82' lang='lat' dir='ltr'>Quorum</span> <span class='ocrx_word' id='word_1_109' title='bbox 1551 2259 1579 2321; x_wconf 91' lang='lat' dir='ltr'>si</span> <span class='ocrx_word' id='word_1_110' title='bbox 1600 2278 1675 2322; x_wconf 81' lang='lat' dir='ltr'>vera</span> <span class='ocrx_word' id='word_1_111' title='bbox 1697 2261 1806 2321; x_wconf 79' lang='lat' dir='ltr'>sen-⁴⁰</span> 
     </span>
     <span class='ocr_line' id='line_1_12' title="bbox 431 2350 1769 2438; baseline 0.001 -22"><span class='ocrx_word' id='word_1_112' title='bbox 431 2354 533 2417; x_wconf 87' lang='lat' dir='ltr'>tentia</span> <span class='ocrx_word' id='word_1_113' title='bbox 554 2361 617 2429; x_wconf 86' lang='lat' dir='ltr'>est,</span> <span class='ocrx_word' id='word_1_114' title='bbox 646 2372 730 2437; x_wconf 81' lang='lat' dir='ltr'>qnae</span> <span class='ocrx_word' id='word_1_115' title='bbox 751 2362 860 2438; x_wconf 90' lang='lat' dir='ltr'>potest</span> <span class='ocrx_word' id='word_1_116' title='bbox 881 2371 952 2418; x_wconf 85' lang='lat' dir='ltr'>esse</span> <span class='ocrx_word' id='word_1_117' title='bbox 973 2353 1093 2437; x_wconf 88' lang='lat' dir='ltr'>pietas,</span> <span class='ocrx_word' id='word_1_118' title='bbox 1123 2370 1206 2436; x_wconf 84' lang='lat' dir='ltr'>quae</span> <span class='ocrx_word' id='word_1_119' title='bbox 1229 2352 1392 2429; x_wconf 82' lang='lat' dir='ltr'>sanctitas,</span> <span class='ocrx_word' id='word_1_120' title='bbox 1414 2371 1497 2435; x_wconf 81' lang='lat' dir='ltr'>qnae</span> <span class='ocrx_word' id='word_1_121' title='bbox 1518 2350 1653 2437; x_wconf 72' lang='lat' dir='ltr'>religio?</span> <span class='ocrx_word' id='word_1_122' title='bbox 1683 2354 1769 2417; x_wconf 84' lang='lat' dir='ltr'>llaec</span> 
     </span>
     <span class='ocr_line' id='line_1_13' title="bbox 432 2444 1867 2532; baseline 0.002 -24"><span class='ocrx_word' id='word_1_123' title='bbox 432 2447 517 2509; x_wconf 89' lang='lat' dir='ltr'>enim</span> <span class='ocrx_word' id='word_1_124' title='bbox 539 2448 646 2511; x_wconf 89' lang='lat' dir='ltr'>omnia</span> <span class='ocrx_word' id='word_1_125' title='bbox 667 2468 746 2531; x_wconf 88' lang='lat' dir='ltr'>pure</span> <span class='ocrx_word' id='word_1_126' title='bbox 767 2457 866 2532; x_wconf 86' lang='lat' dir='ltr'>atque</span> <span class='ocrx_word' id='word_1_127' title='bbox 888 2456 974 2512; x_wconf 85' lang='lat' dir='ltr'>casta</span> <span class='ocrx_word' id='word_1_128' title='bbox 996 2447 1166 2511; x_wconf 85' lang='lat' dir='ltr'>tribuenda</span> <span class='ocrx_word' id='word_1_129' title='bbox 1186 2444 1320 2509; x_wconf 88' lang='lat' dir='ltr'>deorum</span> <span class='ocrx_word' id='word_1_130' title='bbox 1341 2446 1463 2510; x_wconf 87' lang='lat' dir='ltr'>numiui</span> <span class='ocrx_word' id='word_1_131' title='bbox 1485 2447 1529 2511; x_wconf 92' lang='lat' dir='ltr'>ita</span> <span class='ocrx_word' id='word_1_132' title='bbox 1547 2456 1636 2524; x_wconf 90' lang='lat' dir='ltr'>sunt,</span> <span class='ocrx_word' id='word_1_133' title='bbox 1658 2449 1685 2511; x_wconf 92' lang='lat' dir='ltr'>si</span> <span class='ocrx_word' id='word_1_134' title='bbox 1700 2448 1770 2511; x_wconf 93' lang='lat' dir='ltr'>ani·</span> <span class='ocrx_word' id='word_1_135' title='bbox 1865 2500 1867 2504; x_wconf 94' lang='lat'>.</span> 
     </span>
     <span class='ocr_line' id='line_1_14' title="bbox 432 2538 1769 2625; baseline 0 -22"><span class='ocrx_word' id='word_1_136' title='bbox 432 2538 672 2605; x_wconf 80' lang='lat' dir='ltr'>madvertuntar</span> <span class='ocrx_word' id='word_1_137' title='bbox 693 2542 735 2604; x_wconf 88' lang='lat' dir='ltr'>ab</span> <span class='ocrx_word' id='word_1_138' title='bbox 756 2541 796 2605; x_wconf 90' lang='lat' dir='ltr'>iis</span> <span class='ocrx_word' id='word_1_139' title='bbox 818 2549 852 2604; x_wconf 92' lang='lat' dir='ltr'>et</span> <span class='ocrx_word' id='word_1_140' title='bbox 872 2542 900 2605; x_wconf 91' lang='lat' dir='ltr'>si</span> <span class='ocrx_word' id='word_1_141' title='bbox 922 2549 972 2605; x_wconf 89' lang='lat' dir='ltr'>est</span> <span class='ocrx_word' id='word_1_142' title='bbox 990 2539 1112 2625; x_wconf 86' lang='lat' dir='ltr'>aliquid</span> <span class='ocrx_word' id='word_1_143' title='bbox 1127 2539 1231 2604; x_wconf 86' lang='lat' dir='ltr'>adeis</span> <span class='ocrx_word' id='word_1_144' title='bbox 1244 2540 1465 2605; x_wconf 78' lang='lat' dir='ltr'>inmortalibus</span> <span class='ocrx_word' id='word_1_145' title='bbox 1480 2540 1646 2605; x_wconf 89' lang='lat' dir='ltr'>bominum</span> <span class='ocrx_word' id='word_1_146' title='bbox 1661 2538 1769 2624; x_wconf 70' lang='lat' dir='ltr'>generi</span> 
     </span>
     <span class='ocr_line' id='line_1_15' title="bbox 431 2630 1770 2719; baseline 0.001 -22"><span class='ocrx_word' id='word_1_147' title='bbox 431 2630 594 2697; x_wconf 77' lang='lat' dir='ltr'>tributum</span> <span class='ocrx_word' id='word_1_148' title='bbox 631 2633 689 2698; x_wconf 90' lang='lat' dir='ltr'>Sin</span> <span class='ocrx_word' id='word_1_149' title='bbox 710 2644 816 2698; x_wconf 88' lang='lat' dir='ltr'>autem</span> <span class='ocrx_word' id='word_1_150' title='bbox 838 2634 891 2698; x_wconf 89' lang='lat' dir='ltr'>dei</span> <span class='ocrx_word' id='word_1_151' title='bbox 913 2654 1020 2719; x_wconf 82' lang='lat' dir='ltr'>neque</span> <span class='ocrx_word' id='word_1_152' title='bbox 1041 2642 1175 2718; x_wconf 85' lang='lat' dir='ltr'>possunt</span> <span class='ocrx_word' id='word_1_153' title='bbox 1195 2654 1254 2699; x_wconf 90' lang='lat' dir='ltr'>nos</span> <span class='ocrx_word' id='word_1_154' title='bbox 1274 2635 1386 2699; x_wconf 81' lang='lat' dir='ltr'>iurare</span> <span class='ocrx_word' id='word_1_155' title='bbox 1406 2654 1466 2698; x_wconf 89' lang='lat' dir='ltr'>nec</span> <span class='ocrx_word' id='word_1_156' title='bbox 1487 2635 1601 2699; x_wconf 85' lang='lat' dir='ltr'>volunt</span> <span class='ocrx_word' id='word_1_157' title='bbox 1621 2655 1680 2699; x_wconf 92' lang='lat' dir='ltr'>nec</span> <span class='ocrx_word' id='word_1_158' title='bbox 1701 2654 1770 2698; x_wconf 84' lang='lat' dir='ltr'>ona·</span> 
     </span>
     <span class='ocr_line' id='line_1_16' title="bbox 432 2727 1807 2813; baseline 0.004 -23"><span class='ocrx_word' id='word_1_159' title='bbox 432 2728 508 2791; x_wconf 87' lang='lat' dir='ltr'>nino</span> <span class='ocrx_word' id='word_1_160' title='bbox 536 2737 650 2791; x_wconf 87' lang='lat' dir='ltr'>curant</span> <span class='ocrx_word' id='word_1_161' title='bbox 678 2748 740 2792; x_wconf 92' lang='lat' dir='ltr'>nec</span> <span class='ocrx_word' id='word_1_162' title='bbox 768 2727 846 2813; x_wconf 88' lang='lat' dir='ltr'>quid</span> <span class='ocrx_word' id='word_1_163' title='bbox 875 2747 1007 2811; x_wconf 71' lang='lat' dir='ltr'>agamus</span> <span class='ocrx_word' id='word_1_164' title='bbox 1035 2728 1292 2793; x_wconf 80' lang='lat' dir='ltr'>animadvertunt</span> <span class='ocrx_word' id='word_1_165' title='bbox 1317 2748 1377 2794; x_wconf 89' lang='lat' dir='ltr'>nec</span> <span class='ocrx_word' id='word_1_166' title='bbox 1405 2737 1468 2805; x_wconf 89' lang='lat' dir='ltr'>est,</span> <span class='ocrx_word' id='word_1_167' title='bbox 1498 2730 1586 2813; x_wconf 82' lang='lat' dir='ltr'>quod</span> <span class='ocrx_word' id='word_1_168' title='bbox 1608 2730 1708 2795; x_wconf 90' lang='lat' dir='ltr'>abiis</span> <span class='ocrx_word' id='word_1_169' title='bbox 1730 2729 1807 2795; x_wconf 82' lang='lat' dir='ltr'>adso</span> 
     </span>
     <span class='ocr_line' id='line_1_17' title="bbox 432 2822 1770 2908; baseline 0.001 -22"><span class='ocrx_word' id='word_1_170' title='bbox 432 2822 597 2886; x_wconf 86' lang='lat' dir='ltr'>bominum</span> <span class='ocrx_word' id='word_1_171' title='bbox 618 2824 716 2887; x_wconf 81' lang='lat' dir='ltr'>vitam</span> <span class='ocrx_word' id='word_1_172' title='bbox 737 2840 922 2907; x_wconf 83' lang='lat' dir='ltr'>permanare</span> <span class='ocrx_word' id='word_1_173' title='bbox 943 2823 1062 2907; x_wconf 85' lang='lat' dir='ltr'>possit,</span> <span class='ocrx_word' id='word_1_174' title='bbox 1084 2822 1162 2905; x_wconf 87' lang='lat' dir='ltr'>quid</span> <span class='ocrx_word' id='word_1_175' title='bbox 1185 2831 1235 2886; x_wconf 92' lang='lat' dir='ltr'>est</span> <span class='ocrx_word' id='word_1_176' title='bbox 1257 2823 1344 2908; x_wconf 85' lang='lat' dir='ltr'>quod</span> <span class='ocrx_word' id='word_1_177' title='bbox 1362 2823 1447 2887; x_wconf 91' lang='lat' dir='ltr'>ullos</span> <span class='ocrx_word' id='word_1_178' title='bbox 1461 2822 1531 2888; x_wconf 90' lang='lat' dir='ltr'>deis</span> <span class='ocrx_word' id='word_1_179' title='bbox 1549 2823 1770 2887; x_wconf 80' lang='lat' dir='ltr'>inmortalibus</span> 
     </span>
     <span class='ocr_line' id='line_1_18' title="bbox 433 2915 1769 3000; baseline 0 -21"><span class='ocrx_word' id='word_1_180' title='bbox 433 2916 552 2991; x_wconf 82' lang='lat' dir='ltr'>cultus,</span> <span class='ocrx_word' id='word_1_181' title='bbox 574 2915 730 2990; x_wconf 88' lang='lat' dir='ltr'>bonores,</span> <span class='ocrx_word' id='word_1_182' title='bbox 752 2936 864 3000; x_wconf 85' lang='lat' dir='ltr'>preces</span> <span class='ocrx_word' id='word_1_183' title='bbox 880 2916 1111 2980; x_wconf 73' lang='lat' dir='ltr'>adhibeamus?</span> <span class='ocrx_word' id='word_1_184' title='bbox 1142 2916 1178 2980; x_wconf 95' lang='lat' dir='ltr'>ln</span> <span class='ocrx_word' id='word_1_185' title='bbox 1197 2917 1304 3000; x_wconf 88' lang='lat' dir='ltr'>specie</span> <span class='ocrx_word' id='word_1_186' title='bbox 1318 2925 1423 2981; x_wconf 87' lang='lat' dir='ltr'>autem</span> <span class='ocrx_word' id='word_1_187' title='bbox 1437 2916 1531 2981; x_wconf 88' lang='lat' dir='ltr'>fictae</span> <span class='ocrx_word' id='word_1_188' title='bbox 1545 2915 1769 2991; x_wconf 86' lang='lat' dir='ltr'>simulationis,</span> 
     </span>
     <span class='ocr_line' id='line_1_19' title="bbox 433 3009 1769 3094; baseline -0.001 -20"><span class='ocrx_word' id='word_1_189' title='bbox 433 3010 515 3075; x_wconf 82' lang='lat' dir='ltr'>siout</span> <span class='ocrx_word' id='word_1_190' title='bbox 541 3010 687 3094; x_wconf 79' lang='lat' dir='ltr'>reliquae</span> <span class='ocrx_word' id='word_1_191' title='bbox 709 3011 858 3085; x_wconf 84' lang='lat' dir='ltr'>virtutes,</span> <span class='ocrx_word' id='word_1_192' title='bbox 890 3011 967 3074; x_wconf 91' lang='lat' dir='ltr'>item</span> <span class='ocrx_word' id='word_1_193' title='bbox 995 3009 1098 3092; x_wconf 92' lang='lat' dir='ltr'>pietas</span> <span class='ocrx_word' id='word_1_194' title='bbox 1127 3009 1234 3074; x_wconf 85' lang='lat' dir='ltr'>inesse</span> <span class='ocrx_word' id='word_1_195' title='bbox 1255 3030 1320 3073; x_wconf 92' lang='lat' dir='ltr'>non</span> <span class='ocrx_word' id='word_1_196' title='bbox 1342 3018 1465 3094; x_wconf 88' lang='lat' dir='ltr'>potest,</span> <span class='ocrx_word' id='word_1_197' title='bbox 1481 3031 1565 3074; x_wconf 54' lang='lat' dir='ltr'>*cum</span> <span class='ocrx_word' id='word_1_198' title='bbox 1588 3030 1652 3094; x_wconf 84' lang='lat' dir='ltr'>qua</span> <span class='ocrx_word' id='word_1_199' title='bbox 1673 3009 1769 3073; x_wconf 88' lang='lat' dir='ltr'>simul</span> 
     </span>
     <span class='ocr_line' id='line_1_20' title="bbox 433 3102 1769 3188; baseline 0 -21"><span class='ocrx_word' id='word_1_200' title='bbox 433 3103 632 3168; x_wconf 80' lang='lat' dir='ltr'>sanedtatem</span> <span class='ocrx_word' id='word_1_201' title='bbox 662 3112 695 3167; x_wconf 88' lang='lat' dir='ltr'>et</span> <span class='ocrx_word' id='word_1_202' title='bbox 722 3104 910 3188; x_wconf 75' lang='lat' dir='ltr'>religionem</span> <span class='ocrx_word' id='word_1_203' title='bbox 940 3102 1009 3166; x_wconf 93' lang='lat' dir='ltr'>tolli</span> <span class='ocrx_word' id='word_1_204' title='bbox 1031 3120 1164 3166; x_wconf 86' lang='lat' dir='ltr'>necesse</span> <span class='ocrx_word' id='word_1_205' title='bbox 1187 3110 1250 3177; x_wconf 90' lang='lat' dir='ltr'>est,</span> <span class='ocrx_word' id='word_1_206' title='bbox 1280 3104 1396 3186; x_wconf 79' lang='lat' dir='ltr'>quibus</span> <span class='ocrx_word' id='word_1_207' title='bbox 1418 3102 1551 3168; x_wconf 89' lang='lat' dir='ltr'>sublatis</span> <span class='ocrx_word' id='word_1_208' title='bbox 1572 3103 1769 3187; x_wconf 80' lang='lat' dir='ltr'>perturbatio</span> 
     </span>
     <span class='ocr_line' id='line_1_21' title="bbox 431 3191 1883 3308; baseline 0 -46"><span class='ocrx_word' id='word_1_209' title='bbox 431 3197 517 3262; x_wconf 86' lang='lat' dir='ltr'>ritae</span> <span class='ocrx_word' id='word_1_210' title='bbox 538 3198 683 3282; x_wconf 79' lang='lat' dir='ltr'>sequitur</span> <span class='ocrx_word' id='word_1_211' title='bbox 704 3205 736 3261; x_wconf 90' lang='lat' dir='ltr'>et</span> <span class='ocrx_word' id='word_1_212' title='bbox 757 3217 872 3281; x_wconf 69' lang='lat' dir='ltr'>magna</span> <span class='ocrx_word' id='word_1_213' title='bbox 893 3196 1050 3261; x_wconf 78' lang='lat' dir='ltr'>confusio.</span> <span class='ocrx_word' id='word_1_214' title='bbox 1087 3192 1120 3258; x_wconf 83' lang='grc'>4.</span> <span class='ocrx_word' id='word_1_215' title='bbox 1144 3198 1249 3280; x_wconf 77' lang='lat' dir='ltr'>Atque</span> <span class='ocrx_word' id='word_1_216' title='bbox 1271 3195 1357 3260; x_wconf 86' lang='lat' dir='ltr'>hand</span> <span class='ocrx_word' id='word_1_217' title='bbox 1379 3198 1446 3261; x_wconf 91' lang='lat' dir='ltr'>scio</span> <span class='ocrx_word' id='word_1_218' title='bbox 1468 3199 1643 3281; x_wconf 88' lang='lat' dir='ltr'>anpietate</span> <span class='ocrx_word' id='word_1_219' title='bbox 1657 3197 1807 3265; x_wconf 70' lang='lat' dir='ltr'>anaema</span> <span class='ocrx_word' id='word_1_220' title='bbox 1830 3217 1839 3308; x_wconf 62' lang='lat' dir='ltr'>p</span> <span class='ocrx_word' id='word_1_221' title='bbox 1866 3191 1883 3262; x_wconf 76' lang='lat' dir='ltr'>l</span> 
     </span>
     <span class='ocr_line' id='line_1_22' title="bbox 431 3288 1770 3373; baseline -0.001 -17"><span class='ocrx_word' id='word_1_222' title='bbox 431 3311 486 3357; x_wconf 84' lang='lat' dir='ltr'>aas</span> <span class='ocrx_word' id='word_1_223' title='bbox 507 3291 587 3355; x_wconf 89' lang='lat' dir='ltr'>deos</span> <span class='ocrx_word' id='word_1_224' title='bbox 607 3290 732 3356; x_wconf 85' lang='lat' dir='ltr'>sublata</span> <span class='ocrx_word' id='word_1_225' title='bbox 753 3288 831 3355; x_wconf 86' lang='lat' dir='ltr'>tides</span> <span class='ocrx_word' id='word_1_226' title='bbox 854 3292 948 3355; x_wconf 75' lang='lat' dir='ltr'>edam</span> <span class='ocrx_word' id='word_1_227' title='bbox 970 3296 1004 3353; x_wconf 91' lang='lat' dir='ltr'>et</span> <span class='ocrx_word' id='word_1_228' title='bbox 1024 3290 1162 3354; x_wconf 86' lang='lat' dir='ltr'>societas</span> <span class='ocrx_word' id='word_1_229' title='bbox 1184 3292 1309 3373; x_wconf 76' lang='lat' dir='ltr'>generis</span> <span class='ocrx_word' id='word_1_230' title='bbox 1331 3289 1460 3355; x_wconf 89' lang='lat' dir='ltr'>bumani</span> <span class='ocrx_word' id='word_1_231' title='bbox 1483 3298 1515 3355; x_wconf 90' lang='lat' dir='ltr'>et</span> <span class='ocrx_word' id='word_1_232' title='bbox 1530 3311 1595 3356; x_wconf 88' lang='lat' dir='ltr'>una</span> <span class='ocrx_word' id='word_1_233' title='bbox 1609 3291 1770 3356; x_wconf 86' lang='lat' dir='ltr'>excellen-</span> 
     </span>
     <span class='ocr_line' id='line_1_23' title="bbox 431 3384 1770 3470; baseline 0.001 -21"><span class='ocrx_word' id='word_1_234' title='bbox 431 3386 551 3449; x_wconf 85' lang='lat' dir='ltr'>tissima</span> <span class='ocrx_word' id='word_1_235' title='bbox 571 3386 689 3461; x_wconf 79' lang='lat' dir='ltr'>virtus,</span> <span class='ocrx_word' id='word_1_236' title='bbox 716 3384 850 3459; x_wconf 85' lang='lat' dir='ltr'>iustitia,</span> <span class='ocrx_word' id='word_1_237' title='bbox 879 3384 1019 3448; x_wconf 89' lang='lat' dir='ltr'>tollatur.</span> <span class='ocrx_word' id='word_1_238' title='bbox 1057 3384 1139 3447; x_wconf 87' lang='lat' dir='ltr'>Sunt</span> <span class='ocrx_word' id='word_1_239' title='bbox 1160 3392 1266 3448; x_wconf 87' lang='lat' dir='ltr'>autem</span> <span class='ocrx_word' id='word_1_240' title='bbox 1288 3384 1344 3449; x_wconf 93' lang='lat' dir='ltr'>alii</span> <span class='ocrx_word' id='word_1_241' title='bbox 1364 3384 1565 3470; x_wconf 88' lang='lat' dir='ltr'>philosophi,</span> <span class='ocrx_word' id='word_1_242' title='bbox 1596 3393 1629 3449; x_wconf 90' lang='lat' dir='ltr'>et</span> <span class='ocrx_word' id='word_1_243' title='bbox 1652 3387 1677 3450; x_wconf 89' lang='lat' dir='ltr'>ii</span> <span class='ocrx_word' id='word_1_244' title='bbox 1698 3387 1770 3470; x_wconf 86' lang='lat' dir='ltr'>qni-</span> 
     </span>
     <span class='ocr_line' id='line_1_24' title="bbox 431 3476 1770 3563; baseline 0.002 -21"><span class='ocrx_word' id='word_1_245' title='bbox 431 3479 504 3543; x_wconf 89' lang='lat' dir='ltr'>dem</span> <span class='ocrx_word' id='word_1_246' title='bbox 526 3479 631 3562; x_wconf 71' lang='lat' dir='ltr'>magni</span> <span class='ocrx_word' id='word_1_247' title='bbox 653 3486 751 3563; x_wconf 80' lang='lat' dir='ltr'>atque</span> <span class='ocrx_word' id='word_1_248' title='bbox 772 3479 913 3553; x_wconf 91' lang='lat' dir='ltr'>nobiles,</span> <span class='ocrx_word' id='word_1_249' title='bbox 935 3478 991 3561; x_wconf 87' lang='lat' dir='ltr'>qui</span> <span class='ocrx_word' id='word_1_250' title='bbox 1015 3476 1148 3541; x_wconf 91' lang='lat' dir='ltr'>deorum</span> <span class='ocrx_word' id='word_1_251' title='bbox 1164 3486 1270 3541; x_wconf 92' lang='lat' dir='ltr'>mente</span> <span class='ocrx_word' id='word_1_252' title='bbox 1285 3485 1381 3563; x_wconf 83' lang='lat' dir='ltr'>atque</span> <span class='ocrx_word' id='word_1_253' title='bbox 1396 3482 1521 3545; x_wconf 88' lang='lat' dir='ltr'>ratione</span> <span class='ocrx_word' id='word_1_254' title='bbox 1536 3500 1663 3544; x_wconf 91' lang='lat' dir='ltr'>omnem</span> <span class='ocrx_word' id='word_1_255' title='bbox 1678 3500 1770 3545; x_wconf 88' lang='lat' dir='ltr'>mun·</span> 
     </span>
     <span class='ocr_line' id='line_1_25' title="bbox 432 3571 1769 3657; baseline 0.003 -22"><span class='ocrx_word' id='word_1_256' title='bbox 432 3572 507 3636; x_wconf 88' lang='lat' dir='ltr'>dum</span> <span class='ocrx_word' id='word_1_257' title='bbox 528 3571 744 3637; x_wconf 87' lang='lat' dir='ltr'>administrari</span> <span class='ocrx_word' id='word_1_258' title='bbox 767 3582 799 3636; x_wconf 89' lang='lat' dir='ltr'>et</span> <span class='ocrx_word' id='word_1_259' title='bbox 820 3572 887 3657; x_wconf 79' lang='lat' dir='ltr'>regi</span> <span class='ocrx_word' id='word_1_260' title='bbox 910 3579 1073 3647; x_wconf 81' lang='lat' dir='ltr'>censeant,</span> <span class='ocrx_word' id='word_1_261' title='bbox 1103 3592 1210 3657; x_wconf 87' lang='lat' dir='ltr'>neque</span> <span class='ocrx_word' id='word_1_262' title='bbox 1233 3589 1308 3636; x_wconf 82' lang='lat' dir='ltr'>vero</span> <span class='ocrx_word' id='word_1_263' title='bbox 1330 3573 1363 3636; x_wconf 90' lang='lat' dir='ltr'>id</span> <span class='ocrx_word' id='word_1_264' title='bbox 1386 3572 1504 3649; x_wconf 91' lang='lat' dir='ltr'>solum,</span> <span class='ocrx_word' id='word_1_265' title='bbox 1532 3574 1589 3639; x_wconf 87' lang='lat' dir='ltr'>sed</span> <span class='ocrx_word' id='word_1_266' title='bbox 1612 3575 1706 3639; x_wconf 90' lang='lat' dir='ltr'>etiam</span> <span class='ocrx_word' id='word_1_267' title='bbox 1728 3574 1769 3639; x_wconf 88' lang='lat' dir='ltr'>ab</span> 
     </span>
     <span class='ocr_line' id='line_1_26' title="bbox 432 3647 1805 3754; baseline 0.003 -24"><span class='ocrx_word' id='word_1_268' title='bbox 432 3666 533 3730; x_wconf 83' lang='lat' dir='ltr'>isdem</span> <span class='ocrx_word' id='word_1_269' title='bbox 562 3665 729 3731; x_wconf 91' lang='lat' dir='ltr'>bominum</span> <span class='ocrx_word' id='word_1_270' title='bbox 754 3647 859 3744; x_wconf 66' lang='lat' dir='ltr'>vitaes</span> <span class='ocrx_word' id='word_1_271' title='bbox 867 3665 991 3731; x_wconf 90' lang='lat' dir='ltr'>consuli</span> <span class='ocrx_word' id='word_1_272' title='bbox 1020 3675 1054 3730; x_wconf 91' lang='lat' dir='ltr'>et</span> <span class='ocrx_word' id='word_1_273' title='bbox 1081 3666 1262 3750; x_wconf 76' lang='lat' dir='ltr'>provideri3</span> <span class='ocrx_word' id='word_1_274' title='bbox 1295 3685 1370 3730; x_wconf 85' lang='lat' dir='ltr'>nam</span> <span class='ocrx_word' id='word_1_275' title='bbox 1398 3666 1558 3751; x_wconf 70' lang='lat' dir='ltr'>estsuper</span> <span class='ocrx_word' id='word_1_276' title='bbox 1579 3675 1612 3732; x_wconf 89' lang='lat' dir='ltr'>et</span> <span class='ocrx_word' id='word_1_277' title='bbox 1633 3669 1805 3754; x_wconf 59' lang='lat' dir='ltr'>reliquant</span> 
     </span>
     <span class='ocr_line' id='line_1_27' title="bbox 433 3755 1847 3847; baseline 0.002 -22"><span class='ocrx_word' id='word_1_278' title='bbox 433 3779 517 3845; x_wconf 87' lang='lat' dir='ltr'>quas</span> <span class='ocrx_word' id='word_1_279' title='bbox 538 3768 623 3824; x_wconf 87' lang='lat' dir='ltr'>terra</span> <span class='ocrx_word' id='word_1_280' title='bbox 645 3760 763 3844; x_wconf 85' lang='lat' dir='ltr'>pariat,</span> <span class='ocrx_word' id='word_1_281' title='bbox 792 3767 825 3823; x_wconf 89' lang='lat' dir='ltr'>et</span> <span class='ocrx_word' id='word_1_282' title='bbox 851 3766 1055 3843; x_wconf 86' lang='lat' dir='ltr'>tempestates</span> <span class='ocrx_word' id='word_1_283' title='bbox 1082 3780 1121 3825; x_wconf 87' lang='lat' dir='ltr'>ae</span> <span class='ocrx_word' id='word_1_284' title='bbox 1142 3768 1322 3843; x_wconf 89' lang='lat' dir='ltr'>temporum</span> <span class='ocrx_word' id='word_1_285' title='bbox 1342 3760 1511 3826; x_wconf 72' lang='lat' dir='ltr'>mdetates</span> <span class='ocrx_word' id='word_1_286' title='bbox 1532 3763 1677 3847; x_wconf 86' lang='lat' dir='ltr'>caelique</span> <span class='ocrx_word' id='word_1_287' title='bbox 1699 3783 1767 3828; x_wconf 91' lang='lat' dir='ltr'>mn·</span> <span class='ocrx_word' id='word_1_288' title='bbox 1820 3755 1847 3780; x_wconf 74' lang='lat'><strong><em>‘</em></strong></span> 
     </span>
     <span class='ocr_line' id='line_1_28' title="bbox 432 3854 1768 3939; baseline 0.002 -20"><span class='ocrx_word' id='word_1_289' title='bbox 432 3856 583 3931; x_wconf 87' lang='lat' dir='ltr'>tationes,</span> <span class='ocrx_word' id='word_1_290' title='bbox 613 3854 730 3939; x_wconf 76' lang='lat' dir='ltr'>quibus</span> <span class='ocrx_word' id='word_1_291' title='bbox 758 3856 881 3929; x_wconf 91' lang='lat' dir='ltr'>omnia,</span> <span class='ocrx_word' id='word_1_292' title='bbox 910 3875 993 3938; x_wconf 83' lang='lat' dir='ltr'>quae</span> <span class='ocrx_word' id='word_1_293' title='bbox 1020 3862 1104 3919; x_wconf 88' lang='lat' dir='ltr'>terra</span> <span class='ocrx_word' id='word_1_294' title='bbox 1131 3855 1255 3938; x_wconf 72' lang='lat' dir='ltr'>gignat,</span> <span class='ocrx_word' id='word_1_295' title='bbox 1282 3861 1438 3919; x_wconf 87' lang='lat' dir='ltr'>maturata</span> <span class='ocrx_word' id='word_1_296' title='bbox 1458 3855 1650 3939; x_wconf 77' lang='lat' dir='ltr'>pubescant,</span> <span class='ocrx_word' id='word_1_297' title='bbox 1678 3858 1768 3923; x_wconf 87' lang='lat' dir='ltr'>adis</span> 
     </span>
     <span class='ocr_line' id='line_1_29' title="bbox 431 3947 1767 4037; baseline 0.002 -25"><span class='ocrx_word' id='word_1_298' title='bbox 431 3949 649 4013; x_wconf 66' lang='lat' dir='ltr'>inmutalibus</span> <span class='ocrx_word' id='word_1_299' title='bbox 670 3949 781 4012; x_wconf 82' lang='lat' dir='ltr'>tribui·</span> <span class='ocrx_word' id='word_1_300' title='bbox 795 3949 906 4037; x_wconf 74' lang='lat' dir='ltr'>generi</span> <span class='ocrx_word' id='word_1_301' title='bbox 927 3949 1068 4014; x_wconf 90' lang='lat' dir='ltr'>humano</span> <span class='ocrx_word' id='word_1_302' title='bbox 1090 3956 1221 4032; x_wconf 86' lang='lat' dir='ltr'>putant,</span> <span class='ocrx_word' id='word_1_303' title='bbox 1250 3947 1431 4032; x_wconf 82' lang='lat' dir='ltr'>multaque,</span> <span class='ocrx_word' id='word_1_304' title='bbox 1461 3968 1543 4033; x_wconf 85' lang='lat' dir='ltr'>quae</span> <span class='ocrx_word' id='word_1_305' title='bbox 1565 3949 1713 4015; x_wconf 86' lang='lat' dir='ltr'>dicentur</span> <span class='ocrx_word' id='word_1_306' title='bbox 1732 3952 1767 4015; x_wconf 90' lang='lat' dir='ltr'>in</span> 
     </span>
     <span class='ocr_line' id='line_1_30' title="bbox 430 4017 1767 4128; baseline 0.001 -21"><span class='ocrx_word' id='word_1_307' title='bbox 430 4042 481 4107; x_wconf 88' lang='lat' dir='ltr'>bis</span> <span class='ocrx_word' id='word_1_308' title='bbox 502 4043 609 4117; x_wconf 90' lang='lat' dir='ltr'>libris,</span> <span class='ocrx_word' id='word_1_309' title='bbox 632 4019 907 4128; x_wconf 61' lang='lat' dir='ltr'>colliguhi3&#39;quae</span> <span class='ocrx_word' id='word_1_310' title='bbox 930 4044 1007 4107; x_wconf 87' lang='lat' dir='ltr'>talia</span> <span class='ocrx_word' id='word_1_311' title='bbox 1028 4051 1116 4118; x_wconf 92' lang='lat' dir='ltr'>sunt,</span> <span class='ocrx_word' id='word_1_312' title='bbox 1138 4052 1175 4106; x_wconf 92' lang='lat' dir='ltr'>ut</span> <span class='ocrx_word' id='word_1_313' title='bbox 1196 4062 1234 4105; x_wconf 90' lang='lat' dir='ltr'>ea</span> <span class='ocrx_word' id='word_1_314' title='bbox 1256 4026 1401 4124; x_wconf 68' lang='lat' dir='ltr'>spernet</span> <span class='ocrx_word' id='word_1_315' title='bbox 1414 4017 1657 4109; x_wconf 54' lang='lat' dir='ltr'>temerabile</span> <span class='ocrx_word' id='word_1_316' title='bbox 1674 4064 1767 4109; x_wconf 81' lang='lat' dir='ltr'>nsum</span> 
     </span>
     <span class='ocr_line' id='line_1_31' title="bbox 430 4135 1804 4220; baseline 0.001 -19"><span class='ocrx_word' id='word_1_317' title='bbox 430 4137 594 4201; x_wconf 82' lang='lat' dir='ltr'>hominum</span> <span class='ocrx_word' id='word_1_318' title='bbox 623 4135 766 4200; x_wconf 83' lang='lat' dir='ltr'>fabricati</span> <span class='ocrx_word' id='word_1_319' title='bbox 797 4156 899 4220; x_wconf 89' lang='lat' dir='ltr'>paene</span> <span class='ocrx_word' id='word_1_320' title='bbox 925 4139 1106 4201; x_wconf 81' lang='lat' dir='ltr'>videantur.</span> <span class='ocrx_word' id='word_1_321' title='bbox 1143 4137 1259 4200; x_wconf 86' lang='lat' dir='ltr'>Contra</span> <span class='ocrx_word' id='word_1_322' title='bbox 1284 4154 1367 4219; x_wconf 87' lang='lat' dir='ltr'>quos</span> <span class='ocrx_word' id='word_1_323' title='bbox 1394 4136 1572 4201; x_wconf 85' lang='lat' dir='ltr'>Carneades</span> <span class='ocrx_word' id='word_1_324' title='bbox 1603 4140 1647 4202; x_wconf 84' lang='lat' dir='ltr'>ita</span> <span class='ocrx_word' id='word_1_325' title='bbox 1669 4138 1804 4204; x_wconf 81' lang='lat' dir='ltr'>multato</span> 
     </span>
     <span class='ocr_line' id='line_1_32' title="bbox 431 4227 1767 4316; baseline 0.002 -23"><span class='ocrx_word' id='word_1_326' title='bbox 431 4230 597 4304; x_wconf 88' lang='lat' dir='ltr'>disseruit,</span> <span class='ocrx_word' id='word_1_327' title='bbox 627 4238 664 4293; x_wconf 92' lang='lat' dir='ltr'>ut</span> <span class='ocrx_word' id='word_1_328' title='bbox 693 4230 848 4294; x_wconf 84' lang='lat' dir='ltr'>excitaret</span> <span class='ocrx_word' id='word_1_329' title='bbox 868 4232 1014 4295; x_wconf 89' lang='lat' dir='ltr'>homines</span> <span class='ocrx_word' id='word_1_330' title='bbox 1035 4251 1100 4293; x_wconf 90' lang='lat' dir='ltr'>non</span> <span class='ocrx_word' id='word_1_331' title='bbox 1123 4231 1272 4295; x_wconf 89' lang='lat' dir='ltr'>socordes</span> <span class='ocrx_word' id='word_1_332' title='bbox 1293 4227 1335 4291; x_wconf 91' lang='lat' dir='ltr'>ad</span> <span class='ocrx_word' id='word_1_333' title='bbox 1357 4230 1423 4293; x_wconf 84' lang='lat' dir='ltr'>veri</span> <span class='ocrx_word' id='word_1_334' title='bbox 1445 4231 1656 4313; x_wconf 80' lang='lat' dir='ltr'>investigandi</span> <span class='ocrx_word' id='word_1_335' title='bbox 1678 4233 1767 4316; x_wconf 87' lang='lat' dir='ltr'>cupi·</span> 
     </span>
     <span class='ocr_line' id='line_1_33' title="bbox 431 4322 1767 4408; baseline 0.002 -21"><span class='ocrx_word' id='word_1_336' title='bbox 431 4324 569 4389; x_wconf 87' lang='lat' dir='ltr'>ditatern.</span> <span class='ocrx_word' id='word_1_337' title='bbox 604 4322 634 4385; x_wconf 83' lang='lat'>5.</span> <span class='ocrx_word' id='word_1_338' title='bbox 657 4324 721 4388; x_wconf 84' lang='lat' dir='ltr'>Res</span> <span class='ocrx_word' id='word_1_339' title='bbox 743 4326 827 4387; x_wconf 90' lang='lat' dir='ltr'>enim</span> <span class='ocrx_word' id='word_1_340' title='bbox 850 4326 938 4389; x_wconf 92' lang='lat' dir='ltr'>nulla</span> <span class='ocrx_word' id='word_1_341' title='bbox 960 4333 1025 4398; x_wconf 90' lang='lat' dir='ltr'>est,</span> <span class='ocrx_word' id='word_1_342' title='bbox 1048 4324 1088 4386; x_wconf 90' lang='lat' dir='ltr'>da</span> <span class='ocrx_word' id='word_1_343' title='bbox 1111 4342 1175 4408; x_wconf 84' lang='lat' dir='ltr'>qua</span> <span class='ocrx_word' id='word_1_344' title='bbox 1197 4330 1284 4387; x_wconf 88' lang='lat' dir='ltr'>tauto</span> <span class='ocrx_word' id='word_1_345' title='bbox 1306 4341 1403 4405; x_wconf 86' lang='lat' dir='ltr'>opere</span> <span class='ocrx_word' id='word_1_346' title='bbox 1425 4343 1490 4386; x_wconf 94' lang='lat' dir='ltr'>non</span> <span class='ocrx_word' id='word_1_347' title='bbox 1512 4324 1614 4388; x_wconf 91' lang='lat' dir='ltr'>solum</span> <span class='ocrx_word' id='word_1_348' title='bbox 1636 4326 1767 4402; x_wconf 90' lang='lat' dir='ltr'>indocti,</span> 
     </span>
     <span class='ocr_line' id='line_1_34' title="bbox 431 4416 1768 4504; baseline 0.002 -23"><span class='ocrx_word' id='word_1_349' title='bbox 431 4418 486 4482; x_wconf 89' lang='lat' dir='ltr'>sed</span> <span class='ocrx_word' id='word_1_350' title='bbox 508 4418 605 4482; x_wconf 90' lang='lat' dir='ltr'>etiam</span> <span class='ocrx_word' id='word_1_351' title='bbox 629 4416 713 4481; x_wconf 90' lang='lat' dir='ltr'>docti</span> <span class='ocrx_word' id='word_1_352' title='bbox 737 4416 939 4495; x_wconf 87' lang='lat' dir='ltr'>dissentiant,</span> <span class='ocrx_word' id='word_1_353' title='bbox 961 4438 1100 4504; x_wconf 89' lang='lat' dir='ltr'>quorum</span> <span class='ocrx_word' id='word_1_354' title='bbox 1123 4417 1292 4500; x_wconf 89' lang='lat' dir='ltr'>opiniones</span> <span class='ocrx_word' id='word_1_355' title='bbox 1314 4438 1386 4481; x_wconf 90' lang='lat' dir='ltr'>cum</span> <span class='ocrx_word' id='word_1_356' title='bbox 1408 4425 1472 4482; x_wconf 87' lang='lat' dir='ltr'>tam</span> <span class='ocrx_word' id='word_1_357' title='bbox 1486 4419 1591 4482; x_wconf 86' lang='lat' dir='ltr'>variae</span> <span class='ocrx_word' id='word_1_358' title='bbox 1610 4421 1674 4485; x_wconf 89' lang='lat' dir='ltr'>sint</span> <span class='ocrx_word' id='word_1_359' title='bbox 1688 4428 1768 4485; x_wconf 72' lang='lat' dir='ltr'>tam</span> 
     </span>
     <span class='ocr_line' id='line_1_35' title="bbox 430 4511 1766 4599; baseline 0.002 -24"><span class='ocrx_word' id='word_1_360' title='bbox 430 4531 493 4596; x_wconf 84' lang='lat' dir='ltr'>que</span> <span class='ocrx_word' id='word_1_361' title='bbox 515 4512 598 4576; x_wconf 92' lang='lat' dir='ltr'>inter</span> <span class='ocrx_word' id='word_1_362' title='bbox 619 4529 655 4576; x_wconf 91' lang='lat' dir='ltr'>se</span> <span class='ocrx_word' id='word_1_363' title='bbox 676 4511 882 4588; x_wconf 86' lang='lat' dir='ltr'>dissidentes,</span> <span class='ocrx_word' id='word_1_364' title='bbox 910 4514 1045 4579; x_wconf 90' lang='lat' dir='ltr'>alterum</span> <span class='ocrx_word' id='word_1_365' title='bbox 1067 4511 1137 4578; x_wconf 82' lang='lat' dir='ltr'>lieri</span> <span class='ocrx_word' id='word_1_366' title='bbox 1159 4514 1303 4597; x_wconf 82' lang='lat' dir='ltr'>proiecto</span> <span class='ocrx_word' id='word_1_367' title='bbox 1326 4521 1447 4599; x_wconf 90' lang='lat' dir='ltr'>potest,</span> <span class='ocrx_word' id='word_1_368' title='bbox 1475 4523 1512 4579; x_wconf 93' lang='lat' dir='ltr'>ut</span> <span class='ocrx_word' id='word_1_369' title='bbox 1539 4535 1648 4580; x_wconf 89' lang='lat' dir='ltr'>earum</span> <span class='ocrx_word' id='word_1_370' title='bbox 1670 4513 1766 4590; x_wconf 91' lang='lat' dir='ltr'>nulla,</span> 
     </span>
    </p>
   </div>
   <div class='ocr_carea' id='block_1_3' title="bbox 427 4829 1770 6023">
    <p class='ocr_par' dir='ltr' id='par_1_4' title="bbox 427 4829 1770 6023">
     <span class='ocr_line' id='line_1_36' title="bbox 497 4829 1764 4895; baseline 0.002 -16"><span class='ocrx_word' id='word_1_371' title='bbox 497 4830 521 4879; x_wconf 90' lang='lat' dir='ltr'>t.</span> <span class='ocrx_word' id='word_1_372' title='bbox 539 4829 701 4879; x_wconf 58' lang='lat' dir='ltr'>&amp;mauors</span> <span class='ocrx_word' id='word_1_373' title='bbox 717 4829 781 4880; x_wconf 88' lang='lat' dir='ltr'>CE:</span> <span class='ocrx_word' id='word_1_374' title='bbox 799 4831 961 4881; x_wconf 68' lang='lat' dir='ltr'>inumerare</span> <span class='ocrx_word' id='word_1_375' title='bbox 973 4831 1117 4895; x_wconf 77' lang='lat' dir='ltr'>(superscr.</span> <span class='ocrx_word' id='word_1_376' title='bbox 1131 4830 1156 4881; x_wconf 82' lang='lat' dir='ltr'>di</span> <span class='ocrx_word' id='word_1_377' title='bbox 1167 4830 1211 4893; x_wconf 84' lang='lat' dir='ltr'>)B;</span> <span class='ocrx_word' id='word_1_378' title='bbox 1232 4842 1381 4882; x_wconf 66' lang='lat' dir='ltr'>murteam</span> <span class='ocrx_word' id='word_1_379' title='bbox 1390 4831 1511 4882; x_wconf 82' lang='lat' dir='ltr'>Davisius</span> <span class='ocrx_word' id='word_1_380' title='bbox 1529 4833 1553 4895; x_wconf 82' lang='lat' dir='ltr'>le</span> <span class='ocrx_word' id='word_1_381' title='bbox 1565 4831 1695 4895; x_wconf 67' lang='lat' dir='ltr'>ritmico),</span> <span class='ocrx_word' id='word_1_382' title='bbox 1706 4832 1764 4883; x_wconf 91' lang='lat'>0-</span> 
     </span>
     <span class='ocr_line' id='line_1_37' title="bbox 431 4902 1768 4970; baseline 0.001 -15"><span class='ocrx_word' id='word_1_383' title='bbox 431 4902 644 4967; x_wconf 67' lang='lat' dir='ltr'>bdsossitrli:</span> <span class='ocrx_word' id='word_1_384' title='bbox 663 4904 741 4967; x_wconf 73' lang='lat' dir='ltr'>deque</span> <span class='ocrx_word' id='word_1_385' title='bbox 757 4906 779 4954; x_wconf 81' lang='lat' dir='ltr'>ia</span> <span class='ocrx_word' id='word_1_386' title='bbox 796 4906 976 4970; x_wconf 74' lang='lat' dir='ltr'>(superseri)</span> <span class='ocrx_word' id='word_1_387' title='bbox 994 4910 1032 4967; x_wconf 73' lang='lat' dir='ltr'>A,</span> <span class='ocrx_word' id='word_1_388' title='bbox 1050 4907 1081 4956; x_wconf 85' lang='lat' dir='ltr'>de</span> <span class='ocrx_word' id='word_1_389' title='bbox 1097 4920 1147 4969; x_wconf 75' lang='lat' dir='ltr'>ouo</span> <span class='ocrx_word' id='word_1_390' title='bbox 1164 4905 1201 4965; x_wconf 73' lang='lat' dir='ltr'>E,</span> <span class='ocrx_word' id='word_1_391' title='bbox 1220 4906 1352 4969; x_wconf 58' lang='lat' dir='ltr'>&amp;asebis</span> <span class='ocrx_word' id='word_1_392' title='bbox 1369 4906 1460 4957; x_wconf 74' lang='grc'>(10-</span> <span class='ocrx_word' id='word_1_393' title='bbox 1478 4905 1504 4958; x_wconf 85' lang='grc'>4.</span> <span class='ocrx_word' id='word_1_394' title='bbox 1523 4908 1591 4958; x_wconf 77' lang='lat' dir='ltr'>ornat</span> <span class='ocrx_word' id='word_1_395' title='bbox 1607 4907 1714 4957; x_wconf 63' lang='lat' dir='ltr'>amc:</span> <span class='ocrx_word' id='word_1_396' title='bbox 1733 4920 1768 4957; x_wconf 74' lang='lat' dir='ltr'>aas</span> 
     </span>
     <span class='ocr_line' id='line_1_38' title="bbox 430 4978 1768 5045; baseline 0.001 -16"><span class='ocrx_word' id='word_1_397' title='bbox 430 4979 463 5029; x_wconf 78' lang='lat' dir='ltr'>ab</span> <span class='ocrx_word' id='word_1_398' title='bbox 478 4981 546 5030; x_wconf 72' lang='lat' dir='ltr'>onst</span> <span class='ocrx_word' id='word_1_399' title='bbox 563 4979 606 5038; x_wconf 71' lang='lat'>8¹3</span> <span class='ocrx_word' id='word_1_400' title='bbox 623 4991 655 5028; x_wconf 81' lang='lat' dir='ltr'>sc</span> <span class='ocrx_word' id='word_1_401' title='bbox 671 4978 704 5029; x_wconf 84' lang='lat' dir='ltr'>ab</span> <span class='ocrx_word' id='word_1_402' title='bbox 721 4981 789 5029; x_wconf 75' lang='lat' dir='ltr'>masi</span> <span class='ocrx_word' id='word_1_403' title='bbox 804 4980 840 5039; x_wconf 69' lang='grc' dir='ltr'>ἒς</span> <span class='ocrx_word' id='word_1_404' title='bbox 858 4980 891 5030; x_wconf 87' lang='lat' dir='ltr'>ab</span> <span class='ocrx_word' id='word_1_405' title='bbox 906 4982 975 5031; x_wconf 77' lang='lat' dir='ltr'>maai</span> <span class='ocrx_word' id='word_1_406' title='bbox 991 4982 1011 5031; x_wconf 92' lang='lat'>0</span> <span class='ocrx_word' id='word_1_407' title='bbox 1027 5007 1055 5019; x_wconf 88' lang='lat'><em>-</em></span> <span class='ocrx_word' id='word_1_408' title='bbox 1072 4982 1098 5031; x_wconf 80' lang='lat' dir='ltr'>b.</span> <span class='ocrx_word' id='word_1_409' title='bbox 1116 4986 1140 5031; x_wconf 86' lang='lat' dir='ltr'>at</span> <span class='ocrx_word' id='word_1_410' title='bbox 1156 4979 1276 5045; x_wconf 76' lang='lat' dir='ltr'>(postilst</span> <span class='ocrx_word' id='word_1_411' title='bbox 1295 4982 1321 5032; x_wconf 89' lang='lat' dir='ltr'>tn</span> <span class='ocrx_word' id='word_1_412' title='bbox 1335 4993 1427 5031; x_wconf 90' lang='lat' dir='ltr'>rasura</span> <span class='ocrx_word' id='word_1_413' title='bbox 1441 4980 1571 5031; x_wconf 79' lang='lat' dir='ltr'>omli·</span> <span class='ocrx_word' id='word_1_414' title='bbox 1590 4980 1768 5044; x_wconf 76' lang='lat' dir='ltr'>opllprs&#39;aetpto</span> 
     </span>
     <span class='ocr_line' id='line_1_39' title="bbox 430 5055 1765 5120; baseline 0.001 -15"><span class='ocrx_word' id='word_1_415' title='bbox 430 5057 452 5105; x_wconf 81' lang='grc' dir='ltr'><strong>Δ</strong></span> <span class='ocrx_word' id='word_1_416' title='bbox 470 5081 497 5094; x_wconf 91' lang='grc'><strong>-</strong></span> <span class='ocrx_word' id='word_1_417' title='bbox 518 5055 542 5105; x_wconf 83' lang='grc'>6.</span> <span class='ocrx_word' id='word_1_418' title='bbox 560 5059 637 5117; x_wconf 62' lang='lat' dir='ltr'>worse</span> <span class='ocrx_word' id='word_1_419' title='bbox 658 5060 806 5105; x_wconf 72' lang='lat' dir='ltr'>moveantar</span> <span class='ocrx_word' id='word_1_420' title='bbox 827 5055 855 5106; x_wconf 91' lang='lat' dir='ltr'>in</span> <span class='ocrx_word' id='word_1_421' title='bbox 872 5058 992 5120; x_wconf 74' lang='lat' dir='ltr'>margine</span> <span class='ocrx_word' id='word_1_422' title='bbox 1010 5055 1093 5107; x_wconf 90' lang='lat' dir='ltr'>habet</span> <span class='ocrx_word' id='word_1_423' title='bbox 1109 5057 1129 5105; x_wconf 85' lang='lat' dir='ltr'>B</span> <span class='ocrx_word' id='word_1_424' title='bbox 1150 5082 1177 5092; x_wconf 90' lang='lat'><em>-</em></span> <span class='ocrx_word' id='word_1_425' title='bbox 1196 5057 1221 5106; x_wconf 84' lang='grc'>7.</span> <span class='ocrx_word' id='word_1_426' title='bbox 1237 5057 1328 5119; x_wconf 81' lang='lat' dir='ltr'>primis</span> <span class='ocrx_word' id='word_1_427' title='bbox 1345 5057 1491 5106; x_wconf 87' lang='lat' dir='ltr'>blauutius:</span> <span class='ocrx_word' id='word_1_428' title='bbox 1511 5056 1604 5119; x_wconf 83' lang='lat' dir='ltr'>primis</span> <span class='ocrx_word' id='word_1_429' title='bbox 1618 5069 1684 5119; x_wconf 79' lang='lat' dir='ltr'>quoe</span> <span class='ocrx_word' id='word_1_430' title='bbox 1700 5057 1765 5117; x_wconf 77' lang='grc' dir='ltr'>ΛΒῑ</span> 
     </span>
     <span class='ocr_line' id='line_1_40' title="bbox 427 5129 1766 5194; baseline 0.004 -16"><span class='ocrx_word' id='word_1_431' title='bbox 427 5130 566 5191; x_wconf 58' lang='lat' dir='ltr'>piatque</span> <span class='ocrx_word' id='word_1_432' title='bbox 585 5129 635 5179; x_wconf 81' lang='lat' dir='ltr'>GE</span> <span class='ocrx_word' id='word_1_433' title='bbox 660 5153 688 5165; x_wconf 88' lang='lat'><em>-</em></span> <span class='ocrx_word' id='word_1_434' title='bbox 714 5130 868 5181; x_wconf 77' lang='lat' dir='ltr'>diiudicatur</span> <span class='ocrx_word' id='word_1_435' title='bbox 889 5131 1025 5183; x_wconf 67' lang='lat' dir='ltr'>amen:</span> <span class='ocrx_word' id='word_1_436' title='bbox 1049 5132 1200 5182; x_wconf 78' lang='lat' dir='ltr'>diiudicetur</span> <span class='ocrx_word' id='word_1_437' title='bbox 1221 5131 1288 5181; x_wconf 79' lang='lat'>13¹0.</span> <span class='ocrx_word' id='word_1_438' title='bbox 1312 5131 1351 5182; x_wconf 81' lang='lat' dir='ltr'>cl.</span> <span class='ocrx_word' id='word_1_439' title='bbox 1370 5130 1475 5194; x_wconf 78' lang='lat' dir='ltr'>iladvig</span> <span class='ocrx_word' id='word_1_440' title='bbox 1498 5130 1532 5181; x_wconf 92' lang='lat' dir='ltr'>ad</span> <span class='ocrx_word' id='word_1_441' title='bbox 1555 5132 1609 5183; x_wconf 89' lang='lat' dir='ltr'>Cic.</span> <span class='ocrx_word' id='word_1_442' title='bbox 1628 5132 1662 5183; x_wconf 90' lang='lat' dir='ltr'>de</span> <span class='ocrx_word' id='word_1_443' title='bbox 1683 5131 1766 5184; x_wconf 75' lang='lat' dir='ltr'>finib.</span> 
     </span>
     <span class='ocr_line' id='line_1_41' title="bbox 430 5203 1765 5269; baseline 0.004 -16"><span class='ocrx_word' id='word_1_444' title='bbox 430 5216 456 5268; x_wconf 81' lang='lat' dir='ltr'>p.</span> <span class='ocrx_word' id='word_1_445' title='bbox 474 5203 532 5254; x_wconf 77' lang='lat' dir='ltr'>ast.</span> <span class='ocrx_word' id='word_1_446' title='bbox 552 5229 579 5240; x_wconf 97' lang='lat'>-</span> <span class='ocrx_word' id='word_1_447' title='bbox 608 5204 648 5253; x_wconf 82' lang='lat' dir='ltr'>to.</span> <span class='ocrx_word' id='word_1_448' title='bbox 666 5204 837 5256; x_wconf 75' lang='lat' dir='ltr'>baawaarsan</span> <span class='ocrx_word' id='word_1_449' title='bbox 857 5219 945 5257; x_wconf 71' lang='lat' dir='ltr'>ret-tea</span> <span class='ocrx_word' id='word_1_450' title='bbox 968 5208 989 5258; x_wconf 93' lang='lat'>0</span> <span class='ocrx_word' id='word_1_451' title='bbox 1012 5232 1039 5243; x_wconf 90' lang='lat'>-</span> <span class='ocrx_word' id='word_1_452' title='bbox 1067 5209 1107 5257; x_wconf 89' lang='grc'>44.</span> <span class='ocrx_word' id='word_1_453' title='bbox 1130 5219 1180 5257; x_wconf 76' lang='lat' dir='ltr'>aare</span> <span class='ocrx_word' id='word_1_454' title='bbox 1201 5208 1284 5256; x_wconf 81' lang='lat' dir='ltr'>uirtus</span> <span class='ocrx_word' id='word_1_455' title='bbox 1306 5220 1371 5269; x_wconf 75' lang='lat' dir='ltr'>qam</span> <span class='ocrx_word' id='word_1_456' title='bbox 1391 5208 1512 5257; x_wconf 65' lang='lat' dir='ltr'>mortuos</span> <span class='ocrx_word' id='word_1_457' title='bbox 1534 5208 1559 5258; x_wconf 92' lang='lat' dir='ltr'>ln</span> <span class='ocrx_word' id='word_1_458' title='bbox 1577 5221 1671 5259; x_wconf 78' lang='lat' dir='ltr'>rasura</span> <span class='ocrx_word' id='word_1_459' title='bbox 1689 5208 1721 5259; x_wconf 73' lang='lat' dir='ltr'>ll’</span> <span class='ocrx_word' id='word_1_460' title='bbox 1738 5233 1765 5243; x_wconf 96' lang='lat'>-</span> 
     </span>
     <span class='ocr_line' id='line_1_42' title="bbox 431 5278 1769 5346; baseline 0.003 -18"><span class='ocrx_word' id='word_1_461' title='bbox 431 5279 471 5329; x_wconf 73' lang='lat' dir='ltr'>li.</span> <span class='ocrx_word' id='word_1_462' title='bbox 488 5281 555 5329; x_wconf 58' lang='lat' dir='ltr'>auos</span> <span class='ocrx_word' id='word_1_463' title='bbox 571 5293 622 5329; x_wconf 84' lang='lat' dir='ltr'>om.</span> <span class='ocrx_word' id='word_1_464' title='bbox 641 5278 671 5329; x_wconf 74' lang='lat'>13¹</span> <span class='ocrx_word' id='word_1_465' title='bbox 689 5308 716 5318; x_wconf 95' lang='lat'>-</span> <span class='ocrx_word' id='word_1_466' title='bbox 736 5287 813 5345; x_wconf 65' lang='lat' dir='ltr'>aque</span> <span class='ocrx_word' id='word_1_467' title='bbox 828 5281 865 5335; x_wconf 82' lang='lat' dir='ltr'>ot:</span> <span class='ocrx_word' id='word_1_468' title='bbox 883 5296 915 5332; x_wconf 83' lang='lat' dir='ltr'>oc</span> <span class='ocrx_word' id='word_1_469' title='bbox 931 5282 952 5332; x_wconf 91' lang='lat'>0</span> <span class='ocrx_word' id='word_1_470' title='bbox 970 5307 998 5319; x_wconf 95' lang='lat'><em>-</em></span> <span class='ocrx_word' id='word_1_471' title='bbox 1019 5282 1060 5332; x_wconf 81' lang='grc'>43.</span> <span class='ocrx_word' id='word_1_472' title='bbox 1079 5281 1111 5331; x_wconf 88' lang='lat' dir='ltr'>ob</span> <span class='ocrx_word' id='word_1_473' title='bbox 1128 5281 1166 5330; x_wconf 77' lang='lat' dir='ltr'>liis</span> <span class='ocrx_word' id='word_1_474' title='bbox 1182 5280 1264 5332; x_wconf 77' lang='lat' dir='ltr'>ACE</span> <span class='ocrx_word' id='word_1_475' title='bbox 1283 5282 1317 5342; x_wconf 85' lang='lat' dir='ltr'>(in</span> <span class='ocrx_word' id='word_1_476' title='bbox 1335 5282 1401 5332; x_wconf 81' lang='lat' dir='ltr'>litis</span> <span class='ocrx_word' id='word_1_477' title='bbox 1416 5286 1440 5331; x_wconf 85' lang='lat' dir='ltr'>et</span> <span class='ocrx_word' id='word_1_478' title='bbox 1455 5282 1478 5331; x_wconf 83' lang='lat' dir='ltr'>ai</span> <span class='ocrx_word' id='word_1_479' title='bbox 1493 5286 1529 5332; x_wconf 80' lang='lat' dir='ltr'>est</span> <span class='ocrx_word' id='word_1_480' title='bbox 1545 5281 1642 5332; x_wconf 85' lang='lat' dir='ltr'>desunt</span> <span class='ocrx_word' id='word_1_481' title='bbox 1658 5285 1769 5346; x_wconf 86' lang='lat' dir='ltr'>propter</span> 
     </span>
     <span class='ocr_line' id='line_1_43' title="bbox 429 5350 1767 5419; baseline 0.004 -17"><span class='ocrx_word' id='word_1_482' title='bbox 429 5350 534 5405; x_wconf 85' lang='lat' dir='ltr'>laesum</span> <span class='ocrx_word' id='word_1_483' title='bbox 546 5358 746 5418; x_wconf 78' lang='lat' dir='ltr'>pergamenum)</span> <span class='ocrx_word' id='word_1_484' title='bbox 760 5382 787 5393; x_wconf 96' lang='lat'>-</span> <span class='ocrx_word' id='word_1_485' title='bbox 804 5357 932 5407; x_wconf 73' lang='lat' dir='ltr'>tumim</span> <span class='ocrx_word' id='word_1_486' title='bbox 944 5370 998 5407; x_wconf 91' lang='lat' dir='ltr'>om.</span> <span class='ocrx_word' id='word_1_487' title='bbox 1012 5358 1053 5415; x_wconf 83' lang='lat' dir='ltr'>B¹;</span> <span class='ocrx_word' id='word_1_488' title='bbox 1073 5357 1183 5406; x_wconf 76' lang='lat' dir='ltr'>beaune</span> <span class='ocrx_word' id='word_1_489' title='bbox 1200 5356 1231 5405; x_wconf 82' lang='lat' dir='ltr'>B¹</span> <span class='ocrx_word' id='word_1_490' title='bbox 1242 5381 1268 5391; x_wconf 91' lang='lat'>-</span> <span class='ocrx_word' id='word_1_491' title='bbox 1286 5355 1326 5407; x_wconf 82' lang='grc'>44.</span> <span class='ocrx_word' id='word_1_492' title='bbox 1344 5356 1471 5419; x_wconf 74' lang='lat' dir='ltr'>poariatt</span> <span class='ocrx_word' id='word_1_493' title='bbox 1485 5381 1512 5391; x_wconf 98' lang='lat'>-</span> <span class='ocrx_word' id='word_1_494' title='bbox 1526 5369 1606 5418; x_wconf 78' lang='lat' dir='ltr'>oeque</span> <span class='ocrx_word' id='word_1_495' title='bbox 1621 5357 1707 5405; x_wconf 80' lang='lat' dir='ltr'>colant</span> <span class='ocrx_word' id='word_1_496' title='bbox 1719 5357 1767 5408; x_wconf 83' lang='lat' dir='ltr'>EO</span> 
     </span>
     <span class='ocr_line' id='line_1_44' title="bbox 432 5428 1766 5494; baseline 0.004 -18"><span class='ocrx_word' id='word_1_497' title='bbox 432 5428 558 5479; x_wconf 83' lang='lat' dir='ltr'>-lb.ob</span> <span class='ocrx_word' id='word_1_498' title='bbox 574 5429 612 5477; x_wconf 79' lang='lat' dir='ltr'>bis</span> <span class='ocrx_word' id='word_1_499' title='bbox 628 5428 674 5478; x_wconf 87' lang='lat' dir='ltr'>BE</span> <span class='ocrx_word' id='word_1_500' title='bbox 689 5456 716 5467; x_wconf 91' lang='lat'>-</span> <span class='ocrx_word' id='word_1_501' title='bbox 730 5432 769 5481; x_wconf 89' lang='grc'>46.</span> <span class='ocrx_word' id='word_1_502' title='bbox 784 5445 933 5494; x_wconf 74' lang='lat' dir='ltr'>pameneae</span> <span class='ocrx_word' id='word_1_503' title='bbox 949 5432 1008 5482; x_wconf 86' lang='lat' dir='ltr'>B¹E</span> <span class='ocrx_word' id='word_1_504' title='bbox 1025 5459 1051 5468; x_wconf 99' lang='lat'>-</span> <span class='ocrx_word' id='word_1_505' title='bbox 1066 5431 1107 5481; x_wconf 84' lang='lat' dir='ltr'>t‘l.</span> <span class='ocrx_word' id='word_1_506' title='bbox 1124 5435 1259 5493; x_wconf 65' lang='lat' dir='ltr'>mosoma</span> <span class='ocrx_word' id='word_1_507' title='bbox 1273 5456 1300 5467; x_wconf 89' lang='lat'>-</span> <span class='ocrx_word' id='word_1_508' title='bbox 1315 5432 1422 5494; x_wconf 70' lang='lat' dir='ltr'>petes</span> <span class='ocrx_word' id='word_1_509' title='bbox 1437 5458 1463 5469; x_wconf 96' lang='lat'><em>-</em></span> <span class='ocrx_word' id='word_1_510' title='bbox 1479 5432 1518 5483; x_wconf 87' lang='grc'>48.</span> <span class='ocrx_word' id='word_1_511' title='bbox 1531 5430 1639 5483; x_wconf 68' lang='lat' dir='ltr'>iterati:</span> <span class='ocrx_word' id='word_1_512' title='bbox 1658 5433 1766 5482; x_wconf 76' lang='grc' dir='ltr'><strong>44αο-</strong></span> 
     </span>
     <span class='ocr_line' id='line_1_45' title="bbox 429 5504 1768 5567; baseline 0.005 -16"><span class='ocrx_word' id='word_1_513' title='bbox 429 5514 480 5552; x_wconf 84' lang='lat' dir='ltr'>sos</span> <span class='ocrx_word' id='word_1_514' title='bbox 494 5507 612 5565; x_wconf 69' lang='lat' dir='ltr'>potem</span> <span class='ocrx_word' id='word_1_515' title='bbox 628 5507 722 5554; x_wconf 71' lang='lat' dir='ltr'>ml</span> <span class='ocrx_word' id='word_1_516' title='bbox 743 5531 770 5541; x_wconf 97' lang='lat'>-</span> <span class='ocrx_word' id='word_1_517' title='bbox 796 5507 836 5557; x_wconf 84' lang='grc'>49.</span> <span class='ocrx_word' id='word_1_518' title='bbox 854 5508 1012 5557; x_wconf 70' lang='lat' dir='ltr'>maritatae</span> <span class='ocrx_word' id='word_1_519' title='bbox 1034 5504 1070 5558; x_wconf 78' lang='lat' dir='ltr'>a:</span> <span class='ocrx_word' id='word_1_520' title='bbox 1095 5511 1119 5556; x_wconf 87' lang='lat' dir='ltr'>et</span> <span class='ocrx_word' id='word_1_521' title='bbox 1134 5508 1292 5557; x_wconf 70' lang='lat' dir='ltr'>maritatam</span> <span class='ocrx_word' id='word_1_522' title='bbox 1308 5509 1329 5559; x_wconf 93' lang='lat'>0</span> <span class='ocrx_word' id='word_1_523' title='bbox 1349 5533 1376 5543; x_wconf 98' lang='lat'>-</span> <span class='ocrx_word' id='word_1_524' title='bbox 1395 5506 1436 5557; x_wconf 73' lang='grc'>40.</span> <span class='ocrx_word' id='word_1_525' title='bbox 1454 5507 1517 5558; x_wconf 83' lang='lat' dir='ltr'>baut</span> <span class='ocrx_word' id='word_1_526' title='bbox 1532 5512 1567 5567; x_wconf 85' lang='grc' dir='ltr'>Α;</span> <span class='ocrx_word' id='word_1_527' title='bbox 1591 5514 1636 5558; x_wconf 83' lang='lat' dir='ltr'>aut</span> <span class='ocrx_word' id='word_1_528' title='bbox 1653 5522 1722 5557; x_wconf 87' lang='lat' dir='ltr'>corr.</span> <span class='ocrx_word' id='word_1_529' title='bbox 1742 5510 1768 5559; x_wconf 88' lang='lat' dir='ltr'>in</span> 
     </span>
     <span class='ocr_line' id='line_1_46' title="bbox 429 5576 1769 5632; baseline 0.004 -6"><span class='ocrx_word' id='word_1_530' title='bbox 429 5576 498 5626; x_wconf 74' lang='lat' dir='ltr'>baad</span> <span class='ocrx_word' id='word_1_531' title='bbox 514 5577 564 5627; x_wconf 86' lang='grc' dir='ltr'>Β-</span> <span class='ocrx_word' id='word_1_532' title='bbox 574 5577 616 5626; x_wconf 72' lang='lat' dir='ltr'>tt.</span> <span class='ocrx_word' id='word_1_533' title='bbox 628 5576 751 5629; x_wconf 65' lang='lat' dir='ltr'>etbido</span> <span class='ocrx_word' id='word_1_534' title='bbox 763 5604 788 5615; x_wconf 91' lang='lat'>-</span> <span class='ocrx_word' id='word_1_535' title='bbox 800 5579 1034 5631; x_wconf 56' lang='lat' dir='ltr'>haereticarum</span> <span class='ocrx_word' id='word_1_536' title='bbox 1047 5606 1074 5616; x_wconf 90' lang='lat'>-</span> <span class='ocrx_word' id='word_1_537' title='bbox 1088 5579 1130 5631; x_wconf 80' lang='lat' dir='ltr'>tl.</span> <span class='ocrx_word' id='word_1_538' title='bbox 1149 5593 1319 5631; x_wconf 74' lang='lat' dir='ltr'>eorumcorr.</span> <span class='ocrx_word' id='word_1_539' title='bbox 1333 5582 1493 5631; x_wconf 79' lang='lat' dir='ltr'>lnueroB-</span> <span class='ocrx_word' id='word_1_540' title='bbox 1507 5583 1547 5631; x_wconf 77' lang='lat' dir='ltr'>ib.</span> <span class='ocrx_word' id='word_1_541' title='bbox 1567 5583 1643 5632; x_wconf 82' lang='lat' dir='ltr'>isdem</span> <span class='ocrx_word' id='word_1_542' title='bbox 1655 5580 1698 5632; x_wconf 72' lang='lat'>1³¹:</span> <span class='ocrx_word' id='word_1_543' title='bbox 1717 5583 1769 5632; x_wconf 80' lang='lat' dir='ltr'>bia·</span> 
     </span>
     <span class='ocr_line' id='line_1_47' title="bbox 430 5648 1770 5718; baseline 0.006 -18"><span class='ocrx_word' id='word_1_544' title='bbox 430 5650 486 5700; x_wconf 82' lang='lat' dir='ltr'>dass</span> <span class='ocrx_word' id='word_1_545' title='bbox 501 5648 606 5710; x_wconf 76' lang='lat' dir='ltr'>AC¹E3</span> <span class='ocrx_word' id='word_1_546' title='bbox 624 5652 710 5702; x_wconf 75' lang='lat' dir='ltr'>iisdem</span> <span class='ocrx_word' id='word_1_547' title='bbox 728 5654 826 5704; x_wconf 77' lang='lat' dir='ltr'>B²C²0</span> <span class='ocrx_word' id='word_1_548' title='bbox 848 5680 874 5691; x_wconf 92' lang='lat'>-</span> <span class='ocrx_word' id='word_1_549' title='bbox 893 5656 934 5706; x_wconf 65' lang='grc'>46.</span> <span class='ocrx_word' id='word_1_550' title='bbox 953 5652 1098 5718; x_wconf 82' lang='lat' dir='ltr'>tempestati</span> <span class='ocrx_word' id='word_1_551' title='bbox 1116 5653 1165 5718; x_wconf 79' lang='lat' dir='ltr'>(oti</span> <span class='ocrx_word' id='word_1_552' title='bbox 1185 5668 1218 5705; x_wconf 83' lang='lat' dir='ltr'>er</span> <span class='ocrx_word' id='word_1_553' title='bbox 1236 5656 1402 5707; x_wconf 86' lang='lat' dir='ltr'>correctione</span> <span class='ocrx_word' id='word_1_554' title='bbox 1413 5657 1440 5706; x_wconf 90' lang='lat' dir='ltr'>in</span> <span class='ocrx_word' id='word_1_555' title='bbox 1452 5657 1587 5717; x_wconf 82' lang='lat' dir='ltr'>rasuralc</span> <span class='ocrx_word' id='word_1_556' title='bbox 1603 5683 1629 5692; x_wconf 91' lang='lat'><em>-</em></span> <span class='ocrx_word' id='word_1_557' title='bbox 1648 5657 1689 5707; x_wconf 76' lang='lat' dir='ltr'>tl.</span> <span class='ocrx_word' id='word_1_558' title='bbox 1703 5658 1770 5708; x_wconf 78' lang='lat' dir='ltr'>adit</span> 
     </span>
     <span class='ocr_line' id='line_1_48' title="bbox 432 5725 1770 5795; baseline 0.007 -20"><span class='ocrx_word' id='word_1_559' title='bbox 432 5725 499 5776; x_wconf 78' lang='lat' dir='ltr'>BE:</span> <span class='ocrx_word' id='word_1_560' title='bbox 518 5739 536 5776; x_wconf 82' lang='lat' dir='ltr'>a</span> <span class='ocrx_word' id='word_1_561' title='bbox 552 5726 601 5776; x_wconf 74' lang='lat' dir='ltr'>diis</span> <span class='ocrx_word' id='word_1_562' title='bbox 616 5729 697 5778; x_wconf 70' lang='lat' dir='ltr'>ACO</span> <span class='ocrx_word' id='word_1_563' title='bbox 712 5755 739 5764; x_wconf 94' lang='lat'>-</span> <span class='ocrx_word' id='word_1_564' title='bbox 758 5727 800 5778; x_wconf 75' lang='lat'>29.</span> <span class='ocrx_word' id='word_1_565' title='bbox 818 5741 850 5780; x_wconf 85' lang='lat' dir='ltr'>eo</span> <span class='ocrx_word' id='word_1_566' title='bbox 866 5731 922 5793; x_wconf 82' lang='lat' dir='ltr'>ipso</span> <span class='ocrx_word' id='word_1_567' title='bbox 940 5743 1009 5780; x_wconf 89' lang='lat' dir='ltr'>corr.</span> <span class='ocrx_word' id='word_1_568' title='bbox 1020 5730 1079 5780; x_wconf 86' lang='lat' dir='ltr'>ead.</span> <span class='ocrx_word' id='word_1_569' title='bbox 1092 5743 1127 5780; x_wconf 90' lang='lat' dir='ltr'>m.</span> <span class='ocrx_word' id='word_1_570' title='bbox 1142 5730 1167 5780; x_wconf 92' lang='lat' dir='ltr'>ln</span> <span class='ocrx_word' id='word_1_571' title='bbox 1184 5730 1207 5779; x_wconf 85' lang='lat' dir='ltr'>ei</span> <span class='ocrx_word' id='word_1_572' title='bbox 1224 5731 1270 5794; x_wconf 80' lang='lat' dir='ltr'>ipsi</span> <span class='ocrx_word' id='word_1_573' title='bbox 1288 5731 1322 5790; x_wconf 87' lang='lat' dir='ltr'>B;</span> <span class='ocrx_word' id='word_1_574' title='bbox 1340 5735 1364 5780; x_wconf 86' lang='lat' dir='ltr'>et</span> <span class='ocrx_word' id='word_1_575' title='bbox 1379 5732 1428 5792; x_wconf 82' lang='lat' dir='ltr'>ipsi</span> <span class='ocrx_word' id='word_1_576' title='bbox 1440 5730 1568 5791; x_wconf 82' lang='lat' dir='ltr'>Bouhier;</span> <span class='ocrx_word' id='word_1_577' title='bbox 1587 5746 1618 5782; x_wconf 85' lang='lat' dir='ltr'>eo</span> <span class='ocrx_word' id='word_1_578' title='bbox 1628 5733 1676 5795; x_wconf 84' lang='lat' dir='ltr'>iprl</span> <span class='ocrx_word' id='word_1_579' title='bbox 1689 5734 1770 5784; x_wconf 90' lang='lat' dir='ltr'>llelu·</span> 
     </span>
     <span class='ocr_line' id='line_1_49' title="bbox 432 5797 1770 5868; baseline 0.007 -19"><span class='ocrx_word' id='word_1_580' title='bbox 432 5797 543 5852; x_wconf 75' lang='lat' dir='ltr'>dorius.</span> <span class='ocrx_word' id='word_1_581' title='bbox 563 5826 591 5842; x_wconf 90' lang='lat'>-</span> <span class='ocrx_word' id='word_1_582' title='bbox 615 5801 656 5852; x_wconf 72' lang='lat'>32.</span> <span class='ocrx_word' id='word_1_583' title='bbox 675 5807 802 5865; x_wconf 75' lang='lat' dir='ltr'>tantopere</span> <span class='ocrx_word' id='word_1_584' title='bbox 818 5800 842 5855; x_wconf 78' lang='lat' dir='ltr'>a</span> <span class='ocrx_word' id='word_1_585' title='bbox 860 5804 922 5868; x_wconf 80' lang='lat' dir='ltr'>(sed</span> <span class='ocrx_word' id='word_1_586' title='bbox 939 5805 958 5854; x_wconf 84' lang='lat' dir='ltr'>B</span> <span class='ocrx_word' id='word_1_587' title='bbox 976 5804 1060 5856; x_wconf 86' lang='lat' dir='ltr'>divise</span> <span class='ocrx_word' id='word_1_588' title='bbox 1078 5810 1148 5854; x_wconf 83' lang='lat' dir='ltr'>torto</span> <span class='ocrx_word' id='word_1_589' title='bbox 1163 5806 1235 5868; x_wconf 81' lang='lat' dir='ltr'>perc)</span> <span class='ocrx_word' id='word_1_590' title='bbox 1256 5831 1283 5841; x_wconf 97' lang='lat'>-</span> <span class='ocrx_word' id='word_1_591' title='bbox 1303 5804 1343 5856; x_wconf 81' lang='grc'>33.</span> <span class='ocrx_word' id='word_1_592' title='bbox 1364 5810 1417 5855; x_wconf 86' lang='lat' dir='ltr'>tom</span> <span class='ocrx_word' id='word_1_593' title='bbox 1434 5817 1488 5855; x_wconf 87' lang='lat' dir='ltr'>om.</span> <span class='ocrx_word' id='word_1_594' title='bbox 1503 5806 1532 5855; x_wconf 77' lang='grc' dir='ltr'>Β1</span> <span class='ocrx_word' id='word_1_595' title='bbox 1551 5832 1578 5844; x_wconf 84' lang='grc'><strong>-</strong></span> <span class='ocrx_word' id='word_1_596' title='bbox 1602 5806 1642 5858; x_wconf 82' lang='grc'>34.</span> <span class='ocrx_word' id='word_1_597' title='bbox 1661 5810 1770 5859; x_wconf 75' lang='lat' dir='ltr'>alteratas</span> 
     </span>
     <span class='ocr_line' id='line_1_50' title="bbox 433 5874 1769 5949; baseline 0.007 -24"><span class='ocrx_word' id='word_1_598' title='bbox 433 5874 498 5925; x_wconf 74' lang='lat' dir='ltr'>hc:</span> <span class='ocrx_word' id='word_1_599' title='bbox 516 5876 626 5926; x_wconf 69' lang='lat' dir='ltr'>alimum</span> <span class='ocrx_word' id='word_1_600' title='bbox 642 5874 758 5940; x_wconf 87' lang='lat' dir='ltr'>(litterae</span> <span class='ocrx_word' id='word_1_601' title='bbox 776 5892 791 5928; x_wconf 92' lang='grc' dir='ltr'><em>ο</em></span> <span class='ocrx_word' id='word_1_602' title='bbox 807 5890 942 5943; x_wconf 84' lang='lat' dir='ltr'>superscr.</span> <span class='ocrx_word' id='word_1_603' title='bbox 954 5881 992 5943; x_wconf 78' lang='lat' dir='ltr'>st)</span> <span class='ocrx_word' id='word_1_604' title='bbox 1010 5882 1045 5940; x_wconf 76' lang='lat' dir='ltr'>Bt</span> <span class='ocrx_word' id='word_1_605' title='bbox 1064 5880 1216 5931; x_wconf 65' lang='lat' dir='ltr'>memnon</span> <span class='ocrx_word' id='word_1_606' title='bbox 1233 5880 1252 5931; x_wconf 83' lang='lat' dir='ltr'><strong>E</strong></span> <span class='ocrx_word' id='word_1_607' title='bbox 1273 5906 1300 5916; x_wconf 99' lang='lat'>-</span> <span class='ocrx_word' id='word_1_608' title='bbox 1317 5883 1396 5943; x_wconf 81' lang='lat' dir='ltr'>potest</span> <span class='ocrx_word' id='word_1_609' title='bbox 1410 5880 1520 5944; x_wconf 72' lang='lat' dir='ltr'>prolecto</span> <span class='ocrx_word' id='word_1_610' title='bbox 1538 5880 1595 5943; x_wconf 80' lang='lat' dir='ltr'>(sed</span> <span class='ocrx_word' id='word_1_611' title='bbox 1612 5894 1675 5935; x_wconf 90' lang='lat' dir='ltr'>cum</span> <span class='ocrx_word' id='word_1_612' title='bbox 1694 5886 1769 5949; x_wconf 75' lang='lat' dir='ltr'>slguo</span> 
     </span>
     <span class='ocr_line' id='line_1_51' title="bbox 434 5950 1665 6023; baseline 0.006 -20"><span class='ocrx_word' id='word_1_613' title='bbox 434 5950 654 6018; x_wconf 63' lang='lat' dir='ltr'>montona</span> <span class='ocrx_word' id='word_1_614' title='bbox 673 5953 693 6006; x_wconf 82' lang='lat' dir='ltr'>c</span> <span class='ocrx_word' id='word_1_615' title='bbox 713 5954 1665 6023; x_wconf 71' lang='lat' dir='ltr'>-utsonsnczosmmtoorr.tnstsusntn;sssoeassa.</span> 
     </span>
    </p>
   </div>
   <div class='ocr_carea' id='block_1_4' title="bbox 0 0 2182 7459">
    <p class='ocr_par' dir='ltr' id='par_1_5' title="bbox 0 0 2182 7459">
     <span class='ocr_line' id='line_1_52' title="bbox 0 0 2182 7459; baseline 0 0"><span class='ocrx_word' id='word_1_616' title='bbox 0 0 2182 7459; x_wconf 95' lang='lat' dir='ltr'> </span> 
     </span>
    </p>
   </div>
  </div>
 </body>
</html>
