4342 7459
441 1258 505 1325 cao
853 1220 856 1226 ’
1017 1257 1187 1322 ussurus

442 1423 584 1509 potuisse
606 1420 732 1482 dicere:
761 1418 787 1481 si
812 1438 875 1502 qua
896 1424 1060 1501 praeterea
1081 1426 1156 1481 sunt
1181 1453 1222 1465 -
1250 1418 1344 1482 credo
1367 1425 1471 1482 autem
1494 1438 1564 1484 esse
1586 1418 1684 1484 multa
1704 1430 1767 1497 -',

340 1539 343 1546 ·
442 1517 563 1590 abiis,
586 1516 613 1579 si
635 1512 808 1587 videbitur,
831 1513 886 1595 qui
908 1512 968 1575 ista
991 1511 1171 1594 disputant,
1194 1514 1382 1596 quaeritote.

526 1606 577 1671 25.
603 1610 698 1671 Fons.
724 1610 789 1671 Nos
811 1614 915 1671 autem
937 1626 955 1668 a
977 1613 1008 1669 te
1031 1608 1156 1688 potius:
1188 1626 1378 1691 quamquam
1402 1608 1494 1670 etiam
1517 1608 1557 1671 ab
1578 1608 1647 1672 istis
1670 1628 1767 1693 saepe

442 1703 584 1788 quaesivi
608 1710 640 1766 et
660 1701 768 1766 audivi
790 1720 853 1765 nou
876 1700 995 1763 inritus
1017 1700 1186 1783 equidem,
1213 1700 1268 1764 sed
1291 1700 1377 1764 aliud
1400 1700 1561 1786 quoddam
1584 1700 1672 1768 filum
1694 1724 1768 1769 ora-

416 1798 535 1862 ettonis
556 1806 640 1860 tuae.

524 1893 626 1955 Scoev.
654 1892 735 1953 Tum
757 1890 856 1971 magis
878 1888 910 1951 id
934 1887 1070 1964 diceres,
1098 1889 1213 1963 Fauni,
1241 1890 1267 1952 si
1291 1909 1395 1971 nuper
1416 1890 1448 1953 iu
1471 1885 1571 1953 bortis
1594 1890 1765 1973 Scipionis,

440 2006 511 2048 cum
535 1993 584 2048 est
605 1984 645 2048 de
667 2005 700 2047 re
723 1984 847 2066 publica
870 1982 1072 2065 disputatum,
1095 1982 1266 2046 adfuisses:
1290 1984 1391 2069 qualis
1414 1991 1480 2046 tum
1502 1991 1653 2068 patronus
1674 1983 1768 2049 iusti·

439 2080 503 2143 tiae
524 2078 585 2142 l'uit
605 2086 716 2143 contra
738 2086 915 2141 accuratam
940 2077 1116 2139 orationem
1139 2077 1239 2139 Pbilil

524 2174 619 2236 Fano.
641 2173 745 2237 Facile
767 2171 799 2234 id
824 2170 953 2255 quidem
975 2170 1035 2233 fuit
1057 2171 1207 2234 iustitiam
1231 2171 1404 2234 iustissimo
1428 2171 1495 2234 viro
1518 2170 1699 2235 defendere.

402 2275 431 2322 ⁴⁰
523 2267 626 2330 Scoco.
656 2266 740 2344 Quid
763 2265 953 2329 amicitiam?
984 2284 1091 2327 noune
1118 2264 1209 2327 facile
1238 2265 1285 2337 ei,
1316 2265 1370 2348 qui
1393 2266 1434 2327 ob
1457 2284 1526 2328 eam
1548 2262 1766 2341 summalide,

439 2362 617 2424 constantia
639 2360 823 2443 iustitiaque
845 2366 999 2421 servatam
1023 2359 1189 2421 maximam
1213 2358 1343 2440 gloriam
1367 2360 1510 2441 ceperit?

522 2456 605 2517 Vlll.
627 2451 679 2517 26.
702 2455 783 2516 boel.
805 2454 875 2516 Vim
897 2451 957 2515 boc
980 2452 1109 2535 quidem
1133 2460 1182 2515 est
1202 2452 1345 2515 adferre:
1377 2453 1451 2535 quid
1476 2454 1559 2517 enim
1582 2453 1678 2518 refert
1700 2473 1766 2539 qua

439 2567 489 2612 me
510 2549 633 2611 ratione
655 2548 801 2629 cogatis?
829 2547 941 2628 cogitis
963 2555 1058 2609 certe.
1102 2546 1223 2609 Studiis
1246 2548 1329 2609 euim
1353 2566 1556 2628 generorum,
1578 2548 1765 2631 praesertim

439 2641 472 2704 iu
494 2660 527 2704 re
548 2642 642 2715 bona,
665 2662 737 2704 cum
761 2637 888 2703 difficile
913 2649 961 2704 est
982 2650 1047 2703 tum
1070 2660 1111 2702 ne
1132 2660 1269 2723 aequum
1287 2639 1413 2723 quidem
1433 2640 1598 2704 obsistere.
1638 2641 1767 2725 Saepis-

403 2736 517 2798 sosine
538 2735 634 2817 igitur
656 2734 731 2797 mibi
755 2734 794 2796 de
816 2734 954 2796 amicitia
976 2734 1125 2816 cogitanti
1142 2735 1276 2796 maxime
1292 2733 1368 2795 illud
1385 2733 1647 2797 considerandum
1664 2734 1765 2797 videri

439 2829 531 2903 solet,
553 2837 656 2892 utrum
678 2837 807 2913 propter
829 2828 1063 2890 inbecillitatem
1087 2834 1181 2909 atque
1202 2827 1341 2910 inopiam
1364 2825 1541 2890 desiderata
1562 2829 1603 2891 sit
1617 2828 1766 2902 amicitia,

440 2929 474 2985 ut
496 2921 608 2984 dandis
629 2923 886 3005 recipiendisque
909 2921 1044 2994 meritis,
1067 2921 1153 3004 quod
1177 2922 1314 3003 quisque
1337 2920 1440 2981 minus
1463 2940 1522 3003 per
1542 2942 1576 2984 se
1598 2924 1668 3005 ipse
1691 2935 1768 3004 pos·

440 3025 505 3090 set,
533 3015 566 3079 id
594 3017 751 3100 acciperet
780 3017 819 3077 ab
849 3015 914 3078 alio
943 3015 1144 3098 vicissimque
1172 3015 1335 3087 redderet,
1363 3033 1403 3075 an
1432 3020 1517 3076 esset
1544 3015 1606 3077 boc
1633 3015 1766 3098 quidem

440 3110 603 3192 proprium
625 3110 799 3182 amicitiae,
829 3110 884 3171 sed
912 3109 1073 3191 antiquior
1102 3116 1134 3171 et
1160 3106 1324 3190 pulchrior
1346 3115 1378 3170 et
1402 3109 1499 3190 magis
1522 3127 1540 3171 a
1562 3117 1674 3172 natura
1694 3109 1767 3191 ipsa

402 3204 579 3288 ²⁰proiecta
601 3204 664 3267 alia
686 3223 790 3266 causa.
826 3203 923 3265 Amor
944 3202 1038 3276 enim,
1061 3222 1102 3265 ex
1124 3221 1186 3285 quo
1209 3202 1347 3265 amicitia
1369 3203 1527 3265 nominata
1543 3210 1600 3276 est,
1616 3202 1766 3287 princeps

439 3306 487 3362 est
515 3299 554 3362 ad
582 3297 834 3361 benevolentiam
864 3296 1127 3377 coniungendam.
1180 3298 1256 3358 Nam
1279 3295 1432 3358 utilitates
1455 3295 1583 3379 quidem
1607 3296 1701 3359 etiam
1724 3296 1765 3359 ab

439 3393 479 3454 iis
501 3394 718 3475 percipiuntur
739 3410 845 3472 saepe,
868 3391 922 3472 qui
946 3390 1148 3452 simulatione
1171 3390 1326 3451 amicitiae
1350 3388 1499 3451 coluntur
1513 3398 1545 3452 et
1559 3390 1767 3453 observantur

440 3487 591 3567 temporis
613 3504 724 3548 causa:
746 3485 778 3546 in
801 3483 938 3545 amicitia
961 3490 1065 3545 autem
1090 3483 1165 3545 nibil
1183 3482 1301 3556 fictum,
1316 3478 1394 3545 nibil
1411 3481 1601 3557 simulatum,
1617 3489 1656 3557 et,
1672 3483 1767 3567 quid·

441 3578 517 3662 quid
540 3586 602 3653 est,
632 3579 665 3640 id
688 3585 736 3640 est
759 3598 867 3639 verum
891 3584 924 3639 et
945 3576 1168 3639 voluntarium.
1212 3574 1264 3638 nt.
1292 3576 1494 3659 Quapropter
1514 3596 1533 3639 a
1556 3586 1666 3641 natura
1689 3575 1766 3640 mibi

402 3673 565 3735 revidetur
586 3671 692 3754 potius
714 3691 807 3753 quam
828 3670 866 3732 ab
881 3666 1055 3751 indigentia
1071 3678 1139 3731 orta
1155 3671 1309 3744 amicitia,
1325 3669 1537 3752 adplicatioue
1553 3672 1652 3754 magis
1667 3670 1765 3733 animi

439 3785 508 3828 cum
532 3764 669 3848 quodam
693 3783 787 3826 sensu
810 3764 934 3825 amandi
964 3783 1058 3844 quam
1082 3764 1273 3844 cogitatione
1297 3772 1447 3846 quantum
1469 3762 1524 3825 illa
1545 3783 1595 3826 res
1618 3763 1766 3827 utilitatis

440 3867 524 3921 esset
546 3858 697 3920 habitura.
734 3856 827 3931 Quod
852 3855 979 3939 quidem
1003 3856 1097 3939 quale
1121 3859 1161 3919 sit
1182 3858 1275 3918 etiam
1299 3857 1331 3918 in
1354 3857 1464 3919 bestiis
1487 3857 1676 3940 quibusdam
1698 3859 1768 3921 ani·

440 3952 592 4014 madverti
615 3958 727 4033 potest,
750 3971 832 4033 quae
856 3970 951 4013 exse
975 3959 1065 4012 natos
1088 3950 1131 4011 ita
1153 3958 1258 4011 amant
1280 3950 1320 4011 ad
1343 3950 1504 4034 quoddam
1526 3960 1650 4033 tempus
1673 3958 1706 4013 et
1724 3947 1767 4014 ab

440 4046 486 4107 eis
508 4046 550 4108 ita
572 4052 726 4118 amantur,
749 4052 784 4105 ut
806 4044 896 4106 facile
920 4064 1026 4106 earum
1043 4064 1155 4105 seusus
1171 4052 1329 4126 appareat.
1365 4043 1458 4118 Quod
1476 4045 1507 4107 in
1523 4045 1649 4107 bomine
1666 4045 1766 4109 multo

302 4141 306 4153 '
403 4149 431 4196 ³0
441 4147 489 4201 est
511 4139 697 4211 evidentius,
721 4139 855 4219 primum
879 4159 918 4200 ex
942 4158 978 4200 ea
1000 4139 1141 4211 caritate,
1167 4158 1247 4220 quae
1270 4148 1317 4199 est
1339 4140 1419 4200 iuter
1442 4148 1531 4200 natos
1554 4148 1586 4200 et
1604 4148 1765 4221 parentes,

441 4252 522 4316 quae
546 4232 649 4294 dirimi
673 4232 733 4294 nisi
757 4231 934 4294 detestabili
958 4234 1078 4294 scelere
1102 4252 1166 4292 non
1189 4240 1307 4312 potest,
1331 4231 1444 4294 deiude
1468 4253 1537 4294 cum
1560 4234 1672 4295 similis
1694 4252 1766 4295 seu-

439 4347 493 4389 sus
515 4326 617 4388 extitit
639 4327 762 4397 amoris,
785 4326 811 4386 si
834 4326 972 4409 aliquem
996 4326 1078 4387 nacti
1105 4347 1229 4398 sumus,
1252 4326 1340 4387 cuius
1363 4347 1433 4387 cum
1450 4328 1589 4388 moribus
1606 4335 1637 4389 et
1652 4336 1767 4389 natura
1797 4366 1800 4370 -

440 4439 659 4502 congruamus,
683 4419 769 4502 quod
793 4420 826 4480 in
849 4441 886 4481 eo
912 4422 1001 4502 quasi
1024 4421 1128 4482 lumen
1153 4418 1282 4501 aliquod
1306 4420 1470 4500 probitatis
1493 4427 1525 4481 et
1546 4421 1670 4482 virtutis
1695 4439 1767 4504 per·

439 4515 560 4595 spicere
584 4515 753 4575 videamur.
799 4511 849 4575 98.
872 4515 956 4575 Nibil
981 4524 1029 4575 est
1051 4512 1133 4574 enim
1157 4515 1270 4574 virtute
1292 4513 1466 4586 amabilius,
1489 4513 1567 4575 nibil
1592 4513 1675 4596 quod
1700 4533 1767 4575 ma·

401 4608 486 4689 aegis
509 4606 627 4669 alliciat
654 4606 692 4668 ad
720 4606 931 4689 diligendum,
962 4608 1079 4690 quippe
1109 4627 1178 4668 cum
1207 4616 1335 4690 propter
1357 4610 1502 4669 virtutem
1526 4616 1556 4670 et
1578 4609 1766 4689 probitatem

439 4701 531 4763 etiam
555 4720 627 4773 eos,
651 4721 731 4782 quos
754 4720 928 4783 numquam
952 4701 1104 4773 vidimus,
1128 4702 1264 4782 quodam
1290 4700 1382 4763 modo
1399 4701 1577 4782 diligamus.
1621 4700 1701 4775 Quis
1717 4712 1769 4766 est

439 4795 494 4877 qui
519 4794 552 4887 C:
574 4794 726 4867 Fabricii,
754 4795 805 4856 Μ’.
829 4794 914 4856 Curii
942 4815 1006 4856 uon
1030 4815 1100 4855 cum
1124 4796 1251 4857 caritate
1274 4795 1382 4878 aliqua
1404 4795 1558 4858 benevola
1582 4795 1766 4859 memoriam

1655 4967 1765 4979 -

505 5065 528 5113 l.
547 5064 568 5111 si
586 5065 777 5123 qaoautemG
806 5089 833 5099 -
859 5064 883 5112 2.
902 5064 989 5112 abbis
1008 5063 1111 5113 BGSV
1140 5090 1167 5100 —
1196 5066 1437 5127 quaeritoteom.D
1466 5092 1492 5101 -
1520 5065 1544 5114 3.
1563 5066 1768 5129 outanlueroE

438 5135 528 5196 solus,
553 5136 629 5201 prob.
644 5138 772 5199 Madvigio
790 5139 886 5200 Opusc.
906 5140 941 5195 ΙΙ,
955 5138 1003 5187 ate
1023 5165 1048 5175 -
1074 5138 1098 5188 l.
1116 5140 1186 5202 filum
1204 5143 1328 5203 quoddam
1347 5141 1364 5189 E
1386 5166 1411 5175 -
1437 5141 1543 5189 rationis
1561 5141 1581 5187 V
1599 5154 1660 5190 curn
1678 5143 1768 5205 spatio

438 5228 523 5265 vacuo
540 5217 601 5262 aute
618 5218 669 5260 rat.
692 5239 713 5248 -
737 5213 761 5261 6.
781 5213 878 5276 scaen]
891 5215 932 5262 red
949 5215 965 5262 S
985 5240 1010 5247 —
1032 5220 1059 5262 tu
1075 5217 1157 5276 mapis
1174 5217 1190 5264 S
1214 5244 1235 5251 u
1256 5217 1359 5279 osanna*
1377 5216 1444 5265 BSV
1462 5243 1493 5252 -
1515 5216 1539 5265 8.
1555 5216 1604 5277 suit
1620 5216 1678 5265 buia
1697 5218 1716 5267 D
1736 5242 1765 5253 -

438 5293 477 5341 lt).
497 5293 520 5340 ei
537 5289 665 5350 defendere
683 5289 725 5350 qai
743 5289 777 5346 E,
802 5290 823 5338 ei
839 5292 886 5351 fuit
903 5290 1031 5351 defendere
1048 5291 1090 5350 qui
1107 5291 1123 5336 S
1145 5317 1170 5326 -
1197 5292 1236 5339 ll.
1255 5299 1356 5338 seruato
1375 5291 1416 5339 bs
1436 5317 1462 5325 -
1486 5293 1592 5350 coeperit
1608 5291 1656 5340 GV
1676 5317 1702 5327 -
1724 5292 1766 5341 ⁴2.

438 5367 536 5428 quidem
552 5366 597 5413 boc
614 5365 630 5412 S
647 5391 680 5400 —
701 5362 740 5413 tt.
761 5365 819 5411 dum
836 5378 866 5413 ue
883 5379 972 5426 aequm
990 5365 1007 5412 B
1026 5392 1057 5400 —
1079 5366 1350 5415 launomaro
1371 5393 1396 5399 -
1426 5366 1620 5428 recipiendisque
1636 5367 1676 5415 uel
1692 5380 1768 5416 recu-

435 5442 554 5503 perendie
571 5441 590 5490 E
610 5468 635 5475 -
656 5451 705 5500 quo
722 5439 860 5499 quisqueC
882 5467 906 5473 —
927 5440 966 5488 ⁴8.
987 5439 1018 5487 ab
1034 5439 1077 5487 illo
1096 5440 1114 5488 E
1136 5465 1156 5472 -
1180 5441 1220 5487 id.
1240 5455 1272 5489 ec
1290 5441 1346 5504 quo]
1364 5442 1429 5489 uode
1446 5442 1462 5489 S
1483 5468 1508 5476 -
1529 5443 1658 5489 nominato
1675 5447 1710 5489 cst
1728 5442 1766 5490 C:

438 5517 569 5565 nominato
586 5516 605 5564 0
623 5540 650 5550 -
669 5516 710 5564 il.
729 5516 894 5575 contunqendi
911 5518 943 5572 G,
969 5516 1120 5577 iungendam
1138 5516 1205 5564 BSV
1224 5541 1250 5550 -
1270 5521 1345 5564 etrom
1363 5529 1416 5566 om.
1432 5517 1498 5565 sssv
1520 5543 1544 5551 -
1565 5517 1597 5564 ab
1614 5517 1651 5565 bis
1667 5517 1768 5565 Busv

441 5618 467 5627 -
488 5592 528 5640 23.
545 5593 641 5654 [actum
657 5591 698 5639 uel
712 5592 797 5652 &tum
815 5592 833 5637 G
854 5591 919 5649 tsiue
932 5594 984 5649 est),
1002 5592 1087 5652 fictum
1105 5596 1139 5639 est
1156 5591 1262 5650 BESV,
1286 5598 1320 5639 est
1336 5594 1421 5653 fictum
1439 5593 1458 5639 D
1481 5618 1506 5626 -
1526 5591 1566 5640 il.
1585 5592 1610 5638 id
1627 5596 1661 5639 cst
1678 5604 1768 5639 uerum

441 5666 526 5715 BGV:
548 5666 613 5714 idem
630 5671 665 5716 est
680 5679 769 5713 uerum
786 5667 814 5721 S.
839 5666 864 5713 id
881 5680 970 5714 ueram
987 5672 1020 5714 est
1040 5667 1070 5723 Ε,
1094 5668 1120 5714 id
1137 5671 1160 5714 ct
1176 5679 1263 5713 ueram
1283 5668 1364 5725 uitio
1386 5693 1410 5701 -
1439 5667 1639 5714 aoluotorumG
1667 5691 1694 5701 -
1723 5666 1764 5715 27.

439 5741 585 5789 habitaturo
602 5743 622 5789 G
642 5768 667 5777 -
688 5740 727 5789 28.
748 5741 790 5801 qui
807 5754 839 5788 ec
857 5742 876 5789 E
897 5768 922 5775 -
942 5743 979 5789 ita
996 5741 1078 5789 abeis
1096 5741 1115 5789 E
1135 5766 1160 5775 -
1182 5741 1220 5789 ra
1241 5748 1360 5801 uppercot
1377 5743 1396 5789 G
1417 5767 1442 5774 -
1468 5741 1507 5789 ³0.
1528 5754 1559 5788 cc
1576 5742 1684 5788 caritate
1701 5751 1770 5800 quae

442 5815 506 5863 iuter
521 5821 593 5865 nator
610 5824 644 5865 est
662 5818 681 5865 D
702 5840 727 5850 ·-
754 5816 793 5865 32.
812 5817 897 5865 existit
915 5817 935 5865 D
956 5844 981 5851 —
1005 5816 1045 5866 34.
1065 5816 1200 5864 amabilius
1215 5818 1342 5865 uirtuteO
1363 5844 1388 5851 -
1417 5817 1457 5865 36.
1476 5831 1516 5865 eos
1533 5819 1608 5864 etium
1625 5817 1645 5864 0
1664 5841 1690 5850 -
1711 5816 1768 5877 quis

442 5896 525 5940 amm
541 5899 575 5942 eat
591 5894 616 5947 S.
635 5892 692 5952 qaia
707 5893 773 5941 onim
792 5896 826 5941 eat
844 5893 863 5940 D
885 5917 911 5926 -
931 5891 970 5940 37.
990 5892 1033 5950 qui
1051 5892 1067 5939 S
1086 5893 1111 5939 in
1130 5903 1212 5951 marg.
1236 5918 1261 5926 —
1281 5905 1314 5939 m.
1328 5892 1392 5940 curii
1410 5892 1479 5939 st
1499 5917 1525 5927 -
1545 5891 1634 5952 utiquo
1651 5890 1768 5941 beniuolo

439 5963 591 6030 (bmiuoiam
602 5968 630 6029 B)
649 5969 682 6019 C:
707 5966 795 6030 aliqua
811 5972 834 6017 et
851 5967 1016 6019 benevolentia
1033 5967 1066 6028 0,
1090 5968 1178 6030 atiquo
1195 5966 1375 6017 beneuolentiae
1392 5967 1502 6029 bladvig.
