4342 7459
716 1232 786 1296 n..
800 1232 839 1296 11.
868 1230 1190 1298 enarr-xxm
1217 1230 1422 1317 span-78.
1673 1228 1736 1295 444

409 1412 538 1468 omnes,
568 1392 625 1476 qui
654 1410 722 1455 rem
750 1390 909 1475 publicam
937 1393 1172 1476 gubernabunt,
1202 1394 1369 1459 consulere
1391 1391 1551 1457 debebunt
1570 1398 1607 1455 ut
1628 1410 1735 1456 earum

408 1507 514 1551 rurum
537 1486 630 1570 copia
650 1485 702 1560 sit,
724 1506 808 1570 quae
830 1494 905 1549 sunt
926 1486 966 1549 ad
986 1487 1103 1551 victum
1126 1489 1330 1552 necessariae.
1368 1485 1508 1564 Quarum
1529 1486 1633 1572 qualis
1652 1505 1736 1549 com-

407 1581 529 1664 paratio
558 1574 626 1641 lieri
657 1578 759 1643 soleat
788 1587 820 1642 et
850 1580 981 1653 debeat,
1011 1600 1075 1644 non
1097 1587 1146 1644 est
1166 1600 1296 1646 necesse
1317 1580 1496 1664 disputare;
1526 1587 1575 1645 est
1596 1580 1735 1644 enimin

408 1682 576 1758 promptu:
603 1680 725 1736 tantum
747 1672 839 1736 locus
860 1674 1064 1755 attingendus
1086 1674 1156 1737 luit.
1200 1672 1252 1737 75.
1275 1675 1377 1759 Caput
1397 1684 1503 1738 autem
1525 1673 1628 1737 estin
1650 1673 1736 1736 omni

408 1765 633 1851 procuratione
654 1766 775 1848 negotii
798 1776 831 1830 et
851 1768 993 1831 muneris
1014 1768 1150 1851 publici,
1178 1775 1213 1832 ut
1234 1768 1383 1833 avaritiae
1405 1767 1541 1852 pellatur
1562 1768 1655 1831 etiam
1678 1767 1759 1829 mit

409 1861 495 1924 nima
517 1860 664 1943 suspitio.
716 1858 903 1934 alltinamn,
924 1861 1033 1943 inquit
1054 1862 1089 1924 C.
1104 1863 1235 1926 Pontius
1258 1862 1399 1937 Samnis,
1429 1860 1492 1925 rad
1515 1860 1571 1923 illa
1592 1868 1736 1941 tempora

409 1974 460 2017 me
489 1952 617 2015 fortuna
644 1954 870 2017 reservavisset
898 1963 931 2018 et
961 1962 1027 2017 tum
1058 1976 1159 2019 essem
1188 1963 1301 2029 natus,
1334 1955 1462 2040 quando
1490 1953 1623 2018 Romani
1650 1953 1735 2015 dona

408 2047 555 2129 accipere
576 2048 773 2132 coepissent!
808 2067 873 2111 non
902 2067 1004 2112 essem
1030 2068 1142 2132 passus
1169 2048 1291 2112 diutius
1312 2068 1369 2112 eos
1390 2049 1577 2132 imperare.»
1621 2050 1668 2111 lie
1688 2044 1735 2109 illi

409 2141 508 2204 multa
529 2141 657 2204 saecula
678 2140 892 2224 exspectanda
912 2140 1056 2215 luerunt3
1079 2141 1173 2205 medo
1195 2142 1280 2204 enim
1303 2142 1363 2205 hoc
1386 2142 1504 2206 malum
1524 2142 1558 2205 in
1573 2145 1735 2206 banorum

409 2235 570 2319 publicam
599 2235 724 2298 invasit
776 2236 888 2317 ltaque
915 2233 1007 2298 facilc
1035 2238 1137 2318 patior
1163 2243 1230 2299 tum
1259 2236 1366 2319 potius
1394 2238 1540 2299 Pontium
1562 2235 1677 2310 luisse,
1707 2235 1735 2299 si
1744 2246 1773 2293 44

409 2327 540 2413 quidem
568 2329 602 2392 in
630 2327 687 2391 illo
718 2336 838 2391 tantum
865 2327 926 2392 luit
951 2328 1087 2392 roboris.
1130 2329 1277 2392 Nondum
1306 2338 1431 2394 centum
1460 2338 1506 2394 ct.
1520 2330 1631 2395 decem
1660 2329 1735 2393 anni

410 2429 502 2497 sunt,
524 2442 595 2486 cum
619 2422 659 2486 de
681 2423 826 2505 pecuniis
848 2421 1035 2506 repetundis
1057 2441 1075 2485 a
1097 2422 1133 2484 L.
1151 2422 1266 2485 Pisone
1288 2422 1351 2486 lata
1373 2422 1426 2488 lex
1448 2430 1512 2498 est,
1534 2422 1621 2487 nulla
1643 2432 1736 2487 antea

409 2536 480 2580 cum
502 2514 626 2579 luisset.
668 2517 709 2580 st
737 2536 813 2580 varo
842 2525 951 2600 postea
982 2523 1029 2579 tot
1051 2515 1138 2599 leges
1160 2523 1192 2579 et
1214 2535 1389 2599 proxumae
1412 2535 1559 2600 quaeque
1581 2515 1736 2591 duriores,

411 2618 460 2673 tot
478 2610 537 2683 rei,
559 2617 607 2673 tot
628 2607 778 2685 damnali,
800 2617 922 2673 44444444
946 2604 1114 2693 [ltalicum]
1138 2608 1256 2672 bellum
1271 2617 1400 2695 propter
1413 2611 1603 2675 iudiciorum
1617 2620 1735 2675 metum

411 2703 601 2776 excitatum,
623 2710 711 2766 tanta
733 2703 865 2767 sublatis
886 2704 1010 2787 lapibus
1033 2712 1064 2766 44
1084 2702 1211 2767 iudiciis
1234 2703 1388 2786 expilatio
1409 2703 1612 2787 direptioque
1633 2706 1773 2768 socio-⁴⁵

410 2815 496 2870 rum,
523 2803 561 2859 ut
582 2796 790 2861 inbecillitate
813 2796 962 2871 alicam,
991 2817 1055 2861 non
1078 2805 1185 2861 nostra
1207 2797 1322 2860 virtute
1343 2796 1516 2861 valeamus.
1559 2795 1735 2861 xxl1.76.

411 2888 535 2953 Laudat
560 2888 743 2953 Africanum
772 2891 958 2964 Panaetius,
991 2890 1077 2973 quod
1107 2890 1203 2954 luerit
1230 2890 1401 2954 abstinens.
1457 2888 1578 2967 Quidni
1606 2891 1735 2956 laudetl

412 2982 475 3046 Sed
496 2982 530 3044 in
551 2981 608 3045 illo
629 2983 692 3047 alia
712 2983 842 3046 maiora.
885 2983 968 3046 Laus
990 2982 1201 3076 obstipentiae
1222 3002 1286 3046 non
1308 2982 1446 3047 bominis
1468 2990 1517 3047 est
1536 2985 1656 3061 solum,
1678 2984 1736 3049 sed

412 3077 507 3141 etiam
534 3083 713 3160 temporum
739 3078 877 3141 illorum.
927 3076 1021 3140 Omni
1046 3076 1253 3141 Macedonum
1281 3095 1375 3159 pana,
1404 3097 1487 3162 quae
1507 3076 1570 3140 fnit
1590 3080 1736 3152 maxima,

411 3171 532 3253 potitus
556 3165 629 3254 [est]
653 3169 769 3234 Paulus
796 3178 917 3233 tantum
941 3170 974 3232 in
995 3171 1151 3234 aerarium
1174 3171 1329 3254 pecuniae
1350 3171 1486 3245 invexit,
1514 3180 1550 3235 ut
1572 3175 1667 3236 unius
1688 3173 1775 3235 444-44

412 3264 567 3346 paratoria
596 3264 715 3347 praeda
741 3264 837 3327 finem
867 3264 1009 3329 attulerit
1030 3264 1238 3328 tributorum:
1267 3272 1300 3327 at
1319 3263 1373 3328 hic
1393 3263 1473 3329 nihil
1496 3264 1625 3329 domum
1648 3285 1737 3329 suam

412 3356 521 3421 intulit
547 3366 673 3441 praeter
700 3358 884 3422 memorium
912 3358 1050 3421 nominis
1072 3359 1307 3441 sempiternam.
1351 3359 1494 3422 Imitatus
1515 3366 1636 3442 patrem
1656 3358 1739 3423 Airi-

413 3471 510 3515 canus
532 3451 632 3516 nihilo
653 3451 843 3536 locupletior
863 3450 1056 3532 Karthagine
1078 3470 1199 3515 eversa.
1236 3451 1343 3527 Quidl
1367 3453 1422 3536 qui
1445 3452 1515 3515 eius
1535 3452 1658 3537 collega
1677 3453 1738 3518 fuit

413 3546 447 3608 in
468 3564 610 3621 censura,
631 3547 668 3608 l.
682 3546 861 3620 Mummius,
882 3564 959 3608 num
981 3545 1059 3628 quid
1082 3546 1252 3629 copiosior,
1274 3567 1345 3610 cum
1362 3545 1612 3629 copiosissimam
1628 3549 1737 3612 urbem

412 3639 556 3704 funditus
578 3640 780 3705 sustulisset?
817 3639 939 3703 ltaliam
963 3658 1076 3703 ornare
1099 3659 1194 3723 quam
1217 3640 1344 3703 domum
1367 3658 1456 3703 suam
1479 3640 1606 3703 maluit:
1628 3655 1776 3725 quam-ao

414 3753 511 3820 quam
535 3735 626 3798 ltalia
647 3741 760 3797 ornata
788 3734 901 3797 domus
925 3733 996 3817 ipsa
1020 3732 1096 3795 milri
1119 3733 1245 3797 videtur
1265 3734 1415 3797 ornatior.
1457 3729 1509 3796 77.
1531 3734 1660 3799 Nullum
1679 3737 1740 3819 igi·

415 3837 466 3892 tur
486 3829 596 3892 vitium
617 3829 751 3891 4444444444
773 3835 835 3902 444,
857 3835 893 3890 ut
914 3847 969 3902 eo,
992 3827 1077 3891 unde
1100 3826 1243 3911 digressa
1257 3835 1318 3902 est,
1332 3826 1448 3891 referat
1461 3845 1496 3890 se
1511 3830 1629 3903 oratio,
1644 3849 1740 3913 quam

414 3923 556 3998 avaritia,
580 3922 765 4006 praesertim
789 3923 821 3984 in
844 3921 1041 4005 principibus
1062 3929 1095 3984 et
1115 3941 1181 3986 rem
1202 3921 1362 4005 publicam
1384 3919 1643 4004 gubernantibus.
1677 3923 1741 3985 lla·

415 4015 491 4080 bere
512 4016 598 4079 enim
622 4015 769 4100 quaestui
791 4034 856 4078 rem
878 4014 1037 4099 publicam
1064 4034 1130 4077 non
1152 4015 1249 4079 modo
1271 4022 1362 4100 turpe
1383 4023 1449 4088 est,
1475 4014 1531 4078 sed
1553 4015 1739 4080 sceleratum

415 4111 511 4176 etiam
533 4118 566 4174 et
586 4107 751 4174 nefarium.
794 4110 919 4192 ltaque,
942 4108 1028 4191 quod
1044 4108 1160 4190 Apollo
1175 4108 1305 4193 Pythius
1328 4107 1489 4172 oraculum
1511 4108 1626 4184 edidit,
1648 4110 1777 4193 Spar-to

415 4213 479 4268 44444
508 4204 595 4269 nulla
624 4225 660 4268 re
686 4203 748 4267 alia
776 4203 837 4265 nisi
868 4202 1001 4265 avaritia
1028 4221 1099 4264 esse
1124 4203 1313 4284 periturum,
1343 4203 1376 4266 id
1398 4202 1524 4266 videtur
1551 4223 1613 4266 non
1637 4204 1740 4266 solum

415 4299 682 4373 Lacedaemoniis,
704 4296 760 4361 sed
783 4297 877 4359 etiam
902 4295 1049 4358 omnibus
1071 4295 1232 4378 opulentis
1253 4296 1382 4380 populis
1403 4296 1609 4380 praedixisse.
1647 4295 1741 4359 Nulla

415 4401 522 4456 autem
551 4413 586 4456 re
614 4392 783 4456 conciliare
805 4389 931 4452 facilius
953 4388 1206 4452 benevolentiam
1228 4388 1440 4452 multitudinis
1462 4396 1598 4474 possunt
1619 4389 1657 4463 ii,
1686 4391 1741 4471 qui

415 4488 462 4551 rei
490 4486 638 4570 publicae
666 4493 833 4572 praesunt,
863 4503 957 4568 quam
986 4483 1178 4546 abstinentia
1206 4490 1238 4546 et
1259 4482 1464 4546 continentia.
1506 4478 1558 4544 78.
1581 4482 1645 4559 Qui
1666 4501 1741 4548 vcro

480 4750 507 4800 t.
524 4748 669 4799 4444444444
685 4759 737 4810 op:
755 4744 916 4796 om.llllbo
935 4769 962 4780 -
984 4744 1263 4807 3.(444444444444444444
1279 4755 1296 4806 p
1314 4767 1341 4779 -
1361 4740 1743 4806 4.0444444444444·-444444444

413 4823 507 4886 publici
524 4823 608 4875 om.b
628 4847 655 4859 -
672 4823 796 4873 44444444
813 4821 941 4883 op-tl.
960 4824 1110 4882 otomop
1128 4843 1156 4854 -
1175 4815 1395 4880 4444444444444
1415 4842 1443 4857 -
1461 4816 1741 4885 4.44444444444444;

415 4899 652 4960 4444444444-
672 4894 900 4957 ccclpererlonnb
920 4919 947 4930 -
972 4894 996 4945 8.
1014 4894 1149 4944 Naso·
1169 4892 1193 4944 4.
1211 4893 1422 4943 lancem-o-
1443 4892 1742 4960 lt.robortsom.opo

417 4973 807 5024 -Noadsaueuimcestwuo
836 4996 862 5005 -
890 4969 1163 5030 4444444444444444
1189 4993 1216 5004 -
1243 4966 1458 5029 taccuflanp:
1482 4968 1634 5018 estlacllo
1654 4996 1680 5005 -
1701 4971 1741 5022 43.

416 5048 569 5099 44444444
595 5073 622 5084 -
646 5045 687 5096 44.
706 5045 871 5108 dempaotlp
894 5069 921 5080 -
945 5041 1321 5097 montiacensem:
1346 5040 1743 5095 44444444444444444444444444444

415 5148 449 5161 -
465 5123 581 5173 Italicum
602 5120 654 5172 del.
673 5120 744 5170 Belle
766 5118 853 5170 schol.
873 5119 1006 5183 llypomn.
1028 5118 1062 5166 lV
1083 5130 1110 5181 p.
1125 5116 1182 5167 496.
1209 5142 1241 5154 -
1270 5117 1310 5167 444.
1329 5116 1686 5182 direptioqosltsdlcioqasp
1713 5142 1741 5155 -

417 5200 458 5248 47.
476 5200 687 5262 emissemus
714 5220 742 5231 -
771 5194 811 5245 48.
830 5194 919 5243 444444
935 5193 1025 5242 ottob
1051 5215 1079 5227 -
1108 5190 1271 5242 444444444444
1288 5203 1345 5254 op:
1369 5190 1625 5253 4444444444444444)
1650 5219 1677 5230 -
1702 5194 1742 5244 te.

417 5274 506 5324 044444
522 5277 539 5325 b
557 5301 583 5310 -
603 5274 644 5323 20.
661 5273 756 5335 potitus
773 5271 790 5320 l.
806 5270 831 5320 F.
847 5270 1005 5333 lleuelnger:
1022 5267 1117 5329 potitus
1132 5273 1167 5316 444
1184 5268 1248 5330 Cpo
1266 5293 1298 5304 -
1319 5266 1349 5315 la
1365 5268 1496 5316 4444444444
1513 5272 1611 5316 tontum
1624 5269 1745 5330 pecuniae

416 5360 444 5405 4;
464 5352 492 5401 iu
509 5350 639 5399 cerarium
653 5349 774 5410 pecceslea
790 5349 852 5409 (om.
865 5346 970 5406 44444444)
988 5342 1019 5402 b;
1044 5347 1143 5392 44444444
1159 5343 1186 5390 lu
1202 5342 1334 5391 4444444444
1347 5340 1481 5403 pecuniam
1498 5353 1535 5404 op
1552 5366 1585 5378 -
1606 5342 1649 5392 44.
1661 5342 1745 5392 Adbuc

416 5424 493 5474 4444444
508 5438 525 5488 p
544 5451 571 5460 -
590 5426 691 5473 4444444444
707 5434 781 5471 roem
793 5432 820 5482 p.
838 5432 871 5469 m.
891 5434 918 5469 44.
935 5419 1113 5480 senpiternam
1129 5416 1214 5466 44444444
1230 5427 1299 5479 opo.
1323 5415 1389 5466 Vide
1406 5429 1440 5466 na
1457 5419 1601 5479 utrumque
1620 5415 1743 5478 verbum,

418 5500 445 5548 44
460 5498 543 5548 44444444
559 5501 586 5549 44
604 5498 702 5556 detulit,
725 5499 758 5547 sit
778 5495 944 5560 grammatici
966 5492 1076 5543 alicuius
1097 5490 1322 5556 supplementum.
1352 5518 1379 5529 -
1409 5492 1449 5542 ll.
1466 5491 1619 5554 4444444444
1647 5518 1673 5528 -
1700 5492 1741 5543 43.

417 5572 542 5637 salloop
569 5598 595 5609 -
623 5572 807 5635 corltuptnec
835 5593 863 5606 ··
889 5569 1082 5632 misceam
1100 5568 1153 5625 ab;
1172 5566 1482 5629 44444444444444444444
1509 5592 1537 5603 -
1563 5566 1604 5617 il.
1624 5568 1746 5629 4444444444

419 5647 486 5698 llab
509 5672 535 5683 -
563 5647 605 5697 26.
624 5648 740 5697 44444444
755 5646 856 5695 uidetur
872 5656 910 5707 op
938 5669 965 5681 -
992 5642 1033 5691 st.
1051 5646 1079 5691 444
1096 5655 1133 5702 eo,
1150 5641 1216 5691 444444
1231 5641 1344 5704 44444444
1359 5644 1404 5700 est,
1421 5640 1517 5701 reseret
1532 5640 1631 5691 Nonius
1647 5654 1674 5705 p.
1685 5640 1743 5693 4444.

421 5748 448 5759 -
467 5724 579 5785 elpram
595 5735 610 5773 o
628 5725 655 5773 et
671 5722 782 5773 Nonius:
801 5732 901 5784 eprssan
918 5718 1049 5775 umbo,
1067 5718 1182 5781 44444444
1198 5714 1352 5768 Lambinus.
1382 5714 1420 5767 cl.
1434 5715 1507 5765 Brut.
1526 5715 1609 5779 83⁰⁰·
1639 5716 1742 5770 Verrtn.

420 5796 453 5846 tv
470 5797 538 5861 8³5·
558 5796 591 5848 de
609 5797 683 5847 deor.
703 5800 756 5846 nel.
776 5796 810 5845 444
828 5795 896 5859 fido.
915 5793 949 5844 de
967 5791 1075 5842 divinat.
1094 5793 1104 5841 l
1122 5791 1204 5856 5⁴⁰⁹·
1232 5818 1260 5832 -
1283 5794 1324 5845 48.
1342 5800 1366 5845 44
1383 5793 1488 5843 bllsb:
1508 5806 1561 5844 om.
1575 5805 1635 5857 opo
1655 5820 1682 5832 -
1700 5795 1744 5847 tu.

420 5877 668 5936 4444444444.4;
697 5868 1026 5935 pacominum·
1054 5866 1743 5933 ilo.orncslsssaop:oreclumflll,oroclsb;

420 5946 524 5995 44444444
540 5945 591 5996 alll.
611 5971 639 5982 -
658 5947 699 5998 44.
718 5947 773 5998 4444
789 5955 873 5997 om.o
893 5970 920 5982 -
938 5952 1133 5995 eunome·
1152 5941 1193 5993 44.
1209 5943 1231 5994 44
1246 5942 1303 5995 Bb:
1324 5942 1406 6005 etih
1428 5941 1454 5993 444
1470 5953 1501 6006 4,
1518 5941 1599 6005 illm
1617 5954 1710 6007 om.p.

484 6046 573 6096 um
592 6046 620 6095 r.
632 6046 672 6096 1v.
1509 6031 1550 6098 45
