4342 7459
444 1219 528 1286 tou
1012 1214 1225 1282 CICERONIS

445 1382 616 1439 Horrironae
634 1383 788 1435 monstrant
807 1377 921 1450 lulemee,
941 1380 967 1431 ot
985 1391 1093 1446 oeeqere
1115 1391 1176 1432 eero

448 1476 515 1536 l'oee
534 1492 632 1533 eanenr
649 1476 733 1531 varia
750 1473 892 1545 placitum
910 1471 1051 1528 cornicula
1077 1488 1199 1528 carmen.

444 1572 541 1629 Rauca
559 1573 644 1627 etiam
660 1571 783 1641 primum
801 1569 855 1624 ooli
874 1574 938 1623 tuna
955 1583 1101 1622 murmura
1121 1568 1198 1624 corni

443 1665 618 1737 lnqeminaut
637 1670 661 1720 et
680 1680 707 1719 ee
726 1677 827 1735 maqno
845 1667 907 1733 poet
926 1663 1035 1732 oqmine
1053 1662 1179 1732 iuuqnnt,

443 1758 531 1830 Atque
550 1759 641 1816 alacri
657 1757 771 1813 subeunt
789 1762 925 1811 nocturno
944 1755 1049 1811 rubilia
1072 1761 1166 1811 turma

446 1851 590 1910 Cantantes
609 1853 741 1908 multum:
761 1852 878 1907 multum
897 1852 1016 1922 qaudere
1039 1856 1163 1921 putarer,

445 1945 492 2004 Sia
511 1948 596 2002 laetor
614 1948 726 2001 mixtim
744 1947 850 2001 iactant
868 1961 950 2016 euper
969 1945 1081 2000 artiora
1101 1950 1214 2001 eantur:

444 2040 480 2097 Et
498 2041 540 2097 oel
558 2044 589 2096 in
608 2043 691 2097 aeriis
710 2042 798 2097 ramie
816 2041 859 2097 uel
878 2042 909 2095 in
928 2041 1028 2097 arbore
1051 2057 1160 2097 eumma

447 2133 607 2191 Concutiunt
624 2136 735 2190 reelueer
753 2133 812 2190 Eoo
831 2141 950 2205 tempore
968 2150 1081 2206 pennae.

448 2229 524 2286 Tune
543 2231 676 2284 immmua
695 2244 794 2300 qruum
813 2229 907 2283 ridear
926 2229 1048 2284 omiente
1065 2242 1160 2284 emeno

445 2322 566 2396 Aqmina
584 2323 698 2394 prolixo
717 2323 787 2391 semi
804 2338 886 2393 super
905 2327 972 2378 alra
991 2327 1093 2392 traetn,

444 2416 500 2474 Nee
519 2418 600 2473 eemel
617 2418 754 2487 inceptum
772 2430 850 2471 oereo
867 2417 934 2487 pede
952 2417 1056 2488 stertere
1080 2430 1199 2473 aureum.

446 2508 478 2567 Si
496 2512 586 2567 subito
605 2518 745 2567 astrorum
762 2510 882 2566 nullum
902 2510 985 2566 iubar
1009 2510 1176 2575 obscuretur,

445 2604 501 2664 Neo
520 2606 619 2660 ‹leruae
638 2605 809 2661 abscondant
828 2610 893 2661 atra
912 2604 1031 2676 ooiiqine
1048 2604 1147 2678 nubae,

445 2700 501 2758 Neo
519 2700 641 2765 nebulio,
662 2716 711 2755 neo
729 2702 785 2755 rint
803 2701 912 2756 oietriei
931 2700 1053 2756 obnoxia
1072 2699 1185 2764 Lunae,

446 2794 551 2852 Inclita
568 2797 615 2850 sed
631 2796 748 2867 proprio
767 2800 938 2851 moreeeeant
956 2795 1050 2850 sidera
1071 2799 1163 2863 motu,

448 2888 522 2945 Tune
540 2890 592 2944 tibi
610 2904 666 2944 non
683 2890 824 2960 placitam
842 2890 981 2960 promittit
999 2887 1125 2960 luppiter
1146 2888 1287 2952 uetleram,

446 2981 500 3041 Sed
519 2985 609 3039 tristes
628 3000 730 3040 aurae:
752 2986 822 3041 eaeli
839 2987 949 3057 reqione
967 2985 1017 3040 rul
1044 3001 1103 3040 una

445 3077 592 3135 lmmotam
611 3081 706 3136 ridear
725 3080 774 3135 illo
794 3096 900 3151 quoque
920 3086 1039 3152 umpore
1056 3080 1169 3144 nubem,

445 3173 667 3245 Praeterlapeam
687 3175 775 3231 aliam
794 3182 876 3247 atque
894 3176 983 3231 aliam
1000 3181 1062 3246 poet
1081 3182 1159 3249 terqa
1177 3178 1345 3246 sequentem,

444 3269 501 3327 llil
519 3274 545 3324 et
564 3269 602 3324 ael
620 3277 731 3340 paetum
749 3271 858 3341 maqnie
877 3269 1053 3342 elonqorilue
1078 3285 1176 3325 anter:

446 3362 544 3421 Secula
561 3379 647 3435 parea
665 3379 762 3419 novem
781 3366 880 3420 cornia
899 3365 951 3419 tibi
968 3365 1050 3437 liqna
1069 3364 1208 3434 procellae

444 3458 529 3516 Noote
548 3459 628 3514 dalit
646 3458 764 3514 etriaene
778 3473 920 3528 rerumque
938 3457 1085 3513 monedula
1111 3462 1241 3527 cantone,

444 3552 480 3609 Et
500 3559 626 3624 rnrqente
644 3554 689 3609 elio
707 3569 803 3624 parrer
820 3552 995 3625 reliquaeque
1019 3553 1143 3609 ooluoree

445 3647 575 3721 Aequora
594 3650 757 3720 linquentes:
779 3656 842 3705 tune
860 3655 885 3706 ot
903 3649 1013 3721 epetmo
1040 3648 1144 3704 subibit

358 3737 362 3746 '
446 3739 573 3801 Oreliluo
593 3750 618 3798 et
636 3759 750 3800 reeaoae
770 3744 890 3800 latebrae
910 3746 1037 3816 anquiret
1061 3745 1195 3807 eritlteue,

444 3834 638 3909 Nocturnoque
656 3846 736 3893 eatur
754 3840 884 3894 condetur
902 3838 1031 3910 qraoulue
1054 3845 1146 3895 antro.

447 3931 513 3990 Cum
533 3936 596 4003 [era
615 3939 758 4003 tempestae
777 3935 880 4002 instat,
900 3934 995 3990 nullae
1013 3935 1133 4005 undique
1152 3948 1229 3990 eerae

446 4026 609 4084 Pluoenioiae
629 4030 776 4084 uariarum
794 4029 890 4100 apium
908 4035 1032 4084 utruaere
1049 4035 1190 4098 eawrotm,

445 4119 575 4192 Mellifleo
595 4128 638 4177 aut
657 4123 731 4177 intuo
749 4138 805 4178 uere
824 4123 967 4178 aerinaere
987 4122 1098 4178 labori:

444 4215 533 4288 Atque
551 4218 603 4272 iter
622 4219 758 4288 inceptum
776 4218 872 4290 reluqo
889 4234 939 4290 per
958 4224 1056 4289 operta
1074 4217 1169 4273 volatu

446 4309 622 4382 Strymoniae
640 4328 738 4382 rupere
755 4328 835 4384 qruee
854 4318 879 4367 et
898 4319 975 4384 terqa
1000 4313 1141 4367 alelmum.

444 4402 500 4462 Nee
520 4406 586 4460 moia
606 4407 637 4460 in
653 4407 766 4477 placido
785 4423 847 4462 eum
865 4407 952 4474 sertor
971 4422 1077 4462 aranea
1103 4406 1195 4471 eaelo,

443 4498 500 4556 Aut
521 4501 610 4555 inrita
628 4502 696 4556 nitet
714 4503 856 4557 manantis
874 4504 989 4575 llamma
1008 4502 1146 4566 lucernae,

445 4591 500 4649 Aut
520 4595 607 4649 tenuis
626 4595 743 4650 einmem
760 4597 898 4665 percurrit
917 4596 1010 4668 sulqor
1029 4595 1065 4652 al
1087 4596 1163 4668 iqni,

444 4685 556 4759 Neqliqe
575 4704 686 4743 eaeoam
704 4689 830 4744 leiemem.
871 4686 924 4744 Sea
942 4689 1010 4759 qaid
1029 4690 1191 4745 documenta
1209 4687 1299 4757 littorei

446 4780 537 4839 llulta
556 4783 609 4838 tili
627 4786 771 4853 reseram?
792 4783 866 4840 Ciuie
885 4782 925 4857 (et
944 4787 1011 4857 quil
1029 4785 1114 4841 oiliue
1132 4781 1220 4855 tttot)

447 4875 590 4934 Coronatur
608 4879 726 4935 nimium
744 4880 837 4934 nioeoe
856 4879 998 4935 denuntiat
1023 4880 1140 4936 imbreo:

447 4971 607 5029 Praemonet
625 4975 673 5029 too
692 4981 718 5030 et
735 4976 788 5043 [aa
806 4976 936 5031 nocturni
955 4978 1065 5032 conseia
1083 4977 1172 5046 ¹penei,

447 5065 513 5124 Cum
531 5068 610 5122 milio
628 5069 744 5139 paribus
763 5070 879 5125 eandem
900 5070 1039 5141 ellqelmio
1064 5071 1169 5141 eiqnie,

448 5158 522 5216 Tune
541 5162 627 5231 spirea
647 5164 734 5218 veniet
752 5162 882 5234 qlaeialie
902 5163 937 5218 ab
961 5165 1068 5219 aetluere
1091 5164 1213 5235 qranelo,

447 5251 513 5310 Com
531 5257 597 5311 nitet
616 5263 751 5312 extremus
770 5258 898 5313 candenti
917 5258 1019 5314 iumine
1044 5258 1145 5323 corbo,

446 5347 500 5405 Sed
517 5350 621 5404 medius
640 5351 755 5406 nebulae
772 5352 847 5406 tenui
865 5351 973 5407 velatur
992 5354 1104 5409 amictu.

445 5441 509 5500 Non
527 5446 618 5500 caruit
636 5446 733 5515 siquis,
754 5461 824 5518 quae
842 5461 899 5500 non
917 5452 943 5500 et
960 5446 1115 5514 tructione>
1133 5446 1205 5510 ilex,

445 5535 508 5593 Non
526 5539 610 5609 niqra
628 5539 772 5593 lentiomee:
801 5555 835 5594 ne
853 5540 950 5607 sarran
972 5540 1079 5594 inutilis
1106 5546 1197 5596 aeetae

444 5630 574 5702 Esqlueret
593 5634 731 5702 manlium
753 5634 878 5689 erelrum
897 5650 1025 5691 monuere
1043 5636 1181 5692 colonum.

446 5723 512 5781 Cum
530 5729 614 5798 niqra
632 5729 752 5784 densatio
771 5737 902 5785 curvatur
919 5730 1067 5802 qlanaioue
1090 5732 1160 5800 ileu,

443 5816 557 5878 lnoooat
576 5821 706 5879 libentur
723 5820 894 5895 qeliaimimo
913 5831 1036 5898 temporo
1055 5825 1178 5888 immae.
