4342 7459
442 1252 504 1322 ⁴98
726 1260 780 1326 DE
802 1261 960 1326 numus
982 1262 1179 1325 BONORUM
1200 1262 1253 1326 ET
1273 1262 1474 1327 uatouuu

440 1432 473 1493 in
496 1451 534 1494 eo
556 1431 626 1513 ipso
648 1430 794 1513 prodest,
817 1429 902 1514 quod
923 1430 967 1492 ita
989 1430 1078 1513 fungi
1102 1426 1205 1493 officio
1226 1431 1259 1492 in
1281 1438 1367 1494 recte
1388 1430 1479 1494 factis
1502 1438 1566 1505 est,
1589 1451 1672 1515 quae
1687 1439 1763 1496 sunt

442 1532 509 1586 orta
530 1545 551 1585 o
571 1524 748 1586 virtutibus.
795 1524 885 1598 Quae
919 1524 1044 1605 quidem
1073 1525 1233 1606 sapientes
1263 1533 1411 1588 secuntur
1432 1526 1511 1588 duce
1536 1532 1664 1590 natura:
1696 1545 1760 1589 non

441 1618 572 1700 perfecti
594 1624 700 1680 autem
721 1617 865 1679 homines
887 1623 920 1678 et
941 1624 1043 1679 tamen
1066 1617 1201 1699 ingeniis
1224 1618 1453 1681 excellentibus
1469 1618 1604 1701 praediti
1620 1619 1763 1682 excitan-

440 1718 492 1772 tur
513 1726 609 1792 saepe
631 1710 744 1793 gloria,
767 1729 850 1793 quae
871 1709 967 1773 hahet
988 1713 1126 1792 speciem
1143 1711 1318 1774 honestatis
1335 1720 1365 1773 et
1380 1711 1629 1774 similitudinem.
1666 1712 1761 1787 Quod

417 1804 467 1866 ssi
496 1805 597 1886 ipsam
624 1804 818 1866 honestatem
845 1804 988 1887 undique
1023 1804 1193 1887 perfectam
1222 1812 1318 1887 atque
1347 1804 1539 1877 absolutam,
1571 1825 1638 1868 rem
1666 1824 1762 1868 unam

440 1897 720 1979 praeclarissimam
742 1897 882 1959 omnium
906 1899 1104 1981 maximeque
1127 1897 1329 1971 laudandam,
1357 1898 1481 1979 penitus
1504 1899 1661 1970 viderent,
1684 1916 1763 1980 quo-

441 2011 513 2054 nam
541 1990 656 2073 gandio
685 1990 934 2073 complerentur,
963 2011 1033 2054 cum
1066 1998 1151 2054 tanto
1180 2010 1275 2071 opere
1305 1992 1373 2052 eius
1401 1990 1586 2054 adumbrata
1614 1991 1762 2073 opinione

441 2085 619 2148 laetentur?
662 2081 713 2145 70.
737 2084 839 2158 Quem
861 2087 944 2148 enim
968 2084 1107 2147 deditum
1124 2080 1357 2165 voluptatibus,
1381 2104 1474 2167 quem
1492 2083 1698 2167 cupiditatum
1714 2084 1763 2147 in·

442 2178 562 2242 cendiis
582 2180 826 2251 inflammatum,
849 2179 936 2240 iniis
956 2178 1129 2261 potiendis,
1152 2196 1233 2260 quae
1248 2177 1399 2239 acerrime
1414 2175 1658 2258 concupivisset,
1679 2183 1765 2240 tauta

405 2273 561 2338 rolaetitia
582 2270 730 2354 perfundi
751 2272 952 2346 arbitramur,
975 2279 1092 2355 quanta
1112 2277 1165 2332 aut
1180 2270 1374 2351 superiorem
1389 2269 1570 2331 Africanum
1587 2270 1763 2333 Hannibale

441 2367 524 2428 vieto
546 2371 603 2428 aut·
621 2365 830 2445 posteriorem
851 2366 1043 2446 Karthagine
1065 2366 1197 2427 eversa?
1221 2383 1316 2444 quem
1331 2363 1479 2425 Tiberina
1495 2362 1659 2425 descensio
1681 2364 1763 2427 festo

442 2457 497 2520 illo
528 2457 579 2519 die
610 2464 695 2520 tanto
724 2459 842 2540 gaudio
873 2460 992 2533 affecit,
1025 2466 1144 2541 quanto
1167 2458 1201 2518 L.
1224 2456 1384 2529 Paullum,
1415 2476 1486 2518 cum
1508 2475 1613 2538 regem
1637 2458 1763 2521 Persem

442 2559 567 2633 captum
590 2550 775 2625 adduceret,
797 2551 909 2615 eodem
931 2553 1060 2615 flumine
1083 2551 1241 2613 invectio?
1278 2545 1329 2610 7t.
1350 2551 1417 2632 Age
1432 2569 1531 2623 nunc,
1553 2550 1631 2611 Luci
1646 2558 1763 2625 noster,

443 2652 569 2708 exstrue
591 2644 697 2706 animo
718 2645 918 2709 altitudinem
940 2646 1222 2727 excellentiamque
1243 2644 1410 2705 virtutum:
1433 2645 1493 2706 iam
1516 2663 1581 2706 non
1597 2642 1763 2719 dubitabis,

406 2740 517 2822 usquin
533 2757 641 2801 earum
656 2747 817 2821 compotes
836 2739 999 2813 homines,
1021 2737 1136 2820 magno
1152 2738 1257 2799 animo
1274 2743 1444 2819 erectoque
1458 2736 1616 2810 viventes,
1639 2756 1765 2820 semper

442 2833 505 2895 sint
525 2832 627 2894 beati:
650 2832 707 2914 qui
728 2833 831 2894 omnis
853 2840 958 2895 motus
980 2832 1123 2895 fortunae
1145 2831 1399 2914 mutationesque
1421 2849 1524 2892 rerum
1540 2838 1573 2892 et
1587 2838 1764 2913 temporum

441 2925 521 2988 levis
543 2933 575 2987 et
594 2923 771 2987 imbecillos
792 2925 860 2989 fore
881 2926 1081 3008 intellegant,
1105 2925 1186 2987 siin
1203 2924 1328 2986 virtutis
1348 2931 1504 2986 certamen
1521 2925 1674 2986 venerint
1707 2925 1764 2988 llla

442 3019 540 3091 enim,
563 3039 644 3102 quae
667 3026 781 3081 sunta
802 3020 895 3082 nohis
917 3020 999 3082 hona
1021 3019 1163 3102 corporis
1185 3024 1365 3090 numerata,
1393 3018 1552 3100 complent
1574 3036 1611 3080 ea
1634 3016 1763 3101 quidem

441 3112 653 3176 beatissimam
674 3113 786 3187 vitam,
808 3113 864 3176 sed
885 3115 947 3188 ita,
968 3121 1004 3176 ut
1025 3113 1093 3175 sine
1116 3113 1179 3175 illis
1201 3111 1302 3194 possit
1323 3110 1413 3174 beata
1435 3112 1498 3173 vita
1519 3112 1682 3173 exsistere.
1717 3110 1765 3173 lta

403 3207 524 3278 rcenim
551 3224 666 3288 parvae
695 3213 727 3268 et
749 3194 883 3288 exiguae
913 3214 987 3269 sunt
1008 3206 1088 3269 istae
1110 3206 1307 3268 accessiones
1330 3204 1498 3278 honorum,
1527 3213 1576 3279 ut,
1606 3207 1763 3290 quemad

440 3300 569 3363 modum
599 3300 711 3363 stellae
741 3301 774 3362 in
802 3300 899 3362 radiis
926 3300 1019 3373 solis,
1048 3300 1093 3362 sic
1114 3300 1192 3362 istae
1215 3300 1248 3362 in
1270 3299 1418 3360 virtutum
1441 3299 1609 3379 splendore
1633 3321 1673 3364 ne
1696 3322 1763 3365 cer·

439 3402 554 3458 uantur
582 3392 721 3477 quidem.
765 3390 941 3477 7a.a1que
971 3394 1031 3457 hoc
1059 3403 1095 3457 ut
1123 3414 1196 3456 vere
1224 3393 1353 3465 dicitur,
1383 3412 1480 3474 parva
1509 3413 1579 3455 esse
1606 3393 1645 3455 ad
1673 3394 1763 3459 beate

440 3487 610 3551 vivendum
632 3492 790 3549 momenta
816 3486 877 3548 ista
899 3489 1040 3568 corporis
1062 3485 1314 3559 commodorum,
1342 3488 1386 3548 sic
1409 3488 1500 3549 nimis
1522 3487 1693 3551 violentum
1716 3499 1764 3553 est

440 3581 526 3650 nulla
552 3601 622 3644 esse
649 3580 776 3655 dicere;
805 3581 861 3663 qui
890 3581 973 3642 enim
1004 3582 1048 3643 sic
1078 3580 1243 3662 disputant
1271 3579 1360 3641 obliti
1383 3580 1460 3640 mihi
1483 3580 1646 3656 videntur,
1680 3604 1762 3667 quae

401 3673 501 3756 rripsi
525 3673 657 3736 feceriut
678 3674 832 3757 principia
854 3681 994 3736 naturae.
1034 3673 1248 3736 Tribuendum
1271 3680 1319 3735 est
1341 3673 1436 3754 igitur
1458 3673 1506 3736 his
1528 3675 1664 3757 aliquid,
1687 3679 1760 3741 dum

440 3767 551 3841 modo,
580 3775 733 3849 quantum
761 3767 963 3829 tribuendum
993 3767 1052 3841 sit,
1081 3767 1256 3848 intellegas.
1298 3768 1355 3828 Est
1383 3767 1466 3828 enim
1493 3767 1674 3853 philosophi
1698 3790 1760 3832 non

439 3868 502 3923 tam
533 3860 668 3942 gloriosa
690 3880 784 3943 quam
807 3881 881 3924 vera
904 3862 1084 3944 quaerentis
1108 3882 1166 3923 uec
1190 3881 1246 3943 pro
1269 3861 1368 3923 nihilo
1390 3870 1501 3943 putare
1524 3881 1578 3935 ea,
1609 3882 1691 3945 quae
1713 3884 1762 3926 se·

439 3954 578 4016 eundum
599 3962 741 4016 naturam
763 3954 808 4016 illi
830 3956 890 4039 ipsi
913 3955 1040 4037 gloriosi
1063 3975 1133 4017 esse
1155 3955 1349 4028 fatebantur,
1375 3964 1407 4017 et
1429 3955 1535 4017 videre
1559 3962 1677 4018 mutam
1700 3958 1760 4019 vim

439 4048 562 4111 virtutis
586 4055 782 4131 tantamque,
805 4057 840 4111 ut
862 4050 905 4111 ita
927 4050 1045 4123 dicam,
1068 4051 1284 4111 auctoritatem
1300 4049 1489 4120 honestatis,
1511 4058 1546 4111 ut
1560 4049 1684 4131 reliqua
1700 4071 1761 4114 non

401 4143 493 4217 30illa
515 4143 644 4227 quidem
666 4143 767 4216 nulla,
790 4144 845 4205 sed
868 4144 912 4206 ita
934 4163 1029 4224 parva
1051 4144 1129 4215 sint,
1152 4151 1186 4206 ut
1209 4142 1294 4206 nulla
1316 4164 1384 4204 esse
1406 4143 1579 4205 videantur.
1616 4145 1701 4206 Haec
1716 4153 1763 4207 est

439 4258 497 4300 nec
526 4238 630 4300 omnia
658 4239 836 4317 spernentis
864 4248 989 4320 praeter
1012 4239 1155 4300 virtutem
1183 4246 1215 4299 et
1237 4238 1383 4299 virtutem
1406 4239 1506 4318 ipsam
1530 4238 1595 4299 suis
1619 4237 1762 4299 laudibus

439 4328 658 4413 amplificantis
681 4331 795 4403 oratio,
819 4331 956 4414 denique
980 4332 1057 4393 haec
1080 4340 1128 4393 est
1150 4330 1293 4412 undique
1316 4332 1470 4410 completa
1493 4338 1525 4391 et
1547 4330 1686 4411 perfecta
1709 4350 1763 4391 ex·

438 4424 564 4508 plicatio
587 4426 700 4485 summi
722 4425 808 4486 boni.
845 4426 926 4486 Hinc
949 4424 1044 4486 ceteri
1060 4424 1231 4506 particulas
1247 4424 1385 4505 arripere
1402 4425 1504 4486 conati
1522 4443 1610 4486 suam
1627 4426 1762 4506 quisque

439 4519 538 4580 videri
561 4518 662 4579 voluit
682 4518 793 4579 afferre
816 4514 1014 4580 sententiam.

401 4638 429 4685 35
522 4611 621 4672 XXV.
643 4607 694 4671 73.
718 4611 818 4695 Saepe
840 4612 878 4673 ab
893 4610 1072 4682 Aristotele,
1096 4630 1113 4672 a
1136 4611 1354 4692 Theophrasto
1375 4610 1559 4673 mirabiliter
1574 4617 1623 4673 est
1637 4610 1762 4673 laudata

439 4725 495 4788 per
517 4726 551 4767 se
573 4705 641 4788 ipsa
662 4725 766 4767 rerum
790 4705 930 4768 scientia.
973 4704 1041 4765 lloc
1062 4723 1126 4764 uno
1150 4712 1259 4784 captus
1282 4705 1398 4766 Erillus
1421 4706 1582 4766 scientiam
1605 4724 1761 4767 summum

439 4801 555 4861 bonum
585 4818 655 4860 esse
685 4798 828 4861 defendit
856 4819 915 4861 nec
945 4819 1011 4860 rem
1034 4797 1130 4859 ullam
1153 4796 1245 4858 aliam
1269 4819 1325 4880 per
1347 4818 1380 4859 se
1402 4799 1621 4879 expetendam.
1664 4798 1763 4860 Multa

440 4894 525 4957 dicta
553 4893 687 4955 suntab
715 4893 853 4976 antiquis
876 4894 915 4955 de
938 4891 1177 4954 contemnendis
1199 4910 1236 4952 ac
1258 4890 1468 4974 despiciendis
1491 4890 1583 4953 rebus
1605 4891 1761 4953 humanis.

504 5201 528 5249 ἰ.
548 5214 565 5248 c
586 5202 606 5248 G
628 5203 654 5249 et
677 5199 832 5250 Lambinus:
858 5212 911 5248 om.
930 5201 1012 5249 ceteri
1033 5199 1111 5249 codd.
1132 5203 1158 5249 ct
1175 5201 1202 5248 0.
1232 5199 1270 5248 Cf.
1290 5213 1315 5262 p.
1336 5198 1391 5257 tat,
1411 5198 1442 5246 38
1466 5200 1492 5247 et
1515 5200 1551 5259 ll,
1570 5198 1584 5261 ἓ
1602 5199 1642 5248 78.
1662 5225 1688 5234 -
1712 5213 1763 5261 qne

439 5276 552 5335 equesen
568 5275 603 5331 B3
621 5288 668 5336 qne
683 5275 795 5335 equidem
812 5274 831 5324 Ε
847 5300 873 5310 -
892 5279 1009 5323 secantur
1024 5275 1085 5322 duce
1101 5280 1195 5323 amaro
1207 5274 1362 5335 Madvigius:
1381 5278 1474 5321 utentes
1490 5280 1627 5333 sequnntur
1643 5276 1704 5324 duce
1714 5290 1762 5323 nc-

439 5357 499 5399 traee
518 5356 641 5410 terrenam
663 5350 697 5406 1³3
721 5355 858 5411 uquarum
873 5355 966 5398 euntes
988 5355 1116 5409 tamqnam
1135 5350 1196 5397 duce
1212 5356 1306 5396 nutura
1327 5360 1388 5396 cum
1412 5349 1498 5398 Marso
1521 5350 1540 5397 0
1564 5376 1590 5385 -
1616 5348 1641 5399 l.
1659 5351 1762 5411 speciem

440 5428 504 5477 BD:
522 5425 666 5488 [amomo
685 5450 712 5460 -
731 5424 756 5474 8.
774 5426 825 5486 One
841 5425 890 5474 BE
910 5450 936 5459 -
955 5437 1027 5483 quem
1045 5426 1107 5483 (non
1123 5427 1194 5483 cnoel
1213 5437 1268 5484 cap.
1283 5422 1393 5471 etiami]
1412 5448 1439 5456 -
1458 5422 1481 5470 9.
1494 5424 1624 5486 potiendis]
1636 5424 1762 5484 capiendis

440 5501 459 5549 ll
479 5527 505 5535 —
524 5498 604 5563 tanta]
621 5504 656 5549 est
672 5500 779 5547 tantali
799 5526 825 5535 -
847 5500 886 5547 it.
905 5500 1026 5561 descensio
1042 5499 1105 5547 BC:
1125 5498 1241 5546 dissensio
1260 5499 1293 5551 b;
1313 5498 1423 5545 demersio
1441 5498 1460 5547 0
1479 5523 1506 5532 -
1527 5498 1567 5546 ta.
1584 5511 1680 5559 persam
1698 5499 1758 5547 lili:

439 5576 526 5624 Persen
543 5574 597 5624 ΜΟ
616 5600 643 5609 -
667 5572 707 5622 43.
729 5573 829 5635 angeli
850 5599 876 5607 -
896 5573 936 5621 ⁴8.
957 5574 996 5636 eo]
1015 5586 1070 5623 eam
1088 5573 1106 5620 B
1129 5597 1155 5605 —
1182 5572 1221 5620 ⁴9.
1243 5572 1374 5620 consistere
1392 5572 1411 5618 D
1432 5597 1457 5605 -
1478 5572 1518 5619 ao.
1537 5572 1585 5619 sint
1603 5572 1647 5620 iste
1663 5572 1711 5621 BE
1730 5598 1757 5607 -

439 5649 479 5698 ἥ.
498 5647 555 5711 esse]
573 5648 642 5698 esth
662 5675 689 5684 -
707 5647 748 5697 ib.
764 5647 867 5707 secedat
884 5646 1040 5697 Lambinus:
1059 5647 1153 5710 egerint
1171 5645 1263 5703 codd.;
1282 5646 1404 5708 †eperint
1422 5646 1475 5694 blo
1495 5672 1520 5680 —
1544 5646 1646 5706 cttqnod
1664 5647 1711 5695 BE
1731 5671 1757 5681 -

439 5724 480 5773 26.
499 5725 563 5773 enim
581 5724 713 5774 Davisius:
740 5729 822 5772 tumen
845 5721 923 5771 codd.
942 5726 969 5770 et
986 5723 1019 5776 0;
1047 5723 1164 5783 ÷ramen
1182 5721 1205 5768 Μ
1226 5744 1252 5754 -
1272 5721 1312 5769 28.
1331 5721 1443 5781 fritentnr
1465 5720 1518 5768 EM
1544 5747 1570 5755 -
1594 5727 1691 5769 tuntum
1711 5732 1760 5768 esse

437 5799 489 5846 oim
506 5798 648 5861 Madvigius
664 5799 701 5861 (in
719 5798 917 5858 commentario)
937 5822 963 5831 —
989 5797 1028 5847 30.
1046 5797 1116 5845 nido
1134 5798 1195 5844 ante
1211 5796 1253 5844 sed
1270 5807 1322 5844 om.
1339 5796 1358 5844 B
1379 5821 1405 5830 -
1424 5794 1465 5844 36.
1482 5796 1537 5856 ipsa
1554 5807 1606 5843 non
1624 5794 1711 5844 om.B
1730 5818 1756 5828 -

437 5859 523 5922 eritius
538 5874 598 5923 lili:
616 5873 723 5925 lindius
738 5873 801 5924 ΜΟ.
820 5871 986 5935 ct.11,535.
1000 5898 1027 5908 -
1047 5871 1182 5934 sciendum]
1195 5872 1338 5920 mnwnticm
1356 5870 1374 5918 li
1391 5895 1417 5905 -
1438 5870 1477 5919 38.
1496 5871 1562 5919 dicta
1578 5870 1683 5918 suntB:
1702 5874 1759 5918 sunt

436 5948 505 6000 dieta
520 5949 545 6001 lt
555 5950 585 6002 0.
