4342 7459
699 1240 766 1303 nn.
787 1238 841 1304 rv.
868 1237 941 1303 cn.
964 1236 1194 1301 nvn-xix.
1221 1233 1267 1320 ss
1289 1231 1436 1299 ar-st.
1669 1226 1731 1295 444

406 1401 546 1487 pellunt,
567 1399 621 1464 ubi
642 1398 741 1463 semel
762 1418 781 1463 s
802 1399 925 1462 ratione
947 1398 1122 1463 discessum
1145 1405 1209 1473 est,
1234 1397 1368 1482 ipsaque
1390 1396 1450 1460 sibi
1471 1391 1662 1459 inbecillitas
1684 1393 1730 1456 in-

407 1497 516 1580 dulpct
535 1496 570 1559 in
591 1494 755 1578 altumque
778 1493 961 1576 provehitur
981 1492 1166 1576 imprudens
1188 1512 1247 1556 nec
1268 1492 1385 1575 reperit
1407 1491 1510 1554 locum
1528 1489 1732 1553 consistendi.

408 1589 510 1667 04444
532 1591 574 1653 ob
602 1608 668 1652 reru
695 1587 776 1650 nihil
802 1588 933 1650 interest
953 1594 1059 1650 utrum
1082 1585 1259 1649 moderatas
1282 1586 1534 1670 perturbationes
1556 1584 1735 1667 adprobent

407 1704 446 1748 sn
467 1682 663 1747 moderatam
679 1682 884 1757 iniustitiam,
908 1682 1100 1745 moderatam
1117 1681 1288 1764 ignaviam,
1311 1679 1506 1743 moderatam
1521 1679 1734 1762 intemperan-

408 1778 491 1842 tiam.
523 1776 587 1853 Qui
609 1778 694 1840 enim
711 1776 795 1841 vitiis
818 1776 946 1839 modum
962 1777 1109 1860 apponit,
1131 1778 1158 1839 is
1174 1784 1293 1858 partem
1309 1774 1441 1858 suscipit
1456 1773 1614 1836 vitiorum.
1641 1770 1758 1847 Quodn

408 1891 477 1934 eum
500 1872 602 1954 ipsum
624 1892 682 1955 per
703 1890 737 1934 se
759 1870 905 1934 odiosum
929 1878 987 1943 est,
1008 1879 1074 1934 tum
1098 1892 1136 1935 eo
1158 1869 1339 1943 molestius,
1362 1868 1438 1952 quia
1460 1867 1588 1931 suntin
1610 1866 1733 1929 lubrico

408 1966 598 2048 incitataque
620 1965 718 2028 semel
741 1964 871 2047 proclivi
895 1963 1044 2027 labuntur
1065 1964 1277 2045 sustinerique
1298 1962 1387 2025 nullo
1409 1961 1505 2028 modo
1528 1968 1671 2044 possunt.

490 2059 577 2121 xlx.
600 2054 652 2120 t3.
680 2057 786 2133 Quiri
817 2058 902 2141 quod
932 2056 1017 2120 idem
1043 2059 1241 2141 Peripatetici
1268 2056 1518 2141 perturbationes
1539 2056 1629 2130 istas,
1656 2073 1735 2139 ques

408 2171 464 2217 nos
494 2152 700 2235 extirpandas
730 2159 890 2235 putamus,
923 2170 985 2214 non
1015 2151 1110 2215 modo
1132 2151 1284 2216 naturalis
1305 2170 1376 2215 esse
1398 2150 1522 2225 dieunt,
1551 2150 1607 2213 sed
1640 2149 1735 2213 etiam

407 2248 526 2311 utiliter
547 2266 567 2311 a
588 2254 700 2309 natura
730 2246 837 2308 datas:
866 2265 1002 2329 quorum
1025 2256 1074 2310 444
1102 2248 1173 2311 talis
1196 2245 1308 2309 oratio.
1341 2245 1480 2309 Primum
1502 2244 1608 2308 multis
1631 2243 1773 2308 verbistt

408 2341 604 2405 iracundiam
625 2339 773 2403 landant:
802 2346 904 2403 cotem
925 2338 1120 2404 tortitudinis
1142 2360 1212 2404 esse
1235 2339 1359 2413 dicunt,
1386 2339 1550 2423 multoque
1572 2338 1658 2401 etin
1678 2338 1736 2401 bo·

408 2443 485 2499 stem
507 2441 540 2498 et
562 2435 597 2498 in
619 2433 788 2516 inprobum
811 2432 910 2495 civem
933 2434 1185 2498 vehementiores
1212 2434 1362 2497 iratorum
1385 2432 1520 2517 impetus
1542 2451 1630 2507 csse,
1657 2430 1736 2493 levis

408 2539 514 2595 autem
536 2528 730 2593 ratiunculas
753 2547 879 2602 conum,
902 2529 957 2611 qui
982 2530 1025 2591 ita
1047 2529 1241 2611 cogitarent:
1267 2526 1443 2611 aproelium
1465 2533 1585 2590 rectum
1608 2534 1657 2590 est
1676 2526 1737 2588 boe

408 2620 490 2699 lieri,
524 2622 673 2687 convenit
702 2620 851 2685 dimicare
879 2642 936 2704 pro
959 2621 1098 2704 legibus,
1132 2642 1188 2705 pro
1212 2620 1373 2696 libertate,
1406 2640 1464 2703 pro
1485 2620 1614 2703 patria.»
1649 2620 1737 2685 Haec

408 2717 525 2781 nullam
549 2716 668 2779 babent
690 2715 753 2778 vira
774 2714 837 2777 nisi
860 2714 906 2777 ire
928 2715 1097 2778 excanduit
1110 2714 1274 2778 fortitudo.
1306 2716 1371 2778 Nec
1387 2734 1462 2784 vero
1477 2715 1517 2777 de
1532 2713 1737 2778 bellatoribus
1747 2725 1775 2770 44

409 2811 507 2875 solum
531 2811 711 2894 disputant3
735 2809 867 2893 imperia
889 2809 1047 2872 severiora
1068 2807 1155 2873 nulla
1178 2830 1248 2872 esse
1271 2815 1384 2892 putent
1404 2810 1474 2871 sine
1494 2808 1603 2893 aliqua
1617 2806 1738 2870 acerbi·

409 2911 470 2968 tste
491 2903 695 2981 iracundiae;
719 2903 1041 2986 oratorem‘denique
1062 2923 1126 2966 non
1151 2903 1245 2967 modo
1265 2908 1478 2974 accusantem,
1502 2902 1558 2966 sed
1574 2922 1613 2965 ne
1629 2900 1738 2964 deien-

408 2997 533 3062 deutem
557 2997 687 3083 quidem
708 2996 843 3083 probant
863 2997 932 3060 sine
954 2999 1070 3061 aculeis
1092 2998 1291 3073 iracundiae,
1314 3016 1396 3082 quae
1411 2998 1504 3061 etiam
1519 2996 1547 3059 si
1565 3015 1630 3058 non
1644 2994 1738 3069 adsit,

409 3100 512 3157 tamen
536 3091 641 3156 verbis
663 3102 760 3176 atque
783 3099 871 3155 motu
893 3091 1103 3154 simulandam
1125 3091 1325 3166 arbitrantur,
1348 3099 1384 3154 ut
1404 3089 1558 3155 auditoris
1576 3089 1655 3152 iram
1669 3108 1738 3151 ora·

410 3189 485 3252 toris
513 3186 665 3251 incendat
693 3187 787 3251 actio.
828 3186 939 3249 Virum
972 3185 1109 3269 denique
1142 3185 1240 3247 videri
1267 3192 1383 3268 negant
1414 3183 1469 3269 qui
1491 3184 1585 3247 irasci
1606 3184 1778 3256 nesciatao

410 3298 561 3365 eamque,
583 3300 678 3365 quam
702 3279 863 3344 lenitatem
887 3300 945 3343 nos
968 3278 1118 3353 dicimus,
1140 3279 1256 3342 vitioso
1279 3277 1475 3342 lentitudinis
1490 3279 1617 3342 nomine
1631 3276 1739 3363 appel·

409 3372 483 3439 lent
523 3372 576 3438 44.
604 3376 669 3439 Nec
697 3394 772 3437 vero
799 3374 902 3437 solum
924 3374 1005 3436 banc
1033 3370 1196 3435 libidinem
1219 3371 1349 3437 laudant
1370 3405 1412 3419 -
1434 3379 1483 3436 est
1504 3372 1588 3435 enim
1611 3371 1677 3445 ira,
1705 3377 1740 3432 ut

410 3468 503 3532 uodo
524 3467 672 3542 delinivi,
701 3468 873 3531 ulciscendi
895 3466 993 3531 libido
1013 3502 1070 3541 -,
1099 3468 1154 3531 sed
1177 3467 1281 3551 ipsum
1303 3467 1382 3530 illud
1405 3487 1506 3551 genus
1528 3466 1578 3529 vel
1600 3465 1740 3530 libidinis

410 3562 458 3625 vel
479 3562 661 3646 cupiditatis
682 3561 722 3626 ad
745 3582 899 3626 summam
922 3561 1089 3625 utilitatem
1113 3581 1184 3625 esse
1206 3561 1315 3625 dicunt
1336 3581 1355 3624 a
1376 3570 1489 3624 natura
1512 3560 1637 3635 datum3
1659 3554 1740 3622 nibil

411 3656 492 3719 enim
516 3676 710 3740 quemquem
733 3656 793 3718 nisi
817 3657 903 3741 quod
926 3655 1033 3718 lubeat
1056 3655 1217 3738 praeclare
1238 3655 1344 3719 faeere
1367 3675 1473 3738 posse.
1507 3657 1608 3717 Noctu
1631 3654 1778 3716 amburi

411 3745 495 3811 labat
514 3750 548 3812 in
572 3748 700 3832 publico
724 3749 953 3813 Themistocles
978 3745 1077 3832 [quod
1100 3769 1247 3814 somnum
1268 3769 1382 3834 capere
1403 3769 1470 3812 uon
1497 3742 1617 3833 posset]
1643 3768 1741 3832 quae·

410 3843 616 3926 sentibusque
637 3844 850 3927 respondebat
871 3842 1021 3908 lliltiadis
1043 3845 1182 3927 tropaeis
1204 3864 1240 3908 se
1254 3863 1272 3907 e
1288 3863 1399 3908 somno
1414 3842 1569 3907 suscitari.
1604 3842 1660 3907 Cui
1676 3862 1741 3905 non

473 4056 499 4106 4.
517 4058 628 4119 repperit
645 4057 693 4106 Gli
708 4082 734 4092 -
748 4058 773 4106 t.
789 4057 898 4119 proeliati
910 4057 944 4108 C:
961 4058 1072 4119 procliue
1084 4056 1135 4107 4444.
1157 4056 1214 4107 Vid.
1228 4057 1332 4121 liedvig
1349 4057 1384 4108 ad
1401 4058 1456 4108 lin.
1469 4057 1491 4105 V
1503 4056 1518 4120 5
1530 4054 1570 4108 84.
1586 4084 1612 4095 -
1627 4057 1742 4107 sustineri

412 4132 542 4192 pussilli
561 4158 588 4167 -
609 4130 632 4179 9.
651 4130 772 4193 noslnon
789 4132 852 4189 Gli3
870 4146 920 4180 non
937 4144 1073 4196 superscr.
1092 4131 1139 4180 sB
1160 4158 1187 4167 —
1207 4132 1246 4181 44.
1265 4133 1291 4181 in
1309 4145 1363 4182 om.
1383 4133 1402 4181 C
1423 4160 1450 4169 -
1468 4132 1691 4182 uehementiorisc
1712 4160 1739 4169 -

414 4206 452 4255 45.
469 4207 560 4256 labem
577 4209 647 4266 (cum
666 4205 792 4264 Bentleio)
804 4233 841 4243 --
852 4207 1014 4256 esconduerit
1030 4208 1101 4267 (cum
1113 4206 1283 4269 Wopleusio)
1296 4208 1365 4257 Bake
1378 4205 1394 4256 l.
1408 4205 1425 4257 l.
1440 4220 1465 4270 p.
1480 4207 1536 4257 4444.
1552 4234 1577 4244 -
1593 4208 1634 4257 ab.
1653 4209 1744 4261 4444444

413 4279 432 4330 C
446 4307 472 4318 -
485 4282 527 4330 44.
541 4294 646 4343 musque
657 4308 671 4319 ·
680 4308 694 4318 -
706 4282 835 4344 appellant
847 4284 945 4333 Nonius
958 4297 983 4345 p.
998 4283 1053 4334 434.
1072 4311 1099 4320 -
1111 4283 1209 4332 nomina
1227 4282 1251 4330 in
1265 4294 1349 4343 marg.
1363 4280 1445 4331 habet
1456 4282 1477 4330 G
1491 4308 1517 4317 -
1536 4280 1577 4331 44.
1590 4283 1629 4332 uel
1640 4296 1692 4332 om.
1706 4283 1739 4332 ll.

414 4355 578 4420 ulregderua
594 4357 714 4421 scripsit:
739 4358 819 4420 ipsium
841 4359 902 4407 illud
918 4371 995 4421 penus
1012 4359 1059 4419 [uel
1075 4357 1183 4406 libidinis
1198 4356 1245 4420 uel]
1263 4357 1414 4418 cupiditatis.
1441 4358 1502 4406 Post
1521 4355 1601 4405 banc
1617 4356 1742 4406 libidinem

413 4430 438 4493 (i.
456 4444 481 4480 e.
500 4431 572 4481 hanc
593 4437 693 4491 partem
710 4431 751 4482 vel
773 4434 877 4494 speciem
899 4433 1014 4492 libidinis)
1036 4431 1113 4496 plane
1132 4444 1242 4481 necesse
1260 4430 1307 4480 luit
1324 4432 1410 4495 ipsum
1428 4428 1491 4480 illud
1507 4444 1584 4493 penus
1600 4431 1742 4496 perturba-

413 4504 502 4566 tionis,
522 4504 594 4567 quod
607 4506 701 4555 Cicero
719 4505 753 4555 ab
771 4508 843 4556 initio
861 4506 876 4569 5
894 4508 920 4557 44
941 4507 1050 4556 libidinis
1066 4507 1173 4557 nomine
1185 4504 1364 4570 appellaverat
1375 4505 1417 4566 (44.
1431 4503 1462 4568 §5
1475 4504 1514 4555 44.
1529 4508 1568 4555 45.
1583 4507 1623 4556 46.
1636 4507 1677 4557 44.
1691 4508 1741 4571 44),

413 4578 463 4629 bac
480 4592 588 4643 quoque
606 4577 665 4630 loco
682 4581 806 4631 libidinem
823 4582 890 4638 dici,
909 4582 981 4644 quod
1000 4595 1097 4632 nomen
1115 4582 1271 4631 aCicerone
1289 4582 1404 4645 positum
1422 4580 1501 4630 luisse
1514 4594 1575 4630 cum
1593 4582 1645 4631 hoc
1663 4596 1743 4646 ergu-

413 4658 503 4704 mento
521 4657 575 4712 est,
594 4653 667 4717 quod
684 4657 805 4718 sequitur
821 4657 870 4704 nisi
886 4658 952 4717 quod
968 4656 1077 4705 lubeat
1095 4656 1249 4719 (cupiditatis
1265 4656 1372 4704 nomine
1390 4653 1445 4704 solo
1461 4656 1546 4719 posito
1559 4655 1660 4706 dictum
1671 4662 1744 4708 esset

413 4730 458 4779 nisi
474 4730 542 4792 quod
558 4729 666 4791 4444444),
684 4733 740 4780 tum
758 4730 833 4792 iliud,
857 4732 929 4794 quod
947 4731 961 4793 5
979 4732 1020 4787 bb,
1046 4730 1090 4779 ubi
1108 4730 1287 4794 Peripateticis
1305 4728 1338 4778 ad
1361 4729 1432 4778 huuc
1449 4727 1537 4779 locum
1555 4743 1569 4779 a
1587 4730 1681 4781 Stoicis
1699 4746 1743 4782 re·

413 4804 570 4869 spondetur,
588 4804 697 4853 libidinis
714 4818 812 4854 nomen
831 4804 872 4855 bis
890 4804 992 4868 legitur.
1012 4804 1122 4855 Duobus
1134 4807 1213 4868 igitur
1224 4805 1345 4855 eiusdem
1357 4806 1395 4854 444
1407 4803 1559 4855 nominibus
1571 4807 1665 4857 Cicero
1677 4821 1743 4858 usus

413 4884 466 4941 est,
485 4882 555 4932 sicut
571 4879 585 4941 5
605 4880 635 4928 44
651 4878 728 4929 libido
743 4880 782 4928 uel
797 4881 921 4943 cupiditas
937 4882 1067 4942 4444444444.
1094 4879 1109 4943 5
1126 4879 1157 4931 34
1175 4880 1325 4942 adpetitione
1340 4880 1434 4940 nimia,
1457 4893 1533 4941 quam
1549 4885 1602 4931 tum
1617 4885 1743 4945 cupidita-

413 4960 474 5016 tem,
495 4961 550 5004 trun
569 4954 695 5003 libidinem
715 4955 828 5005 dimmus.
863 4955 878 5018 ἓ
895 4957 927 5006 et
948 4956 1023 5005 libido
1046 4955 1207 5017 uipiditasue.
1238 4956 1283 5012 tlt,
1301 4954 1333 5005 at
1357 4955 1404 5004 vel
1425 4954 1582 5017 cupiditas
1607 4963 1673 5008 recte
1695 4958 1744 5008 uel

414 5029 510 5081 libido
532 5030 582 5079 diti
602 5034 690 5091 potest.
724 5030 762 5078 De
783 5030 823 5080 444
844 5031 878 5080 ad
902 5032 988 5080 varias
1011 5029 1132 5080 eiusdem
1149 5032 1188 5080 rei
1211 5028 1415 5094 appellationes,
1440 5042 1554 5093 quarum
1571 5029 1653 5082 libera
1672 5035 1743 5098 optio

414 5104 501 5164 datur,
520 5102 694 5166 diiungendas
712 5101 753 5154 bis
771 5106 844 5153 terve
862 5106 948 5169 posito
966 5106 999 5155 ci.
1014 5107 1121 5169 praeter
1138 5104 1226 5156 locum
1244 5106 1363 5169 proxime
1380 5104 1516 5155 laudatum
1528 5106 1571 5164 lli,
1583 5106 1615 5156 44
1631 5108 1670 5157 vel
1683 5121 1743 5170 per·

414 5179 583 5229 turbationem
598 5178 637 5227 uel
652 5176 797 5234 morbomim
813 5181 900 5229 animi.
928 5179 1002 5230 04444.
1021 5181 1062 5239 lll,
1081 5179 1110 5230 44
1130 5181 1170 5230 444
1187 5181 1286 5242 Quirini
1301 5181 1340 5230 uel
1357 5181 1461 5230 llomuli.
1481 5178 1555 5230 Catil.
1569 5182 1623 5240 ll,t
1644 5185 1684 5232 vel
1693 5185 1744 5233 eie-

414 5255 491 5304 cimus
512 5254 551 5303 uel
570 5254 694 5303 emisimus
708 5255 747 5303 uel
758 5257 929 5318 --proseeuti
945 5269 1037 5305 mmus.
1066 5257 1149 5318 ligur.
1169 5256 1184 5320 g
1201 5256 1234 5306 49
1254 5255 1294 5305 uel
1314 5256 1477 5306 bmnanitmis
1492 5256 1532 5306 uel
1547 5257 1691 5308 clunmtiae
1706 5259 1745 5307 uel

414 5330 609 5380 nimicordiae.
635 5329 713 5378 Tusa.
733 5330 805 5393 Disp.
825 5332 867 5390 lli,
885 5329 917 5380 44
935 5332 1013 5380 animi
1029 5335 1111 5379 motus
1125 5332 1165 5380 uel
1185 5332 1292 5381 rationis
1307 5344 1397 5395 sapere
1412 5332 1453 5382 uel
1468 5333 1592 5383 rationem
1607 5347 1745 5397 4444444444

414 5405 451 5455 nd
471 5403 569 5454 44444444
589 5417 639 5453 non
659 5402 794 5453 oboediens.
818 5404 923 5469 iladvig
939 5405 973 5454 ad
990 5405 1044 5454 Fiu.
1064 5406 1094 5466 ll,
1113 5406 1172 5455 60.»
1190 5407 1232 5456 W.
1254 5433 1281 5442 —
1299 5407 1340 5457 46.
1360 5407 1426 5469 quod
1441 5419 1462 5456 s.
1481 5421 1503 5456 c.
1521 5422 1571 5458 non
1585 5408 1675 5471 posset]
1695 5410 1743 5457 sln

415 5476 455 5529 4444
471 5477 563 5529 uerbis
575 5476 693 5527 demiror
704 5479 731 5527 et
742 5479 939 5529 coniunctiuum
948 5485 1037 5543 posset,
1056 5483 1083 5529 et
1095 5482 1178 5543 magis
1191 5482 1271 5532 etiam
1282 5483 1423 5533 universae
1435 5483 1621 5533 enuntiationis
1633 5481 1742 5540 sedem;

417 5566 503 5618 neque
521 5556 593 5604 enim
612 5555 748 5604 Ciceronis
765 5559 835 5614 erat,
860 5556 910 5606 boc
934 5555 992 5606 loco
1010 5568 1120 5606 causam
1137 5558 1163 5606 et
1181 5558 1310 5607 rationem
1329 5556 1443 5608 reddere
1461 5559 1604 5607 nocturnae
1622 5555 1744 5606 ambula-

417 5630 501 5689 tionis,
520 5629 570 5679 sed
588 5627 613 5677 id
632 5629 766 5691 negotium
784 5643 912 5694 responso
925 5629 1118 5681 Themistocleo
1137 5644 1275 5681 reservare
1291 5633 1430 5696 integrum.
1450 5630 1629 5692 Quamobrem
1641 5630 1742 5681 scribe:

419 5702 595 5762 miurus,
614 5703 837 5768 quaerentibusque
853 5704 1029 5767 respondebat:
1052 5705 1117 5766 quod
1133 5717 1153 5753 s.
1172 5718 1193 5754 c.
1212 5712 1370 5767 nonpossat;
1388 5706 1592 5756 manuducens
1614 5706 1742 5754 Doanenu.

419 5777 495 5829 liscte
518 5778 666 5829 demiratur
688 5778 876 5839 Doederlinus;
903 5780 952 5830 sed
974 5780 1033 5829 vide
1056 5792 1090 5828 ne
1113 5777 1162 5828 iliis
1184 5779 1274 5831 verbis
1295 5782 1460 5846 transpositis
1483 5780 1582 5830 oriatur
1603 5779 1743 5843 tautologia

419 5862 529 5902 mum
545 5865 634 5913 cupiere
650 5865 700 5901 non
714 5867 785 5915 posse
802 5858 829 5903 et
844 5868 858 5904 e
874 5867 959 5903 somno
975 5855 1100 5903 suscitari⁴
1119 5855 1211 5917 ltaque
1230 5867 1278 5904 nos
1296 5868 1327 5904 ea
1344 5854 1510 5905 seclusimus.
1531 5877 1557 5888 -
1577 5867 1664 5904 sonaim
1681 5857 1701 5904 G
1714 5879 1740 5889 -

419 5924 457 5975 44.
474 5928 605 5977 mutuatis
623 5930 642 5978 c
663 5954 690 5966 -
710 5930 835 5992 irmionis
851 5931 923 5992 Gttt,
942 5929 1083 5993 tropaeislt
1104 5955 1130 5967 -
1149 5931 1270 5982 4444444444
1287 5930 1337 5982 titt
1354 5932 1381 5981 et
1397 5928 1569 5995 (4444444444
1587 5928 1621 5978 e.
