4342 7459
445 1226 509 1296 tto
895 1234 949 1297 DE
970 1232 1143 1297 DEORUM
1163 1231 1326 1298 NATURA

444 1392 557 1456 borum
578 1398 685 1457 autem
707 1389 739 1457 el
760 1412 868 1457 earum
889 1413 1008 1468 rerum,
1031 1413 1115 1478 quae
1137 1395 1309 1477 gignuntur
1330 1414 1348 1457 e
1370 1398 1470 1468 terra,
1492 1387 1651 1458 radicibus
1671 1390 1778 1459 inesse

445 1487 641 1570 principatus
662 1495 801 1570 putatur.
836 1488 1050 1573 Principalum
1073 1484 1178 1551 autem
1200 1489 1232 1551 id
1248 1489 1331 1563 dieo,
1355 1487 1442 1572 quod
1457 1488 1568 1552 Graeci
1584 1491 1778 1574 ἡγεμονικόν

445 1589 573 1656 vocant,
595 1602 661 1666 quo
683 1582 762 1645 nihil
783 1583 815 1645 in
832 1601 962 1665 quoque
984 1602 1099 1664 genere
1120 1603 1180 1645 nec
1201 1588 1307 1665 potest
1328 1602 1387 1644 nec
1408 1581 1504 1645 debet
1525 1603 1595 1647 esse
1616 1592 1779 1668 praestan·

445 1673 517 1738 tius.
553 1678 600 1740 lta
621 1696 750 1739 necesse
774 1685 822 1740 est
844 1676 923 1739 illud
945 1677 1056 1752 etiam,
1085 1679 1119 1739 in
1142 1697 1206 1760 quo
1235 1676 1277 1738 sit
1302 1676 1398 1738 totius
1420 1683 1551 1739 naturae
1572 1679 1779 1761 principatus,

421 1782 515 1830 sessa
537 1769 678 1833 omniurn
700 1770 854 1856 optimum
876 1773 1083 1856 omniumque
1106 1792 1210 1834 rerum
1234 1777 1390 1855 potestate
1411 1769 1640 1854 dominatuque
1663 1773 1781 1856 dignis-

444 1861 567 1924 simum.
604 1861 656 1929 30.
678 1867 832 1929 Videmus
853 1872 958 1929 autem
980 1867 1013 1928 in
1035 1867 1176 1950 partibus
1199 1864 1309 1928 mundi
1327 1899 1368 1951 .-
1383 1864 1462 1927 nihil
1478 1873 1527 1928 est
1542 1868 1626 1930 euim
1643 1868 1676 1929 in
1692 1868 1780 1931 omni

444 1957 573 2033 mundo,
595 1962 683 2043 quod
705 1981 770 2024 non
792 1982 866 2044 pars
888 1962 1027 2025 universi
1049 1963 1092 2024 sit
1105 1993 1147 2007 -
1160 1962 1264 2023 inesse
1280 1979 1409 2023 sensum
1432 1967 1528 2043 atque
1548 1961 1712 2024 rationem.
1742 1961 1780 2023 ln

444 2070 482 2113 ea
504 2060 593 2134 parte
615 2056 719 2137 igitur,
742 2056 773 2117 in
789 2074 852 2138 qua
866 2055 975 2118 mundi
991 2055 1074 2117 inest
1089 2054 1297 2136 principatus,
1319 2055 1399 2117 haee
1414 2054 1519 2116 inesse
1534 2074 1666 2120 necesse
1681 2063 1731 2119 est
1747 2062 1782 2119 et

442 2147 566 2210 acriora
588 2147 714 2232 quidem
738 2156 834 2232 atque
855 2149 985 2212 maiora.
1022 2148 1180 2224 Quocirca
1202 2150 1376 2232 sapientem
1394 2168 1464 2211 esse
1480 2150 1633 2210 mundum
1648 2167 1780 2212 neeesse

405 2248 492 2302 nest
512 2248 720 2325 naturamque
743 2263 829 2317 eam,
859 2263 940 2326 quae
969 2262 1019 2306 res
1042 2262 1152 2306 omnes
1174 2244 1331 2326 conplexa
1356 2251 1477 2317 teneat,
1508 2242 1704 2326 perfectione
1727 2262 1778 2306 ra·

441 2333 538 2397 tionis
561 2336 733 2410 excellere,
756 2356 860 2418 eoque
878 2336 974 2400 deum
995 2356 1066 2399 esse
1082 2336 1234 2399 muudum
1250 2357 1442 2419 omnemque
1458 2337 1521 2399 vim
1538 2337 1649 2400 mundi
1665 2345 1780 2400 natura

443 2426 551 2490 divina
572 2430 737 2493 contineri.
773 2433 878 2514 Atque
901 2431 995 2494 etiarn
1018 2432 1130 2493 mundi
1152 2431 1205 2495 ille
1229 2430 1335 2495 fervor
1355 2432 1480 2514 purior,
1503 2430 1697 2513 perlucidior
1713 2449 1779 2494 mo-

441 2520 598 2607 biliorque
629 2533 673 2586 cst
704 2523 804 2588 multo
833 2526 875 2587 ob
904 2543 1022 2608 easque
1052 2544 1162 2588 causas
1192 2526 1296 2607 aptior
1325 2525 1365 2588 ad
1396 2544 1508 2587 sensus
1531 2523 1779 2587 commovendos

445 2634 539 2697 quam
569 2616 622 2679 hic
647 2626 755 2682 noster
776 2618 877 2693 calor,
907 2638 972 2701 quo
995 2617 1088 2692 haec,
1118 2638 1199 2701 qnae
1222 2627 1297 2682 nota
1320 2619 1410 2682 nobis
1432 2624 1519 2692 sunt,
1547 2620 1726 2681 retinentur
1747 2624 1780 2681 et

405 2710 561 2792 strigent
603 2707 654 2774 34.
677 2712 856 2776 Absurdum
885 2712 1051 2795 igiturest
1078 2712 1200 2788 dicere,
1230 2734 1300 2776 cum
1330 2712 1476 2775 homines
1504 2711 1691 2796 bestiaeque
1719 2712 1780 2774 hoe

442 2803 548 2867 calore
569 2813 737 2869 teneantur
758 2813 790 2868 et
810 2814 980 2888 propterea
1002 2815 1189 2869 moveantur
1210 2826 1246 2869 ac
1267 2806 1424 2880 sentiant,
1446 2806 1599 2868 mundum
1622 2825 1693 2868 esse
1709 2805 1780 2868 sine

442 2916 554 2973 sensu,
583 2899 639 2983 qui
661 2900 784 2983 integro
806 2908 838 2963 el
861 2901 960 2963 libero
983 2908 1015 2963 et
1036 2921 1116 2985 puro
1139 2901 1317 2983 eodemque
1338 2900 1493 2962 acerrimo
1514 2907 1548 2962 et
1569 2900 1778 2963 mobilissimo

441 2991 554 3056 ardore
576 3000 735 3068 teneatur,
764 2994 950 3077 praesertim
972 3016 1043 3058 curn
1067 2994 1094 3058 is
1115 2996 1224 3069 ardor,
1248 2994 1304 3077 qui
1327 3001 1376 3056 est
1398 2993 1524 3067 mundi,
1554 3013 1618 3056 non
1641 2994 1780 3077 agitatus

441 3086 480 3149 als
503 3088 564 3151 alio
586 3108 692 3173 neque
715 3098 847 3154 externo
869 3090 982 3173 pulsu,
1011 3089 1066 3153 sed
1098 3109 1156 3172 per
1176 3109 1212 3153 se
1237 3090 1307 3171 ipse
1328 3108 1366 3150 ac
1388 3106 1445 3150 sua
1467 3093 1582 3169 sponte
1603 3096 1779 3151 moveatur.

401 3182 520 3245 sertam
542 3181 619 3266 quid
641 3190 839 3265 potestesse
861 3184 980 3246 mando
1000 3184 1172 3257 valentius,
1195 3182 1283 3266 quod
1307 3181 1406 3264 pellat
1428 3189 1523 3265 atque
1546 3188 1672 3243 moveat
1694 3179 1780 3243 calo-

440 3293 508 3337 rem
530 3294 619 3350 eum,
649 3298 712 3358 quo
739 3278 793 3340 ille
814 3281 985 3341 teneatur?
1029 3275 1174 3340 x11.32.
1198 3276 1371 3340 Audiamus
1394 3276 1478 3337 enim
1499 3275 1661 3338 Platonem
1685 3274 1778 3358 quasi

440 3369 600 3455 quendam
622 3370 717 3435 deum
740 3371 1021 3455 philosophorum:
1045 3373 1095 3435 cui
1119 3372 1184 3434 duo
1208 3371 1313 3454 placet
1331 3390 1402 3433 esse
1418 3377 1538 3442 motus,
1561 3388 1660 3430 unum
1675 3387 1777 3441 suum,

440 3463 575 3527 alterurn
602 3471 782 3536 externum,
812 3485 881 3528 esse
904 3473 1010 3529 autem
1032 3465 1187 3539 divinius,
1219 3464 1305 3548 quod
1335 3464 1440 3546 ipsum
1462 3482 1503 3525 ex
1525 3481 1559 3525 se
1582 3480 1640 3525 sua
1661 3469 1775 3544 sponte

441 3566 619 3632 moveatur,
641 3578 737 3640 quam
760 3559 846 3642 quod
869 3560 961 3642 pulsu
984 3563 1121 3641 agitetur
1136 3559 1251 3621 alieno.
1286 3559 1379 3620 Hunc
1393 3564 1499 3620 autem
1515 3562 1637 3618 motum
1652 3556 1686 3617 in
1700 3554 1776 3618 solis

402 3651 555 3714 teanimis
577 3671 647 3714 esse
669 3654 761 3734 ponit
781 3653 821 3715 ab
842 3652 957 3736 hisque
979 3654 1169 3735 principium
1194 3662 1299 3716 motus
1321 3672 1392 3715 esse
1408 3651 1537 3713 ductum
1560 3657 1660 3732 putat.
1691 3649 1778 3726 Qua·

440 3754 586 3828 propter,
615 3747 765 3828 quoniam
788 3768 829 3810 ex
851 3748 961 3811 mundi
982 3749 1094 3811 ardore
1117 3756 1221 3811 motus
1244 3747 1347 3811 omnis
1370 3747 1478 3819 oritur,
1504 3746 1531 3807 is
1553 3752 1658 3807 autem
1683 3742 1777 3807 ardor

440 3858 505 3902 non
527 3831 633 3903 alieiro
655 3840 797 3924 inpulsu,
821 3841 877 3904 sed
901 3861 959 3904 sua
980 3850 1093 3925 sponte
1116 3850 1273 3916 movetur,
1297 3842 1420 3903 animus
1442 3840 1629 3902 sitnecesse
1645 3846 1713 3900 est:
1736 3856 1777 3900 er

441 3952 506 4016 quo
535 3932 672 3996 efficitur
697 3934 890 3998 animantem
913 3955 984 3998 esse
1008 3935 1170 3999 mundum.
1207 3938 1312 4018 Atque
1335 3954 1377 3997 ex
1399 3935 1459 3996 hoc
1482 3951 1610 4016 quoque
1633 3930 1775 4014 intellegi

439 4028 559 4109 poterit
579 4028 611 4089 in
634 4048 673 4091 eo
696 4028 800 4092 inesse
822 4029 1090 4111 intellegentiam,
1114 4029 1199 4110 quod
1223 4039 1307 4092 certe
1330 4036 1378 4091 est
1400 4027 1537 4090 mundus
1554 4026 1666 4088 melior
1680 4045 1775 4108 quarn

402 4120 505 4183 toulla
528 4130 649 4186 natura.
686 4122 726 4185 Ut
753 4124 837 4185 euim
866 4124 954 4186 nulla
978 4144 1049 4206 pars
1071 4133 1119 4187 est
1142 4124 1285 4205 corporis
1308 4123 1424 4196 nostri,
1454 4140 1536 4204 quae
1560 4140 1622 4181 non
1646 4121 1776 4183 minoris

440 4216 482 4278 sit
503 4235 598 4296 quarn
620 4218 828 4299 nosmetipsi
851 4238 976 4291 sumus,
1001 4219 1044 4280 sic
1068 4219 1220 4280 mundum
1234 4218 1417 4279 universum
1442 4215 1542 4297 pluris
1558 4234 1629 4276 esse
1645 4233 1776 4276 necesse

440 4317 489 4372 est
511 4329 605 4392 quarn
627 4317 748 4391 partem
770 4311 910 4393 aliquam
934 4313 1087 4374 universi.
1128 4312 1220 4387 Quod
1244 4313 1270 4373 si
1292 4313 1334 4373 ita
1352 4319 1415 4383 est,
1439 4309 1566 4391 sapiens
1582 4311 1624 4372 sit
1640 4309 1775 4372 mundus

440 4422 571 4465 necesse
594 4412 658 4478 θείς
687 4424 759 4467 nam
783 4405 815 4465 ni
838 4406 879 4468 ila
903 4414 1001 4479 esset,
1024 4405 1200 4478 hominem,
1224 4406 1277 4487 qui
1301 4412 1349 4466 est
1371 4403 1478 4465 muudi
1503 4422 1592 4485 pars,
1621 4404 1775 4485 quoniam

440 4497 573 4559 rationis
606 4505 653 4559 est
686 4499 859 4581 particeps,
892 4500 992 4581 pluris
1026 4521 1096 4562 esse
1131 4520 1225 4582 quam
1258 4498 1409 4561 muudum
1444 4517 1570 4560 omnem
1604 4504 1775 4578 oporteret

403 4587 493 4653 ³⁵33.
515 4593 618 4673 Atque
640 4592 751 4667 etiam,
774 4593 801 4655 si
823 4612 841 4655 a
861 4595 969 4675 primis
985 4594 1206 4675 inchoatisque
1224 4596 1344 4656 naturis
1358 4592 1397 4655 ad
1413 4592 1540 4654 ultimas
1555 4590 1776 4673 perfectasque

505 4880 530 4928 ἲ.
548 4881 721 4942 hegemonicon
738 4882 775 4936 133
793 4883 950 4945 egemonlcon
968 4884 1068 4941 AEV;
1088 4884 1239 4946 spectamen
1257 4885 1276 4933 C
1295 4910 1321 4919 -
1342 4883 1365 4932 3.
1386 4894 1483 4944 quoqne
1499 4882 1518 4930 B
1537 4883 1564 4930 et
1582 4884 1659 4943 [corr.
1674 4895 1708 4931 er
1720 4883 1777 4945 quel

439 4956 475 5006 A:
494 4968 544 5015 qno
561 4956 627 5010 PV;
647 4969 745 5017 qnoque
764 4957 802 5014 C;
821 4971 948 5019 quoquam
966 4959 985 5007 Ε
1004 4985 1031 4994 -
1051 4959 1075 5010 t,
1097 4960 1182 5021 itaque
1198 4974 1293 5009 neccsse
1310 4959 1370 5009 v²0
1392 4986 1417 4994 -
1437 4959 1513 5007 etiam
1531 4970 1600 5006 corr.
1620 4956 1777 5008 eadmer

439 5035 463 5080 et
479 5030 501 5077 V
521 5055 547 5065 -
567 5031 591 5080 6.
607 5032 723 5092 portibus
740 5045 809 5083 corr.
829 5048 860 5084 er
876 5034 991 5095 patribus
1008 5034 1080 5083 V-
1097 5036 1122 5083 7.
1142 5043 1217 5094 atque
1234 5034 1274 5087 tl:
1293 5042 1316 5085 ct
1333 5036 1353 5084 0
1369 5061 1396 5071 -
1416 5033 1440 5083 9.
1459 5034 1566 5096 aprioro
1583 5033 1614 5079 V¹
1633 5058 1660 5067 -
1680 5035 1721 5083 lt.
1739 5034 1777 5095 le·

438 5106 512 5154 naor
528 5104 583 5168 (litt.
597 5106 606 5154 l
622 5110 764 5170 expuncta)
781 5108 833 5157 AV
853 5135 880 5145 -
899 5109 939 5158 43.
959 5115 993 5158 est
1010 5110 1062 5159 hoc
1080 5108 1139 5161 loco
1159 5111 1316 5161 Lambinus:
1339 5112 1400 5159 ante
1418 5111 1494 5159 etiam
1512 5111 1531 5159 0
1549 5122 1611 5158 cum
1628 5108 1775 5165 Bouhierm

439 5194 484 5232 om
508 5181 568 5233 u·
581 5182 659 5232 multo
671 5195 740 5231 corr.
752 5197 784 5232 er
795 5183 907 5233 multnA
921 5209 948 5219 -
962 5187 1185 5236 commonendosA
1200 5213 1225 5221 -
1241 5187 1280 5236 lt.
1294 5189 1366 5235 luter
1379 5192 1463 5235 noster
1474 5187 1501 5235 el
1512 5185 1584 5234 calor
1601 5184 1686 5233 littera
1700 5196 1777 5233 erasa

439 5261 481 5307 est
498 5259 523 5307 tn
541 5256 563 5304 V
582 5285 609 5294 -
629 5260 668 5307 lt.
688 5264 724 5308 est
740 5259 819 5320 igitur
835 5259 855 5307 Ο
869 5284 895 5293 -
915 5273 972 5307 cam
990 5261 1014 5308 ln
1028 5274 1080 5311 ras.
1096 5274 1131 5309 m.
1146 5274 1201 5311 sec.
1215 5263 1245 5319 A,
1264 5274 1323 5323 sup.
1338 5260 1382 5310 lin.
1397 5262 1431 5318 133
1451 5262 1511 5323 qatn
1524 5261 1542 5308 C
1555 5260 1573 5309 E
1584 5261 1603 5308 P
1616 5282 1642 5293 —
1658 5259 1698 5308 47.
1711 5271 1778 5318 quae

437 5334 572 5395 integret)
591 5359 618 5369 -
637 5333 753 5383 stillare
770 5338 873 5394 ctpnro
889 5334 1047 5383 ABCPV:
1066 5342 1089 5385 el
1106 5335 1183 5385 libero
1196 5349 1264 5398 puro
1282 5337 1318 5393 E;
1341 5342 1364 5384 et
1379 5349 1444 5398 poro
1461 5340 1484 5384 et
1502 5335 1578 5383 libero
1595 5335 1615 5382 0
1635 5360 1662 5370 -
1680 5334 1777 5383 moltis·

437 5407 501 5457 aimo
519 5408 538 5457 C
558 5434 584 5443 —
606 5409 645 5458 48.
664 5414 778 5457 teneatur
795 5421 864 5458 corr.
878 5421 909 5457 ex
929 5410 1093 5458 teneontan
1108 5436 1135 5447 -
1155 5424 1212 5460 cum
1228 5412 1266 5459 tris
1283 5411 1332 5460 AB
1344 5409 1373 5458 V¹
1389 5436 1413 5445 -
1435 5409 1474 5459 l9.
1495 5411 1557 5458 Post
1573 5421 1652 5469 neque
1669 5420 1724 5458 sec.
1738 5422 1775 5459 m.

439 5484 552 5546 margini
573 5481 634 5532 add.
653 5484 808 5532 ectrinsecus
826 5483 873 5532 noc
892 5483 924 5531 ab
947 5485 1033 5545 aliquo
1050 5487 1160 5548 coeptat
1176 5499 1255 5546 neque
1272 5486 1291 5532 V
1311 5510 1337 5519 -
1358 5486 1398 5532 tl.
1418 5498 1467 5545 quo
1485 5497 1554 5533 corr,
1574 5497 1606 5532 er
1624 5483 1690 5543 qaod
1707 5484 1726 5533 B
1745 5510 1772 5520 -

438 5560 518 5609 tltoA
538 5585 565 5594 —
585 5560 650 5608 enim
668 5560 810 5622 (superscr.
831 5570 867 5606 m.
886 5571 932 5608 sec
961 5567 1034 5621 nnnc)
1054 5560 1116 5608 V-
1136 5562 1176 5609 ἥ.
1196 5563 1258 5609 dans
1276 5560 1337 5610 CV²
1350 5585 1377 5594 -
1396 5558 1437 5611 il.
1456 5573 1533 5622 qnam
1550 5571 1604 5607 om.
1623 5555 1654 5608 Αι
1673 5583 1700 5592 -
1719 5573 1776 5607 mo-

439 5640 522 5684 tamsn
540 5646 609 5682 corr.
629 5647 665 5683 m.
684 5646 739 5682 sec.
759 5632 786 5682 in
802 5636 897 5681 motum
914 5635 940 5682 tn
958 5634 978 5680 V
999 5660 1025 5669 -
1044 5636 1085 5684 25.
1104 5647 1155 5684 csse
1169 5637 1379 5695 pontt--motas
1395 5636 1483 5685 cmc
1503 5637 1536 5697 (in
1555 5647 1639 5697 marg.
1653 5634 1775 5698 suppleta

440 5712 502 5759 sunt
516 5710 586 5771 poscit
602 5709 634 5757 eo
650 5708 736 5770 trisque
749 5708 841 5768 princi.
860 5704 940 5769 molti)
959 5735 985 5744 -
1004 5710 1090 5771 nisque
1107 5708 1240 5759 e¹cevz
1265 5712 1332 5772 isque
1348 5713 1384 5767 A;
1407 5711 1486 5772 iisqne
1503 5709 1560 5761 [³²1³
1581 5739 1607 5747 -
1632 5712 1673 5761 26.
1691 5711 1721 5775 ts]
1739 5713 1776 5760 tls

440 5784 460 5833 B
479 5810 506 5820 -
526 5784 567 5833 st.
584 5790 718 5833 monentur
735 5781 790 5844 (litt.
808 5797 825 5831 a
843 5784 982 5847 expuncta)
1000 5787 1022 5835 A
1042 5811 1068 5821 -
1088 5785 1128 5833 te.
1148 5786 1339 5848 intellegentiam
1356 5799 1425 5836 corr.
1446 5798 1479 5835 ex
1495 5786 1688 5848 intellegentiam
1705 5789 1727 5837 A
1746 5813 1772 5823 —

440 5857 482 5908 30.
499 5859 604 5907 minoris
620 5860 744 5910 Ursinus:
766 5856 890 5909 minos-ll
912 5884 936 5896 -
956 5859 997 5911 33.
1015 5860 1060 5922 qut
1077 5863 1113 5910 est
1131 5859 1178 5908 Vl:
1196 5863 1240 5925 qni
1256 5868 1317 5913 esest
1333 5862 1513 5913 ABGEPVt
1533 5889 1561 5900 -
1580 5860 1621 5913 dl.
1641 5867 1676 5913 cst
1692 5862 1776 5915 ABV

442 5930 922 5998 (corr.exsssetAV):esretCEP.
1295 5967 1297 5971 -
