4342 7459
437 1228 500 1297 832
933 1232 988 1296 DE
1009 1232 1062 1296 RE
1083 1230 1254 1295 eunucu

498 1482 612 1603 Libri
645 1482 711 1602 iii.
750 1482 803 1602 de
837 1523 883 1600 re
917 1481 1085 1643 publiea
1117 1479 1315 1640 reliquiae
1351 1482 1536 1599 iuoeriae
1570 1480 1700 1601 sads.

519 1768 563 1833 Μ
579 1767 695 1832 Tullius
714 1768 749 1831 de
769 1787 803 1831 re
818 1768 956 1849 publica:
991 1769 1049 1835 Est
1069 1768 1167 1852 igitur
1188 1763 1338 1850 quiddam
1361 1763 1577 1830 turbulentum
1602 1764 1638 1829 in
1660 1763 1767 1832 bomi-

436 1862 529 1927 nibus
565 1860 719 1946 singulis,
764 1861 850 1946 quod
885 1861 936 1924 vel
972 1861 1095 1925 exultat
1129 1860 1290 1944 voluptate
1327 1858 1380 1923 uel
1415 1858 1559 1923 molestia
1594 1857 1766 1946 frangitur.

437 1952 609 2038 (Nonius
631 1977 660 2019 v.
683 1956 820 2019 cautere
841 1978 871 2041 p.
886 1950 970 2035 301.)

413 2059 429 2106 s
521 2050 564 2113 Μ.
580 2048 696 2111 Tullius
715 2048 750 2111 de
771 2067 805 2110 re
820 2048 904 2129 publ.
925 2048 1054 2113 libili:
1084 2048 1146 2113 Sed
1169 2056 1204 2113 ut
1226 2049 1287 2132 ipsi
1301 2046 1325 2129 'q
1339 2066 1396 2111 eeu
1418 2046 1556 2111 animum
1579 2047 1766 2131 pericliten-

437 2151 489 2209 tur
518 2163 587 2207 sum
617 2142 728 2206 rident
757 2141 835 2226 quid
863 2162 898 2206 se
924 2150 1035 2227 putent
1061 2162 1131 2208 esse
1153 2142 1302 2207 facturos.
1345 2139 1518 2223 (Nonius
1545 2144 1768 2225 apericulis»

459 2259 508 2322 ag.
523 2233 606 2319 aui.)

436 2260 458 2325 p
520 2332 563 2395 Μ.
579 2332 696 2394 Tullius
715 2331 751 2395 de
772 2332 902 2412 republ.
926 2332 1063 2396 tti.111.·
1098 2333 1196 2398 Poeni
1218 2331 1310 2416 primi
1333 2329 1518 2393 mercaturis
1549 2337 1582 2393 et
1603 2329 1766 2394 mercibus

437 2425 503 2490 suis
524 2425 686 2490 ananiam
709 2431 743 2488 et
762 2421 1026 2508 magnificentiam
1048 2434 1081 2491 et
1101 2426 1311 2512 inexplebiles
1332 2423 1519 2507 cupiditates
1547 2423 1692 2488 omnium
1714 2443 1767 2488 re·

399 2526 505 2583 tirum
528 2518 766 2600 inportaverunt
786 2519 819 2582 in
843 2518 1017 2585 Graeciam.
1061 2520 1230 2603 (Nonius
1251 2540 1282 2584 v.
1302 2538 1391 2582 mma
1412 2538 1443 2602 p.
1455 2512 1538 2600 tat.)

520 2611 770 2693 Sardanapallus,
793 2631 850 2675 rec
863 2612 1059 2695 Ascyriomm
1080 2616 1274 2687 luxuriosus,
1297 2614 1332 2676 de
1352 2632 1410 2695 quo
1427 2612 1542 2675 Tulliae
1561 2612 1596 2675 in
1616 2611 1709 2675 unia
1730 2610 1767 2675 de

435 2706 607 2787 republica
628 2707 672 2767 sie
694 2706 753 2769 ait:
776 2704 1017 2790 Sardanapallus
1040 2707 1096 2771 ille
1119 2708 1203 2771 vitiis
1225 2707 1323 2772 multo
1345 2726 1441 2791 quam
1461 2705 1589 2769 nomine
1610 2704 1686 2789 ipso
1707 2704 1765 2769 de·

436 2798 577 2863 formior.
621 2795 876 2880 (Scboliaetes
897 2799 1092 2865 Iuvenalis
1120 2803 1160 2865 ad
1179 2810 1237 2866 rat.
1258 2802 1307 2879 X,
1328 2797 1411 2882 362.)

436 3013 491 3064 xii
507 3012 580 3064 ducti
596 3013 622 3063 in
639 3013 748 3079 paginae
759 3012 816 3063 xvi
832 3012 976 3064 conticiunt
992 3016 1103 3080 paginae
1120 3016 1231 3073 Delii:
1250 3015 1381 3068 habemus
1398 3018 1488 3067 summ
1504 3015 1636 3067 hactenus
1654 3014 1765 3080 paginas

437 3087 561 3145 ccxci1;
585 3100 648 3151 ergo
665 3087 851 3139 desiderantur
867 3090 978 3153 paginae
997 3090 1151 3148 CCCinV;
1174 3103 1238 3154 ergo
1254 3091 1385 3141 hactenus
1402 3091 1477 3140 caret
1492 3088 1576 3141 codex
1593 3092 1672 3155 parte
1688 3089 1765 3141 totio-

436 3174 497 3213 ram
518 3160 577 3226 pius
599 3161 717 3213 dimidia.
751 3162 853 3213 additis
875 3165 964 3214 tamen
985 3163 1138 3229 tragmentis
1160 3167 1271 3229 cognitis
1292 3164 1351 3217 libri
1369 3166 1380 3216 l
1396 3167 1424 3216 et
1439 3165 1462 3216 11
1479 3167 1507 3216 ct
1522 3165 1627 3229 magnis
1642 3162 1766 3230 partibus

436 3238 516 3296 tertii,
533 3241 656 3289 tenemus
673 3237 725 3288 buc
740 3250 827 3301 usqne
844 3236 981 3289 dimidiam
999 3241 1125 3290 materiae
1144 3238 1200 3291 iere
1216 3242 1347 3304 partem.»

501 3314 526 3364 b.
544 3312 592 3376 ipsi
606 3326 651 3363 seu
666 3312 778 3362 aemma
792 3312 977 3374 periclitantur,
995 3326 1039 3364 seu
1053 3315 1136 3364 uident
1153 3313 1173 3364 0
1191 3328 1253 3366 cum
1269 3316 1351 3375 tisim
1375 3314 1434 3366 tort.
1452 3315 1500 3379 ipsi
1515 3326 1547 3365 ns
1563 3313 1681 3364 aninum
1694 3312 1766 3377 peri-

435 3388 552 3440 clitentur
566 3402 648 3449 amm,
665 3388 749 3438 uident
775 3413 802 3423 -
829 3387 854 3438 8.
873 3389 1110 3440 remaneremus:
1133 3388 1313 3452 penencourt„
1336 3389 1502 3441 Plroeniceso
1529 3414 1557 3427 -
1583 3388 1627 3439 ssd
1642 3387 1767 3439 mambae

436 3463 515 3516 codd.
543 3489 571 3501 -
598 3463 639 3513 ib.
656 3463 848 3525 tnpamoennt
864 3464 1012 3514 Mercerue:
1038 3466 1242 3527 imminuerunt,
1259 3466 1449 3527 tapomuenmt,
1467 3465 1648 3528 inpotauaut
1667 3461 1763 3522 codd.;

435 3543 630 3603 enpormoersmt
646 3537 666 3588 0
683 3540 711 3589 et
727 3536 800 3588 editt.
819 3536 937 3601 reliquae
955 3538 1009 3589 Cic.
1031 3565 1056 3575 -
1084 3540 1112 3589 it
1133 3541 1161 3590 et
1179 3541 1218 3590 tt.
1237 3540 1466 3604 Sardanapalum
1492 3566 1519 3577 -
1547 3538 1588 3589 t3.
1607 3537 1654 3588 «ln
1670 3536 1765 3602 primis

436 3615 564 3674 observo.
588 3612 678 3665 locum
699 3612 772 3664 hunc
794 3613 929 3664 Ciceronis
951 3612 1050 3665 lectum
1067 3614 1149 3665 tuisse
1166 3615 1246 3665 etiam
1263 3612 1312 3665 aba
1329 3615 1492 3677 Hieronymo
1509 3610 1610 3678 prolog.
1629 3610 1666 3663 sd
1682 3610 1728 3662 lib.
1741 3610 1764 3661 ii

435 3692 462 3742 ln
475 3688 591 3750 Abacuc,
608 3687 654 3739 ubi
671 3690 720 3739 ait:
738 3688 931 3750 Smdanapnius
946 3688 1044 3738 insulta
1060 3690 1160 3751 turpior
1175 3690 1243 3739 uitiis
1258 3702 1336 3751 quam
1350 3689 1458 3739 nomine.
1481 3688 1548 3738 'ium
1564 3687 1638 3738 baud
1655 3687 1713 3738 scic
1729 3698 1764 3737 sn

436 3763 511 3816 locus
528 3761 668 3828 ponendus
684 3762 761 3814 sitin
778 3762 907 3827 Scipionis
923 3775 1048 3813 sermone
1065 3775 1122 3827 cap.
1137 3762 1178 3823 bt,
1197 3763 1242 3814 ubi
1260 3763 1294 3813 de
1312 3766 1424 3826 tyranno
1441 3775 1531 3815 sermo
1548 3761 1605 3813 luit.
1641 3761 1763 3826 benique

436 3840 597 3902 angustinus
620 3838 650 3889 (ἓ.
668 3838 699 3888 Ι).
718 3838 755 3899 ii,
772 3837 804 3887 20
828 3838 1043 3903 corruptissimus
1065 3838 1206 3902 epicureae
1230 3840 1295 3903 reip.
1314 3839 1426 3890 termam
1449 3837 1575 3903 graphice
1597 3836 1762 3901 copioseque

436 3912 572 3973 describit,
590 3912 666 3963 cuius
682 3912 800 3975 picturae
817 3910 920 3963 colores
938 3924 1099 3977 magnopere
1117 3913 1239 3976 suspicor
1255 3915 1412 3978 desumptas
1429 3925 1490 3964 esse
1510 3909 1552 3962 vel
1570 3923 1586 3962 e
1603 3909 1671 3961 ruit
1687 3908 1763 3961 veie

436 3988 516 4041 iaetu
533 3988 660 4046 oratione,
678 3985 704 4036 id
722 3988 812 4038 estex
828 3986 880 4037 hoc
897 3988 974 4037 tertio
992 3987 1026 4038 de
1043 4000 1100 4052 rep.
1119 3985 1201 4047 iibro;
1228 3991 1385 4052 praesertim
1403 3990 1464 4055 quia
1480 3988 1507 4039 in
1524 3988 1658 4050 sequente
1675 3984 1762 4048 capite

436 4077 495 4115 rem
516 4060 590 4129 publ.
608 4060 681 4112 'tullii
699 4063 830 4112 memorat
847 4063 947 4111 auctor.
975 4061 1017 4112 Sic
1033 4074 1096 4125 ergo
1107 4063 1279 4126 Augustinus:
1298 4063 1372 4114 Nullo
1388 4066 1461 4115 modo
1475 4068 1567 4114 caeram
1581 4061 1718 4123 pessimam
1732 4070 1764 4109 sc

435 4138 655 4204 flaqitiosissimam
670 4149 720 4185 nan
736 4149 787 4186 esse
802 4149 855 4186 rem
867 4135 1003 4198 publicam.
1028 4137 1133 4187 Tantum
1150 4144 1203 4201 stat,
1221 4140 1346 4201 inquiunt,
1361 4145 1458 4189 tantum
1467 4141 1556 4203 floreat
1568 4135 1646 4196 copiis
1657 4134 1761 4197 relatu,

435 4214 546 4263 uictoriis
561 4211 681 4276 qloriosa,
698 4212 745 4271 vet,
764 4212 828 4272 quod
845 4217 880 4260 est
895 4211 1000 4273 returns,
1016 4224 1080 4274 pace
1096 4226 1184 4262 marera
1200 4214 1240 4264 sit.
1275 4214 1306 4263 Et
1324 4215 1383 4275 quid
1400 4214 1434 4263 od
1449 4211 1513 4263 nos?
1532 4213 1607 4259 imum
1623 4209 1652 4257 id
1669 4209 1703 4257 ad
1718 4220 1763 4257 sos

435 4290 516 4352 mapis
533 4287 654 4349 pertinet,
677 4288 698 4335 si
716 4287 817 4335 divitias
832 4287 936 4349 quisque
952 4299 1047 4348 semper
1063 4292 1171 4349 auqeat,
1194 4302 1258 4349 quae
1278 4289 1429 4352 quotidianis
1445 4287 1604 4350 effusoribus
1619 4289 1761 4348 uppem,

434 4379 480 4428 per
501 4376 563 4426 quas
585 4363 630 4411 sibi
650 4364 726 4413 etiam
746 4364 894 4426 infimiores
916 4364 1004 4412 subdat
1026 4364 1129 4424 quisque
1151 4364 1283 4426 potentior.
1319 4364 1491 4427 Obsequentur
1507 4362 1625 4412 diuibbus
1638 4373 1763 4425 puerperus

435 4453 525 4489 caussa
541 4439 691 4498 saturitatis,
709 4443 784 4498 atque
799 4443 826 4486 ut
843 4449 930 4486 eorum
944 4439 1094 4499 patrociniis
1110 4440 1195 4502 quieta
1212 4439 1303 4488 inertia
1316 4440 1496 4502 perseueratum·
1514 4438 1600 4487 diatim
1606 4435 1762 4499 pauperibus

435 4516 470 4563 ad
485 4514 611 4562 clientelas
632 4519 654 4562 et
676 4513 709 4560 ad
730 4513 895 4561 ministerium
915 4513 955 4561 sui
974 4514 1055 4575 fastus
1071 4513 1218 4563 abutantur.
1253 4517 1339 4577 Populi
1353 4516 1492 4578 plaudant,
1514 4528 1564 4564 non
1580 4512 1762 4562 consularibus

435 4590 571 4638 utilitatum
592 4600 710 4647 suarum,
732 4588 773 4635 sed
793 4586 955 4650 tarqitoribus
975 4586 1140 4648 uoluptatum.
1175 4589 1230 4638 Non
1251 4590 1384 4639 iubeantur·
1405 4592 1486 4650 dura,
1509 4604 1559 4638 non
1579 4588 1761 4651 probibeantur

435 4663 544 4724 impura.
580 4664 654 4726 iieqes
670 4676 720 4711 non
736 4668 822 4711 cierent
839 4676 915 4724 quam
931 4662 1008 4723 bonis,
1027 4664 1068 4711 sed
1085 4676 1162 4723 quom
1178 4663 1279 4713 subditis
1295 4670 1405 4727 repnent.
1432 4663 1579 4714 Prminciae
1594 4661 1696 4724 sepibus
1711 4674 1760 4709 uos

436 4743 565 4800 tamquam
581 4737 716 4787 rectoribus
731 4750 839 4797 mamm,
857 4738 898 4786 sed
914 4742 1045 4798 tamquam
1060 4751 1147 4787 rerum
1163 4739 1359 4788 dominatoribus
1374 4745 1398 4789 et
1414 4739 1561 4789 deliciarum
1576 4750 1684 4786 mamam
1697 4749 1760 4798 pru-
1803 4792 1809 4803 ‚

435 4814 557 4863 obambus
573 4815 697 4863 serviant:
722 4825 809 4874 eosque
824 4826 873 4861 non
890 4813 1019 4862 sinceriter
1034 4813 1162 4874 bonorem,
1180 4817 1221 4865 sed
1237 4816 1350 4877 nequiter
1366 4829 1397 4865 ac
1413 4815 1535 4864 serviliter
1550 4814 1666 4862 tiaseant.
1696 4812 1760 4875 Quid

435 4891 532 4941 dunos
547 4891 592 4938 citi
607 4891 697 4951 patius,
715 4901 791 4950 quam
808 4889 867 4949 quid
883 4900 944 4937 suae
960 4889 1027 4937 abac
1042 4889 1145 4949 quisque
1161 4897 1258 4951 noceat,
1277 4891 1369 4954 teqibra
1385 4891 1540 4941 advertatur.
1575 4889 1668 4937 Nullus
1684 4889 1760 4937 duca-

435 4973 477 5017 tur
494 4968 527 5016 ad
542 4966 643 5025 iudices,
661 4963 709 5012 nisi
726 4964 768 5024 qut
784 4963 882 5012 atienae
898 4963 944 5022 rei,
963 4962 1055 5022 domm,
1074 4964 1150 5012 satuti
1167 4965 1206 5014 vel
1222 4967 1340 5027 cariquam
1356 4966 1435 5014 inuito
1450 4964 1526 5024 tuerit
1541 4963 1700 5024 bnportsrrsus
1716 4966 1760 5012 sut

434 5043 540 5093 maius:
558 5046 664 5091 cemrrnn
680 5039 710 5087 de
725 5038 777 5087 suis
791 5038 830 5087 oet
845 5051 903 5086 eum
919 5038 1023 5086 suisset
1039 5051 1096 5087 nrm
1113 5038 1248 5100 quibusque
1263 5040 1399 5089 colentibus
1414 5039 1494 5102 faciot
1510 5040 1616 5100 quisque
1626 5037 1757 5101 quodlibet.

433 5117 563 5169 Abscedent
576 5114 676 5177 publica
691 5119 785 5173 morta,
808 5113 847 5161 aei
861 5118 965 5174 propter
980 5125 1062 5162 amnes
1079 5113 1166 5174 quibus
1181 5115 1234 5175 frui
1249 5115 1384 5176 placuerit,
1408 5114 1448 5163 aet
1462 5118 1565 5176 propter
1580 5125 1622 5163 eos
1637 5114 1758 5170 msam,

435 5192 478 5255 qui
493 5192 596 5254 priuata
611 5189 701 5239 babere
716 5202 766 5237 non
781 5191 891 5249 possunt.
926 5186 1100 5237 Eastmantnr
1116 5189 1285 5251 amplissimae
1300 5196 1375 5251 atque
1391 5190 1568 5239 ornatissimae
1584 5189 1687 5248 mmm,
1704 5189 1760 5250 opi·

429 5280 500 5331 para
515 5266 630 5316 maciem
644 5266 839 5326 frequententur,
860 5261 903 5310 ubi
919 5263 1007 5324 cuique
1023 5264 1122 5314 libuerit
1139 5271 1161 5315 et
1176 5267 1298 5328 paternit,
1317 5266 1356 5314 die
1372 5269 1495 5325 noctuque
1511 5263 1625 5323 matu,
1648 5263 1757 5322 bibatur,

433 5348 560 5404 comatur,
583 5341 722 5404 diffluatur.
764 5338 912 5387 Saltationes
932 5340 1041 5398 undique
1061 5345 1220 5402 conmmanit,
1247 5340 1344 5389 tbeatra
1365 5339 1507 5388 inhonestae
1528 5337 1642 5389 mutim
1661 5338 1760 5389 combas

434 5423 510 5480 atque
526 5417 593 5466 anmi
608 5428 697 5480 qenere
712 5417 763 5463 siae
778 5414 961 5465 crudelissimae
977 5416 1029 5464 sive
1044 5417 1203 5476 turpissimae
1218 5415 1354 5477 uoluptatis
1365 5418 1516 5465 exaestuent.
1542 5413 1587 5464 ilie
1601 5416 1634 5463 sit
1648 5414 1760 5477 publicus

433 5486 559 5552 inimicus,
582 5493 622 5541 cui
642 5491 703 5540 baec
721 5489 826 5551 termus
846 5488 971 5549 displicet:
1000 5493 1111 5553 quisquis
1132 5504 1187 5541 eam
1209 5495 1310 5540 mmare
1328 5490 1367 5540 cel
1389 5490 1490 5551 autem
1510 5490 1683 5551 temptauerit,
1704 5502 1760 5539 euru

433 5567 512 5617 libera
528 5567 660 5615 multitudo
677 5569 775 5614 aumtat
791 5563 823 5612 ab
840 5562 955 5624 auribus,
978 5571 1073 5615 evertat
1090 5578 1106 5614 a
1123 5566 1227 5628 sedibus,
1252 5565 1353 5628 animat
1368 5578 1386 5614 a
1401 5562 1547 5614 uiuentibus.
1567 5589 1595 5601 -
1619 5565 1682 5626 Quis
1696 5565 1760 5614 tanc

433 5658 488 5694 rem
502 5643 628 5706 publicam
644 5654 732 5702 sanus,
755 5654 805 5689 non
826 5640 908 5689 dicam
927 5653 1032 5689 rornano
1055 5642 1174 5703 imperio,
1198 5642 1239 5691 sed
1256 5641 1340 5690 domm
1356 5638 1537 5700 Sardanapalli
1553 5640 1759 5701 consputaverit?

434 5721 477 5782 qui
494 5720 619 5781 quondam
635 5730 683 5766 ren
699 5717 736 5765 ita
750 5717 799 5779 suit
813 5715 982 5776 uoluptatibus
998 5718 1103 5776 deditm,
1122 5722 1149 5766 ut
1165 5717 1192 5766 in
1209 5716 1337 5778 seputcbro
1354 5728 1398 5764 suo
1414 5714 1489 5764 serim
1503 5713 1601 5776 fecerit,
1618 5727 1651 5764 aa
1667 5714 1721 5765 saia
1735 5726 1761 5764 ss

433 5795 523 5845 babere
538 5800 673 5854 morturm,
691 5806 755 5855 quae
770 5792 844 5841 iibido
860 5794 912 5841 eius
927 5793 1003 5841 etiam
1019 5805 1075 5841 cum
1091 5792 1196 5852 maeret,
1214 5791 1352 5840 hauriendo
1368 5792 1544 5839 consumserat.
1581 5788 1663 5850 Quem
1677 5801 1760 5852 repens

433 5871 475 5918 isti
490 5871 512 5918 ss'
527 5869 642 5919 baberent
658 5868 728 5918 sibi·
720 5883 746 5917 sn
763 5867 853 5917 tatibus
869 5867 1034 5930 indulgentem
1055 5880 1099 5916 nec
1122 5867 1148 5915 in
1170 5868 1205 5917 eis
1224 5869 1343 5926 cuquam
1357 5866 1412 5915 ulla
1426 5865 1557 5914 aecensus
1573 5865 1759 5925 maen,

434 5944 490 5995 braic
505 5944 619 5995 libentius
635 5943 826 6008 quantiamani
840 5947 933 5995 ceteras
943 5943 1046 5993 iiomuto
1062 5941 1180 6004 inruptum
1196 5947 1218 5995 et
1232 5942 1361 6009 {lumnam
1377 5943 1561 5991 mnsscrursst.
1563 5956 1579 5985 s
1595 5943 1676 6006 Aug.
1689 5939 1758 5995 Usi.
