4342 7459
444 1258 487 1327 ³2
846 1262 1170 1330 acannfflcouiiti
1190 1263 1371 1329 unionum

445 1450 616 1514 granumm
645 1431 732 1495 llaec
752 1429 856 1495 refelli
885 1442 1037 1515 possunt,
1067 1434 1123 1497 sed
1146 1453 1286 1517 pugnare
1306 1434 1394 1497 nolo.
1430 1433 1478 1496 hd
1500 1432 1532 1495 id
1554 1434 1656 1508 enim,
1686 1433 1771 1518 quod

445 1526 563 1606 agitur,
585 1524 665 1586 nihil
687 1524 834 1602 interest,
856 1527 1044 1590 omnibusne
1065 1528 1208 1611 partibus
1229 1529 1298 1591 visa
1319 1548 1369 1591 res
1390 1548 1410 1591 a
1431 1547 1465 1590 re
1479 1527 1560 1590 nihil
1574 1526 1708 1602 diderat,
1730 1546 1771 1589 an

443 1616 616 1681 internosci
645 1638 711 1681 non
738 1620 856 1702 possit,
885 1621 980 1684 etiam
1008 1621 1035 1685 si
1066 1621 1200 1685 differat.
1245 1621 1326 1696 Sed,
1355 1623 1382 1685 si
1410 1622 1573 1685 hominum
1596 1620 1772 1685 similitudo

444 1718 532 1775 tanta
553 1730 624 1774 esse
645 1730 710 1775 non
731 1721 854 1796 potest,
877 1734 918 1777 ne
940 1715 1102 1797 signorum
1125 1714 1279 1798 quidem?
1300 1716 1358 1779 Dic
1372 1714 1467 1790 mihi,
1488 1715 1645 1798 Lysippus
1660 1714 1772 1777 eodem

417 1815 530 1881 caere,
553 1805 665 1869 eadem
686 1809 931 1889 temperatione,
954 1809 1065 1873 eodem
1088 1808 1191 1883 caelo,
1213 1828 1316 1892 aeque
1331 1810 1445 1872 ceteris
1460 1808 1622 1884 omnibus,
1645 1814 1773 1871 centum

441 1898 641 1963 Alexandros
664 1901 807 1965 eiusdem
828 1902 915 1965 modi
936 1901 1042 1966 facere
1063 1922 1128 1965 non
1150 1906 1283 1985 posseti
1315 1901 1386 1977 Qua
1399 1902 1496 1985 igitur
1509 1902 1640 1964 notione
1655 1900 1774 1965 discer-

442 1996 558 2058 neresi
600 1991 652 2057 86.
675 1994 782 2070 Quid:
812 1996 839 2059 si
868 1996 902 2058 in
930 1996 1073 2060 eiusdem
1103 1995 1189 2059 modi
1218 2015 1290 2059 cora
1317 2004 1445 2059 centum
1468 1994 1572 2077 sigilla
1593 1995 1654 2058 hoc
1676 1995 1773 2058 anulo

441 2089 639 2170 inpressoro,
673 2108 793 2173 ecquae
823 2091 940 2173 poterit
966 2091 999 2153 in
1027 2089 1230 2173 agnoscendo
1261 2109 1332 2153 esse
1354 2089 1539 2152 distinctio?
1571 2107 1612 2150 an
1633 2087 1691 2151 tibi
1713 2088 1775 2150 erit

441 2182 642 2265 quaerendus
674 2183 837 2247 anularius
867 2182 983 2267 aliqui,
1015 2185 1166 2267 quoniam
1198 2182 1398 2266 gallinarium
1431 2181 1580 2245 invenisti
1610 2181 1773 2244 Deliacum

404 2275 548 2350 toillum,
571 2277 626 2359 qui
647 2296 708 2341 ova
729 2279 961 2357 cognosceret?

524 2370 655 2433 xxvii.
678 2369 741 2433 Sed
764 2370 896 2433 adhibes
917 2378 1018 2434 artem
1040 2371 1225 2433 advocatam
1247 2370 1341 2433 etiam
1364 2369 1521 2433 sensibus.
1558 2370 1664 2434 Pictor
1684 2369 1773 2432 videt

441 2485 524 2549 quae
545 2484 606 2528 nos
627 2484 692 2527 non
714 2462 875 2537 videmus,
897 2470 946 2537 et,
968 2464 1061 2527 simul
1084 2464 1207 2527 inllavit
1222 2463 1355 2537 tibicen,
1378 2464 1514 2546 aperito
1532 2483 1657 2527 carmen
1673 2483 1772 2546 agno·

441 2559 549 2621 scitur.
587 2557 695 2633 Quid:
724 2557 786 2620 hoc
808 2575 915 2620 nonne
937 2556 1061 2620 videtur
1082 2566 1192 2621 contra
1214 2566 1245 2621 te
1268 2557 1388 2631 valere,
1412 2558 1439 2620 si
1462 2558 1531 2620 sine
1554 2558 1675 2640 magnis
1697 2559 1772 2622 arti·

441 2648 537 2725 liciis,
569 2650 610 2714 ad
639 2670 721 2735 quae
748 2652 840 2733 pauci
868 2652 1038 2725 accedunt,
1067 2653 1167 2715 nostri
1196 2651 1323 2736 quidem
1347 2652 1471 2735 generis
1493 2651 1696 2727 admodum,·
1710 2671 1771 2714 nec

405 2755 433 2803 44
442 2744 549 2808 videre
576 2765 636 2809 nec
658 2743 768 2808 audire
790 2745 972 2827 possimus?
1005 2747 1071 2809 lam
1102 2747 1159 2810 illa
1187 2745 1365 2829 praeclara,
1394 2755 1512 2829 quanto
1534 2742 1667 2808 artificio
1689 2752 1774 2807 esset

441 2858 554 2903 sensus
586 2843 712 2901 nostros
745 2844 947 2920 mentemque
977 2846 1008 2901 et
1034 2848 1131 2902 totam
1161 2838 1425 2902 constructionem
1455 2838 1591 2901 hominis
1619 2837 1773 2901 fabricata

369 3004 372 3020 ,
441 2933 571 2996 natural
614 2928 666 2993 87.
694 2931 757 2994 Cur
784 2950 849 2994 non
873 2932 1076 2996 extimescam
1100 2933 1251 3014 opinandi
1278 2933 1509 2996 temeritatem?
1542 2932 1687 2995 Etiamne
1707 2929 1771 2993 boc

440 3023 607 3091 adfirmare
628 3033 737 3109 potes,
767 3024 916 3099 Luculle,
939 3045 1008 3090 esse
1034 3027 1174 3108 aliquam
1195 3028 1276 3100 virm
1299 3045 1371 3088 cum
1393 3025 1561 3108 prudentia
1583 3031 1614 3087 et
1635 3023 1770 3087 consilio

440 3120 577 3195 scilicet,
608 3138 690 3204 quae
711 3119 840 3181 finxerit
861 3119 929 3193 vel,
957 3127 993 3183 ut
1014 3128 1071 3183 tuo
1093 3119 1190 3183 verbo
1212 3128 1301 3196 utar,
1328 3139 1412 3204 quae
1433 3119 1585 3182 fabricata
1606 3119 1648 3182 sit
1668 3118 1770 3181 homi·

402 3218 537 3279 aonemi
571 3213 681 3289 Qualis
703 3212 764 3277 ista
784 3211 904 3276 fabrica
925 3214 995 3277 esti
1024 3214 1077 3277 ubi
1101 3214 1263 3278 4444444444
1289 3214 1441 3298 quandoi
1463 3215 1541 3276 curi
1564 3232 1629 3296 quo
1650 3209 1769 3272 modoi

440 3309 629 3372 Tractentur
649 3307 710 3370 ista
731 3307 912 3390 ingeniose,
935 3306 1138 3389 disputantur
1158 3308 1254 3370 etiam
1276 3308 1456 3390 eleganter:
1478 3306 1618 3389 denique
1640 3304 1769 3367 videan-

440 3410 492 3465 tur
518 3422 614 3476 sane,
643 3420 684 3464 ne
712 3399 917 3465 adfirmentur
946 3401 1053 3463 modo.
1090 3400 1154 3463 Sed
1176 3401 1216 3463 de
1237 3400 1378 3483 physicis
1400 3420 1494 3474 mox,
1522 3400 1703 3484 etquidem
1726 3398 1767 3462 ob

440 3516 511 3560 eam
540 3514 684 3567 causam,
717 3514 758 3555 ne
787 3502 837 3567 tu,
871 3493 926 3576 qui
953 3493 985 3556 id
1015 3513 1065 3556 me
1088 3492 1242 3557 iacturum
1271 3494 1366 3579 paulo
1387 3503 1460 3558 ante
1482 3494 1615 3569 dixeris,
1637 3493 1767 3557 videare

440 3589 601 3653 mentitus.
637 3586 700 3649 Sed
722 3594 758 3649 ut
778 3585 817 3651 ad
839 3606 894 3661 ea,
917 3606 999 3668 quae
1022 3586 1157 3650 clariora
1179 3595 1269 3662 sunt,
1290 3587 1431 3661 veniam,
1453 3608 1504 3651 res
1524 3587 1586 3650 iam
1601 3588 1767 3651 universas

405 3681 649 3765 aoproiundam,
672 3679 712 3742 de
734 3679 849 3763 quibus
872 3679 1032 3743 volumina
1053 3679 1184 3762 impleta
1204 3689 1279 3744 sunt
1299 3700 1364 3743 non
1386 3700 1406 3744 a
1427 3681 1545 3744 nostris
1565 3681 1686 3756 solum,
1710 3679 1766 3745 sed

439 3774 535 3837 etiam
562 3792 582 3836 a
610 3772 804 3857 Chrysippo:
836 3773 876 3836 de
904 3793 968 3856 quo
997 3773 1089 3856 queri
1118 3774 1221 3837 solent
1250 3774 1368 3849 Stoici,
1400 3773 1475 3837 dum
1497 3773 1638 3838 studiose
1660 3775 1766 3839 omnia

439 3866 648 3948 conquisierit
669 3874 779 3929 contra
800 3886 912 3930 sensus
935 3873 967 3929 et
987 3867 1242 3950 perspicuitatem
1265 3876 1437 3951 contraque
1456 3886 1582 3931 omnem
1597 3876 1767 3931 consuetu·

439 3960 547 4023 dinem
577 3966 750 4043 contraque
780 3961 954 4035 rationem,
981 3961 1085 4042 ipsum
1107 3960 1167 4024 sibi
1190 3960 1435 4045 respondentem
1455 3960 1636 4026 inferiorem
1657 3960 1766 4036 fuisse,

438 4054 545 4138 itaque
567 4054 608 4118 ab
628 4062 844 4117 coarmatum
866 4074 936 4117 esse
960 4054 1216 4117 Carneadem-
1237 4052 1288 4116 88.
1309 4055 1356 4119 lia
1377 4062 1452 4117 sunt
1472 4054 1540 4117 eius
1556 4053 1660 4129 modi,
1683 4073 1766 4138 quae

400 4162 458 4211 eoa
479 4155 510 4211 te
533 4147 773 4231 diligentissime
795 4156 926 4212 tractata
947 4156 1032 4211 sunt
1067 4148 1300 4211 Dormientium
1323 4155 1356 4211 et
1369 4147 1604 4211 vinolentorum
1620 4156 1651 4211 et
1667 4146 1766 4211 furio·

437 4260 545 4305 sorum
566 4241 633 4305 visa
654 4240 854 4306 inbecilliora
876 4261 947 4305 ease
970 4240 1098 4304 dicebas
1120 4262 1215 4326 quam
1237 4242 1451 4325 vigilantium,
1476 4242 1650 4317 siccorum,
1671 4250 1769 4305 sano·'

502 4541 526 4590 4.
542 4540 639 4602 posse:
655 4538 687 4588 V¹
705 4565 733 4578 -·
754 4539 782 4589 4.
799 4552 840 4589 m
858 4552 876 4588 4
898 4552 926 4589 44
944 4540 1056 4604 scripsi:
1078 4542 1160 4601 rec,
1182 4534 1368 4591 44444140-
1392 4538 1766 4603 t.pcu:scn¹—t.mquc

436 4615 548 4679 scripsi:
573 4627 644 4676 cqao
660 4615 695 4675 C,
714 4613 787 4677 quod
804 4612 880 4664 tacile
896 4611 1019 4664 librarius
1036 4614 1138 4678 tingere
1155 4618 1274 4680 poterat,
1298 4616 1340 4665 cui
1357 4615 1453 4665 coelum
1469 4628 1523 4664 non
1539 4612 1691 4681 yicortov,
1715 4616 1764 4667 aed

436 4682 592 4760 οὐρανός
613 4688 762 4748 videretur:
786 4702 836 4738 ocu
851 4690 877 4750 (i.
896 4703 920 4740 e.
941 4690 1175 4755 «Sctrcsflmndetq
1197 4692 1265 4741 coni.
1285 4689 1363 4740 Orelli
1381 4692 1417 4753 (at
1433 4688 1551 4740 debebat
1566 4688 1661 4740 saltem
1678 4692 1765 4742 444444

435 4766 507 4826 ocal:
535 4766 622 4815 codem
645 4764 778 4814 4444444444
802 4767 864 4829 (pro
884 4766 968 4815 codem
988 4766 1057 4815 44444
1078 4768 1155 4828 equa)
1175 4767 1233 4816 Car.
1254 4766 1293 4815 l‘r.
1313 4757 1490 4815 llerrnannua.
1521 4765 1549 4815 ln
1566 4761 1616 4814 loci
1633 4766 1764 4830 scriptura

435 4839 620 4889 constituenda
638 4838 690 4889 hoc
707 4851 815 4904 quoque
832 4838 979 4890 tenendum
996 4843 1050 4902 est,
1074 4840 1151 4892 colon
1172 4841 1259 4891 4444444
1275 4840 1387 4891 omnbus
1409 4844 1470 4905 post
1486 4841 1649 4904 anaphoram
1667 4842 1709 4890 vix
1726 4842 1765 4891 sic

436 4913 506 4965 nude
524 4914 586 4965 addi
603 4916 731 4978 potuisse.
746 4942 773 4951 -
792 4919 887 4964 4444444
902 4915 1071 4966 ducamur:
1089 4917 1124 4976 C,
1140 4914 1190 4967 sed
1201 4915 1223 4964 V
1234 4915 1390 4965 omnem:
1403 4942 1430 4953 -
1449 4917 1473 4966 t.
1491 4918 1519 4965 in
1535 4915 1643 4965 4444444444
1659 4914 1762 4965 hamb:

435 4988 462 5039 ie
477 4991 531 5040 44444
546 4990 566 5041 C
581 5016 608 5026 -
627 4991 722 5039 444444
738 4992 766 5040 44
782 4989 806 5040 9.
825 4990 976 5040 mostomii:
991 4990 1082 5041 eo-
1101 4990 1126 5041 8.
1144 5003 1218 5053 coque
1234 5003 1262 5051 r,
1280 4990 1482 5052 4444444446-
1502 4990 1526 5039 9.
1544 4987 1765 5053 quereremur

1628 5077 1637 5107 4

436 5145 464 5158 -·
484 5122 524 5172 44.
543 5118 756 5184 4444444444441.
774 5121 790 5170 4
807 5123 835 5172 44
849 5124 907 5172 Par.
925 5123 951 5182 4,
970 5121 1123 5185 4444444444
1138 5122 1248 5179 Darios:
1272 5123 1299 5172 at
1315 5134 1341 5171 v.
1360 5120 1375 5185 5
1392 5120 1434 5171 446.
1455 5147 1483 5158 -
1505 5121 1545 5192 44.
1563 5121 1669 5172 44444444
1683 5123 1764 5184 perito

435 5199 456 5247 Α
470 5222 497 5232 -
510 5197 682 5247 mettere
695 5221 723 5232 —-
737 5195 776 5245 43.
789 5193 974 5260 4444444441-
987 5196 1028 5247 44.
1038 5197 1166 5259 mcccc
1179 5209 1248 5247 corr.
1261 5210 1293 5247 ex
1305 5201 1387 5258 atque.
1406 5195 1556 5245 Verborum
1568 5195 1763 5247 distinctionem

435 5273 551 5323 correxit
561 5269 664 5333 iladvig
676 5272 696 5330 4,
714 5270 788 5335 p.t8t
806 5274 879 5321 recte
897 5283 1010 5321 monens
1022 5273 1102 5333 pauci
1116 5270 1150 5320 ad
1161 5272 1295 5321 cdorodem
1306 5268 1482 5334 repetendum
1496 5271 1565 5330 esse,
1584 5284 1646 5322 cum
1655 5273 1689 5322 sit
1699 5284 1763 5321 sen-

435 5348 529 5398 tentia:
546 5348 577 5395 et
592 5346 701 5396 omnino
718 5346 795 5410 pauci
807 5358 840 5396 eo
851 5346 1019 5411 perveniunt,
1037 5350 1065 5396 et
1078 5346 1160 5398 nostri
1172 5347 1277 5409 generis
1288 5346 1450 5409 paucissimi.
1460 5372 1488 5382 -
1508 5348 1548 5397 tt.
1559 5349 1719 5409 possummo
1732 5372 1760 5384 -

435 5423 476 5473 tt.
493 5415 612 5484 44444444]
630 5422 735 5484 signum
753 5419 918 5472 exclamandi
936 5424 1024 5486 posuit
1041 5420 1233 5481 lluelsemann;
1252 5424 1343 5471 contra
1361 5421 1464 5471 Ernesti
1481 5426 1589 5472 auctore
1601 5422 1706 5472 Davislo
1723 5423 1762 5472 sic

435 5497 609 5563 interpunxit:
630 5496 684 5546 lem
700 5497 746 5546 llic
759 5498 910 5559 prumiam,
929 5500 1024 5558 questo
1040 5509 1065 5545 c.
1084 5501 1144 5546 erret
1154 5520 1192 5534 ··
1202 5495 1330 5559 [44444444
1345 5502 1454 5558 emero,
1471 5510 1518 5546 car
1533 5512 1584 5547 ooo
1600 5500 1662 5558 cet..
1682 5495 1763 5561 expli-

434 5585 513 5623 cans:
534 5570 575 5622 illa
591 5574 654 5622 aunt
670 5569 805 5634 praeclara
822 5571 857 5621 ad
874 5571 917 5632 ld,
935 5572 1032 5621 utnon
1050 5571 1237 5633 extimescam,
1256 5574 1364 5636 propter
1376 5583 1444 5635 quae
1459 5584 1511 5622 non
1524 5574 1695 5623 extimescam
1708 5575 1759 5621 cet.

437 5673 465 5685 -
484 5648 525 5698 49.
540 5648 636 5711 pem
651 5643 682 5697 Βι
700 5672 728 5685 ·-
752 5647 785 5697 444
801 5650 821 5697 Α
838 5659 876 5698 m.
894 5647 910 5696 4
926 5647 953 5696 ln
970 5658 1022 5696 ras.
1042 5669 1070 5682 —
1092 5647 1134 5697 44.
1152 5652 1313 5697 moretania:
1328 5642 1359 5698 Αι
1378 5674 1404 5683 -
1423 5649 1522 5712 inperito
1537 5648 1579 5698 444
1595 5647 1625 5695 tt:
1638 5651 1763 5709 patentur

435 5720 466 5769 V¹
487 5745 513 5758 -
539 5721 581 5771 44.
599 5720 644 5781 qut
662 5720 689 5770 id
709 5733 750 5770 4444
770 5717 814 5770 Β’;
840 5720 902 5781 quid
916 5732 956 5769 4444
971 5716 1016 5780 11¹,
1033 5720 1078 5780 qvi
1093 5719 1158 5770 idom
1174 5734 1213 5772 mo
1229 5720 1309 5772 AVO
1329 5746 1353 5758 -
1377 5720 1418 5771 44.
1436 5724 1552 5771 mentitur
1565 5733 1624 5770 erre.
1644 5721 1674 5769 444
1690 5720 1760 5770 coni.

436 5793 532 5844 Davies
549 5798 577 5844 et
592 5792 671 5859 paulo
689 5796 765 5859 post:
782 5793 913 5844 4444444444
928 5807 979 5844 eoo
992 5794 1060 5857 prot.
1080 5819 1108 5829 -
1132 5794 1174 5844 44.
1193 5795 1231 5861 44]
1247 5796 1290 5846 444
1304 5792 1336 5846 B¹
1351 5821 1385 5833 —
1400 5796 1442 5846 46.
1461 5796 1535 5845 elvia
1553 5795 1574 5844 V
1593 5819 1622 5832 -
1640 5795 1681 5845 47.
1699 5808 1761 5844 444-

436 5867 587 5929 4444444444
607 5892 634 5903 -
656 5868 1168 5931 4444444444444444444444444444).
1187 5896 1215 5908 -
1240 5863 1663 5923 30.4444444.4444444“Β’-
1684 5871 1761 5918 444444-

435 5935 559 5992 te'storam
574 5943 665 5994 Atilii
683 5967 710 5979 -
729 5942 771 5995 34.
787 5942 897 5994 meram
912 5945 943 5994 A.
