4342 7459
715 1276 785 1340 nn.
806 1276 861 1340 1n.
891 1274 964 1339 on.
986 1275 1182 1341 xv-xvr.
1208 1270 1423 1361 sete-aa.
1667 1268 1728 1339 tta

407 1451 529 1528 potest3
561 1443 669 1526 itaque
698 1444 725 1506 si
755 1445 901 1528 voluptas
926 1453 981 1507 aut
1009 1445 1037 1508 si
1065 1441 1148 1509 bona
1169 1446 1316 1509 valetudo
1343 1446 1384 1510 sit
1409 1445 1571 1521 inbonis,
1603 1443 1730 1508 divitias

408 1558 539 1622 quoqne
561 1540 594 1600 in
615 1537 708 1600 honis
729 1557 800 1600 esse
822 1537 1003 1621 ponendas,
1032 1545 1080 1614 at,
1109 1540 1136 1601 si
1161 1540 1315 1622 sapientia
1336 1541 1453 1604 honum
1475 1540 1530 1616 sit,
1551 1558 1617 1603 nou
1639 1539 1729 1623 sequi

407 1640 446 1694 nt
466 1632 560 1696 etiam
582 1632 707 1694 divitias
728 1633 848 1694 bonum
871 1652 941 1696 esse
964 1632 1128 1708 dicamusg
1148 1653 1252 1716 neque
1274 1634 1312 1696 ab
1335 1634 1401 1697 ulla
1422 1653 1471 1708 re,
1502 1651 1583 1717 qnae
1605 1650 1671 1694 non
1692 1632 1732 1694 sit

406 1726 570 1799 inbonis,
601 1726 650 1800 id,
684 1726 769 1809 quod
798 1728 839 1789 sit
860 1727 893 1788 in
914 1727 1022 1799 bonis,
1051 1728 1206 1790 contineri
1227 1734 1349 1812 potest,
1378 1727 1419 1790 ob
1442 1746 1574 1810 eamque
1595 1744 1731 1798 causam,

408 1820 483 1901 quia
516 1820 716 1901 cognitiones
745 1821 1070 1904 comprensionesque
1098 1840 1220 1895 rernm,
1250 1842 1268 1884 e
1295 1822 1411 1906 quibus
1438 1818 1619 1885 efficiuntur
1638 1830 1756 1893 artes,a

407 1914 637 1997 appetitionem
659 1922 801 1988 movent,
831 1935 902 1977 cum
924 1914 1052 1977 divitiae
1074 1936 1137 1978 non
1160 1917 1276 1979 sintin
1298 1916 1406 1990 bonis,
1434 1915 1522 1979 nulla
1542 1934 1593 1978 ars
1615 1914 1733 1977 divitiis

409 2008 565 2071 contineri
587 2014 702 2091 potest.
745 2006 797 2070 50.
821 2008 957 2083 Quodsi
976 2009 1016 2071 de
1030 2009 1151 2072 artibus
1165 2009 1388 2084 concedamus,
1410 2008 1534 2072 virtutis
1547 2014 1654 2071 tamen
1667 2026 1733 2070 non

408 2103 451 2165 sit
471 2101 582 2164 eadem
602 2104 696 2177 ratio,
718 2110 887 2185 propterea
903 2102 990 2186 quod
1013 2103 1093 2166 haec
1108 2103 1262 2186 plurimae
1277 2103 1551 2168 commentationis
1565 2109 1598 2166 et
1611 2103 1734 2165 exerci-

408 2195 539 2259 tationis
559 2194 715 2279 iudigeat,
744 2196 831 2280 quod
853 2196 936 2259 idem
960 2196 994 2257 in
1016 2196 1137 2260 artibus
1158 2215 1224 2259 non
1246 2198 1301 2272 sit,
1331 2206 1363 2261 et
1385 2196 1471 2283 quod
1491 2197 1592 2261 virtus
1613 2196 1735 2260 stabili-

409 2297 520 2363 tatem,
543 2286 737 2363 firmitatem,
761 2289 970 2353 constantiam
992 2289 1092 2352 totius
1113 2290 1197 2353 vitae
1219 2291 1447 2377 complectatur
1459 2311 1518 2355 nec
1531 2291 1610 2354 haec
1624 2290 1734 2354 eadem
1744 2301 1772 2349 to

409 2382 443 2444 in
465 2383 584 2446 artibus
607 2402 677 2447 esse
698 2383 874 2446 rideamus.

493 2478 650 2560 Deinceps
672 2477 849 2560 explicatur
869 2476 1048 2540 differentia
1069 2497 1190 2555 rernm,
1219 2499 1314 2562 quam
1341 2482 1368 2544 si
1389 2500 1455 2545 non
1476 2480 1574 2544 ullam
1595 2497 1666 2542 esse
1687 2476 1736 2539 di·

411 2589 566 2646 ceremus,
595 2570 842 2634 confunderetur
868 2571 971 2634 omnis
993 2573 1076 2647 rita,
1107 2580 1143 2635 ut
1172 2574 1211 2637 ab
1236 2574 1399 2650 Aristone,
1427 2594 1531 2659 neque
1557 2573 1658 2637 ullum
1685 2590 1736 2635 sa·

411 2665 549 2747 pientiae
586 2685 701 2729 munna
733 2673 788 2730 aut
819 2685 899 2747 opus
935 2666 1145 2741 inveniretur,
1180 2688 1249 2733 enm
1278 2669 1362 2732 inter
1389 2690 1440 2733 res
1478 2689 1549 2746 eas,
1584 2686 1666 2753 qnae
1694 2663 1734 2728 ad

410 2761 507 2823 ritam
529 2757 705 2843 degendam
727 2759 936 2842 pertinerent,
965 2759 1048 2823 nihil
1070 2762 1198 2825 omnino
1220 2763 1391 2826 interesset
1409 2782 1514 2847 neque
1535 2760 1636 2826 ullum
1658 2758 1774 2822 dile-ts

412 2861 495 2916 ctum
517 2852 659 2916 adhiberi
683 2860 851 2935 oporteret.
894 2854 1005 2936 ltaque
1032 2873 1103 2917 cum
1132 2862 1218 2918 esset
1238 2855 1314 2918 satis
1336 2856 1555 2930 constitutum,
1577 2853 1611 2917 id
1633 2853 1737 2917 solnm

413 2965 482 3010 esse
505 2948 642 3021 bonnm,
665 2946 753 3031 quod
774 2945 960 3023 honestum,
982 2954 1016 3009 et
1036 2949 1068 3010 id
1092 2948 1206 3011 malirm
1229 2948 1346 3023 solum,
1368 2950 1455 3033 quod
1476 2957 1578 3032 turpe,
1600 2954 1666 3011 turn
1687 2948 1737 3009 in-

411 3049 461 3104 ter
480 3041 552 3116 illa,
576 3060 657 3125 quae
680 3041 760 3104 nihil
781 3042 923 3105 valerent
944 3041 984 3104 ad
1005 3042 1097 3105 beate
1119 3043 1271 3106 misereve
1286 3041 1467 3118 vivendum,
1488 3039 1610 3126 aliquid
1632 3049 1737 3104 umen

412 3134 497 3219 qnod
513 3135 655 3198 differret
676 3153 746 3198 esse
760 3134 942 3210 voluerunt,
964 3142 999 3199 nt
1022 3141 1129 3198 essent
1143 3156 1252 3200 eorum
1267 3136 1330 3200 alia
1344 3134 1567 3210 aestimabilia,
1586 3132 1648 3197 alia
1663 3151 1738 3196 con-

411 3237 474 3305 tra,
496 3230 559 3294 alia
573 3237 731 3294 neutrum.
762 3226 813 3291 tt.
830 3230 920 3306 Quae
936 3237 1042 3294 autem
1058 3230 1252 3293 aestimanda
1267 3236 1382 3304 essent,
1405 3249 1515 3292 eorum
1528 3230 1562 3292 in
1577 3227 1645 3291 aliis
1660 3227 1736 3291 satis
1746 3240 1775 3286 so

413 3342 483 3387 esse
505 3344 638 3398 musae,
660 3343 755 3407 quam
778 3323 820 3386 ob
842 3344 908 3387 rem
929 3323 1119 3408 quibusdam
1140 3330 1423 3408 anteponerentur,
1445 3329 1480 3386 nt
1497 3322 1737 3397 invaletudine,

411 3425 447 3480 nt
467 3418 500 3480 in
522 3417 705 3501 integritate
727 3437 892 3491 sensuum,
914 3427 949 3480 ut
963 3418 997 3479 in
1012 3417 1130 3480 doloris
1145 3419 1318 3493 vacuitate,
1339 3424 1375 3481 ut
1389 3416 1524 3500 gloriae,
1546 3416 1737 3489 divitiarum,

413 3510 562 3574 similium
584 3531 707 3586 rernm,
732 3513 795 3575 alia
816 3519 921 3575 antem
943 3530 1010 3574 non
1032 3531 1102 3575 esse
1124 3513 1192 3575 eius
1214 3511 1317 3587 modi,
1344 3512 1483 3594 itemque
1506 3529 1631 3585 eorum,
1650 3528 1737 3594 ,qnae

411 3604 501 3667 nulla
527 3605 747 3669 aestimatione
775 3604 870 3689 digna
897 3612 1017 3679 essent,
1046 3606 1158 3689 partim
1182 3606 1257 3669 satis
1279 3605 1395 3669 habere
1418 3624 1549 3681 causae,
1578 3623 1673 3688 quarn
1695 3603 1737 3666 oh

411 3718 479 3761 rem
500 3700 711 3775 reicerentur,
734 3708 769 3762 ut
790 3699 950 3774 dolorem,
973 3699 1131 3773 morbum,
1159 3719 1309 3764 sensuum
1331 3700 1548 3775 amissionem,
1571 3706 1774 3784 pauperia-²⁵

412 3800 491 3867 tem,
513 3794 737 3876 ignominiam,
760 3794 875 3857 similia
897 3794 1020 3869 horum,
1044 3793 1158 3877 partim
1181 3813 1247 3857 uon
1269 3794 1355 3857 item.
1398 3792 1481 3856 Hinc
1504 3800 1553 3857 est
1576 3793 1658 3857 illud
1680 3813 1737 3857 ex·

411 3897 530 3962 ortum,
561 3887 648 3972 qnod
676 3892 761 3951 zeno
788 3898 1006 3970 προηγμένον,
1036 3894 1211 3970 contraque
1233 3885 1320 3971 quod
1345 3888 1615 3974 ἀποπροηγμένον
1635 3888 1738 3952 nomi·

410 3982 509 4055 navit,
531 4002 602 4045 eum
624 3987 765 4045 uteretur
795 3982 828 4045 in
854 3981 961 4063 lingua
983 3981 1114 4065 copiosa
1136 3979 1227 4045 lactis
1249 3989 1354 4044 tamen
1376 3981 1557 4045 nominibus
1579 4001 1617 4045 ac
1636 3982 1737 4057 noris,

412 4073 497 4159 qnod
525 4074 618 4138 nobis
649 4074 681 4138 iu
709 4074 769 4137 hac
796 4075 886 4158 inopi
914 4074 1023 4157 lingna
1048 4094 1114 4137 nou
1144 4074 1346 4137 conceditur:
1374 4094 1565 4159 quamquam
1593 4084 1628 4138 tn
1655 4074 1738 4139 hanc

412 4169 622 4251 copiosiorem
653 4169 746 4231 etiam
776 4170 860 4232 soles
890 4167 1003 4231 dicere.
1055 4167 1116 4231 Sed
1150 4188 1215 4231 nou
1247 4168 1386 4231 alienum
1415 4176 1480 4243 est,
1516 4187 1579 4253 quo
1613 4168 1776 4233 facilius³⁰

412 4263 460 4325 ris
481 4262 569 4324 verbi
592 4262 804 4345 intellegatur,
827 4262 979 4325 rationem
1002 4262 1096 4326 buius
1119 4257 1229 4347 [verbi]
1254 4262 1390 4325 faciendi
1412 4262 1547 4325 Zenonis
1570 4281 1738 4347 exponere.

411 4357 496 4418 xvi.
519 4352 570 4418 52.
593 4357 632 4418 Ut
654 4358 755 4432 enim,
777 4358 898 4438 inquit,
920 4375 1014 4419 nemo
1038 4355 1116 4419 dicit
1137 4356 1170 4418 iu
1192 4355 1278 4437 regia
1300 4374 1405 4438 regem
1427 4356 1531 4438 ipsum
1554 4358 1644 4441 quasi
1665 4378 1739 4442 pro·

412 4449 541 4512 ductum
572 4469 643 4513 esse
671 4449 711 4513 ad
744 4450 927 4533 dignitatem
949 4482 991 4496 -
1019 4450 1051 4512 id
1083 4457 1132 4513 est
1161 4450 1244 4512 enim
1274 4461 1476 4535 προηγμένον
1498 4483 1554 4525 -,
1586 4451 1641 4514 sed
1672 4472 1738 4528 eos,

413 4545 469 4627 qni
491 4544 525 4607 in
550 4544 658 4627 aliquo
679 4546 800 4607 honore
823 4552 911 4619 sunt,
943 4563 1077 4627 quorum
1101 4543 1177 4606 ordo
1200 4544 1341 4628 proxime
1363 4543 1501 4619 accedit,
1523 4551 1559 4608 nt
1581 4545 1738 4609 secundus

412 4638 470 4713 sit,
492 4637 532 4700 ad
554 4638 676 4720 regium
698 4638 926 4721 principatum,
957 4637 1003 4700 sic
1024 4638 1058 4699 in
1079 4637 1143 4700 vita
1164 4657 1228 4700 non
1252 4658 1306 4712 ea,
1330 4657 1413 4722 quae
1434 4640 1539 4721 priore
1561 4639 1631 4703 loco
1655 4646 1776 4715 sunt&

478 4854 503 4902 t.
521 4852 712 4914 dodsslnon
729 4850 758 4912 El
778 4876 805 4885 -
824 4855 868 4900 out
885 4848 949 4899 bona
967 4850 1028 4912 (om.
1047 4850 1076 4911 ti)
1095 4850 1143 4900 BE
1163 4876 1190 4886 -
1212 4851 1237 4900 2.
1256 4849 1291 4914 nt]
1309 4855 1354 4900 sat
1370 4851 1449 4901 ΑΒΕ
1468 4876 1494 4889 -
1513 4850 1537 4901 3.
1555 4852 1590 4917 ut]
1608 4852 1688 4903 outE
1710 4844 1735 4889 -’

413 4928 436 4978 t.
454 4929 482 4978 irs
499 4926 576 4991 bonu]
593 4927 620 4976 in
636 4926 706 4976 nobis
717 4928 777 4976 Α·-
797 4927 823 4974 id
840 4940 890 4988 qao
907 4927 938 4975 ait
954 4926 981 4974 iss
998 4925 1066 4974 donis
1077 4926 1097 4974 B
1107 4926 1141 4981 E,
1160 4926 1231 4975 catto
1247 4939 1292 4975 ors
1303 4927 1397 4975 diuitiis
1407 4929 1427 4977 A
1438 4927 1466 4976 C.
1485 4925 1624 4976 aberravit
1640 4924 1738 4976 librarii

415 5001 509 5053 oeulos
527 5002 561 5052 ad
578 5016 603 5052 v.
623 5003 648 5052 6.
669 5030 696 5038 -
715 5003 739 5050 a.
757 5002 955 5064 copntttonosque
970 5014 1056 5050 renem
1073 5000 1093 5049 Ε
1111 5026 1137 5035 -
1158 5002 1181 5051 6,
1200 5002 1375 5064 oppettttonam
1390 5001 1482 5051 ABE:
1500 5001 1659 5064 appetitiones
1675 5001 1736 5051 0-

413 5076 438 5126 8.
456 5078 677 5127 conmenuottonts
693 5080 752 5127 Α-
768 5080 808 5127 to.
820 5078 1018 5140 complectiturss
1032 5080 1094 5138 (non
1105 5075 1133 5137 E)
1149 5102 1175 5111 -
1189 5076 1240 5140 uec]
1253 5090 1284 5125 aa
1299 5076 1348 5126 BE
1362 5101 1389 5111 -
1409 5076 1449 5127 tl.
1466 5090 1515 5125 coo
1531 5076 1656 5125 adlumA:
1674 5090 1739 5125 non-

412 5153 466 5202 sus
478 5155 534 5215 talc)
550 5153 586 5213 E,
604 5168 654 5203 con
670 5153 740 5202 natio
756 5154 776 5203 B
790 5178 816 5188 -
837 5152 876 5202 43.
889 5152 1080 5213 confunderetur
1097 5151 1160 5202 AB:
1178 5156 1201 5201 st
1217 5151 1439 5215 confundereturo
1453 5176 1479 5185 -
1499 5151 1539 5199 45.
1552 5150 1666 5199 dilectasti
1676 5149 1737 5199 AB:

412 5230 531 5281 dasem
543 5230 594 5279 ΜΟ
608 5256 635 5267 -
649 5229 690 5279 tt.
704 5230 804 5293 quodi.
819 5231 853 5279 A:
872 5230 939 5294 quod
950 5229 1042 5279 essetlt.
1057 5228 1135 5278 BMO
1148 5253 1175 5263 -
1192 5225 1232 5275 ⁴9.
1246 5223 1501 5287 quoddifferretllt:
1521 5224 1738 5286 quodiffeneato

416 5303 579 5354 -uouerso
594 5303 655 5353 E-
674 5305 716 5354 20.
732 5305 785 5353 otiu
801 5305 926 5369 mrum]
942 5304 1027 5353 ottone
1041 5304 1176 5359 aarum&
1195 5299 1450 5360 uliomutmmquslt
1464 5324 1492 5336 -
1512 5300 1626 5362 Ossaea:
1644 5299 1737 5360 ᾳυοΒς

415 5379 569 5443 οοοοηνοο
589 5405 616 5414 -
634 5380 676 5429 22.
694 5385 722 5430 ut
738 5381 764 5429 ta
780 5381 914 5429 incunt
929 5380 955 5429 tn
972 5378 1031 5442 dot]
1052 5383 1097 5428 out
1113 5378 1140 5427 tn
1156 5378 1306 5426 tut--cut
1322 5375 1349 5423 tn
1366 5373 1414 5423 dot.
1432 5374 1452 5423 B
1472 5400 1499 5413 -
1518 5374 1559 5425 23.
1577 5374 1639 5438 utto]
1656 5374 1738 5424 atita

417 5483 444 5493 -
455 5470 507 5505 sos
524 5467 573 5505 csse
590 5467 642 5503 orn.
656 5456 677 5503 Α
691 5480 718 5490 -
737 5455 778 5505 26.
792 5468 842 5503 ooo
858 5456 923 5505 item
942 5454 1005 5504 Hinc
1014 5451 1196 5515 Wesenberg:
1214 5465 1273 5501 soa.
1291 5450 1351 5500 Item
1367 5448 1424 5499 linc
1440 5449 1533 5508 ΔΒΕς
1551 5464 1615 5509 uos,¹
1633 5450 1740 5514 itemque

414 5529 469 5579 lisso
486 5530 507 5580 0
526 5554 554 5566 -
572 5534 607 5579 est
622 5528 684 5577 illud
700 5529 763 5579 AB:
787 5534 823 5578 est
838 5529 865 5578 td
882 5529 950 5587 Ell;
969 5541 1018 5579 essa
1033 5529 1096 5577 utus
1112 5529 1131 5577 0
1150 5553 1176 5563 -
1202 5532 1318 5577 comtum
1334 5537 1387 5575 om.
1406 5524 1456 5574 BE
1474 5544 1502 5561 ...
1521 5524 1562 5574 27.
1581 5523 1655 5588 qood]
1673 5523 1739 5586 quod

415 5609 449 5654 est
465 5603 486 5655 t:
503 5628 532 5640 -
550 5602 614 5653 Zeso
630 5604 813 5674 προηγμένον
830 5616 883 5653 om.
896 5604 915 5654 B
927 5605 988 5665 (non
1001 5604 1028 5664 El
1043 5630 1069 5639 -
1084 5614 1252 5665 proepmenou
1269 5602 1303 5659 A3
1319 5611 1467 5664 perspectos
1483 5598 1544 5647 E-
1563 5610 1740 5660 spoproepms·

416 5693 464 5728 sos
480 5678 569 5738 ΔΒΕ,
588 5678 632 5741 qnt
649 5680 737 5729 omnia
754 5677 836 5728 rerba
855 5681 954 5728 Graeca
971 5679 1069 5728 Lattnls
1085 5677 1177 5728 litteris
1195 5676 1352 5742 exprimunt.
1368 5701 1395 5711 -
1413 5674 1453 5725 ³0.
1471 5672 1533 5723 soles
1548 5672 1629 5723 diem
1644 5672 1737 5723 ABE:

417 5753 495 5802 dicere
510 5751 573 5802 soles
588 5752 613 5802 ll
626 5779 654 5789 -
673 5753 714 5803 3t.
731 5753 801 5803 vobi
817 5766 870 5803 om.
884 5755 919 5812 Α;
939 5765 988 5803 nos
1005 5750 1172 5803 seclusimus.
1188 5778 1212 5788 —
1233 5752 1273 5802 32.
1287 5751 1345 5800 dtctt
1360 5755 1388 5799 ut
1403 5749 1430 5798 tn
1442 5750 1462 5799 Ε
1476 5775 1502 5785 -
1521 5746 1562 5796 33.
1580 5746 1607 5795 td
1622 5751 1658 5797 est
1673 5748 1739 5797 casim

418 5826 572 5891 Hadvigms:
591 5827 656 5877 tdem
673 5827 722 5888 (ἰῶ
739 5829 767 5890 Α)
785 5828 850 5877 anun
866 5832 901 5877 est
917 5825 1010 5885 codd:
1034 5827 1061 5875 td
1076 5826 1143 5875 enim
1158 5831 1193 5875 cst
1208 5827 1228 5875 0
1247 5851 1274 5860 —
1293 5823 1334 5875 34.
1352 5828 1409 5873 sunt
1424 5821 1568 5872 Victorius:
1591 5820 1640 5870 sict
1656 5820 1737 5872 codd.

419 5900 479 5951 eto
497 5925 524 5937 -
544 5901 585 5951 dt.
602 5904 649 5963 stt,
668 5904 702 5953 od
715 5902 874 5966 Madvigius:
892 5904 924 5951 stt
940 5902 975 5952 od
991 5903 1050 5952 0-
1070 5901 1106 5951 nd
1121 5915 1226 5966 reguum
1240 5899 1299 5964 pu
1318 5924 1345 5935 -
1364 5899 1396 5948 stt
1411 5910 1443 5949 co
1458 5897 1486 5946 ts
1501 5897 1554 5946 otto
1569 5909 1620 5946 nou
1632 5908 1661 5958 p.
1675 5894 1736 5959 tom.

419 5978 489 6038 tw)
506 5977 527 6027 B
544 6001 572 6013 -
589 5978 676 6040 priore
692 5977 782 6030 lllotz:
798 5978 919 6043 prirnors's
935 5978 1028 6038 AB&
1043 5976 1169 6040 musceto
1186 5976 1221 6036 ος
1239 5973 1389 6039 flaianum
1405 5972 1438 6023 ll.

470 6066 560 6117 crum
578 6068 604 6119 τ.
618 6068 657 6122 Π.
1491 6060 1533 6127 lo
