4342 7459
440 1252 518 1319 ‘580
1037 1254 1091 1318 DE
1112 1255 1219 1319 taso

455 1437 519 1480 non
545 1414 689 1499 seqnitur
717 1423 754 1478 ut
780 1433 822 1477 ne
847 1412 1007 1497 adpetitus
1034 1415 1163 1498 quidem
1190 1416 1232 1480 sit
1257 1416 1290 1479 in
1317 1422 1427 1478 nostra
1448 1422 1616 1498 potestate.
1659 1415 1701 1481 st
1720 1416 1786 1483 boc

455 1521 657 1595 sequeretur,
679 1510 705 1574 si
724 1509 836 1573 omnia
856 1508 1004 1591 perlectis
1025 1517 1057 1571 et
1079 1509 1306 1593 principalibus
1325 1510 1429 1572 causis
1442 1508 1511 1571 fieri
1528 1509 1720 1584 diceremus,
1736 1519 1784 1587 ut,

454 1627 525 1670 cnm
555 1626 611 1670 eae
637 1622 753 1668 causae
780 1623 842 1666 uon
869 1610 977 1665 essent
1006 1603 1039 1664 iu
1067 1612 1175 1665 nostre
1204 1610 1376 1686 potestate,
1406 1622 1447 1666 ne
1469 1601 1525 1665 ille
1547 1603 1675 1686 quidem
1698 1612 1785 1669 emet

453 1702 486 1765 in
512 1709 620 1763 nostra
646 1705 814 1781 potestate.
857 1693 909 1758 ld.
940 1695 1042 1771 Quam
1071 1695 1113 1759 ob
1136 1717 1203 1759 rem
1226 1695 1283 1779 qui
1305 1697 1350 1759 ita
1371 1695 1470 1759 iatum
1492 1696 1716 1773 introducunt,
1746 1706 1784 1762 ut

428 1796 672 1859 suecessitatem
693 1790 877 1873 adiungunt,
900 1791 933 1852 in
954 1810 1009 1853 eos
1031 1789 1149 1853 valebit
1170 1790 1225 1853 illa
1247 1790 1418 1852 conclusio.
1453 1790 1516 1865 Qui
1538 1799 1644 1854 autem
1667 1812 1783 1856 causas

441 1888 667 1952 ,antecedentis
688 1904 753 1948 non
775 1884 883 1947 dicent
905 1884 1059 1966 perlectas
1081 1904 1188 1965 neque
1210 1883 1413 1966 principalis,
1435 1884 1469 1945 in
1484 1903 1539 1946 eos
1555 1884 1635 1948 nibil
1650 1886 1782 1950 valebit

452 1984 545 2060 Quod
575 1981 660 2045 euim
687 1979 833 2043 dicantur
859 1978 1065 2042 adsensiones
1094 1974 1162 2041 fieri
1188 1978 1293 2040 causis
1319 1977 1523 2058 antepositis,
1552 1977 1583 2041 id
1613 1980 1710 2064 quale
1738 1983 1783 2045 sit

449 2077 544 2140 lacile
570 2096 590 2139 a
617 2094 651 2137 se
678 2073 831 2156 explicari
857 2080 956 2155 putat.
1000 2074 1079 2134 Nam
1107 2090 1298 2155 quamquam
1326 2071 1475 2134 adsensio
1500 2092 1564 2135 nan
1587 2074 1689 2157 possit
1709 2074 1782 2137 lieri

450 2169 511 2234 nisi
535 2176 693 2233 commotu
715 2167 801 2240 viso,
823 2174 941 2238 tamen,
965 2186 1035 2228 cum
1057 2165 1090 2228 id
1112 2167 1215 2229 visum
1237 2165 1417 2248 proximam
1431 2185 1559 2228 causam
1574 2163 1698 2241 habeat,
1714 2188 1781 2231 non
1883 2252 1889 2261 .

400 2263 671 2348 -aaprincipalem,
699 2264 778 2324 banc
809 2260 904 2323 babet
931 2259 1102 2336 rationem,
1134 2268 1168 2322 ut
1195 2259 1389 2343 Chrysippus
1419 2260 1502 2333 vult,
1531 2280 1628 2344 qoam
1657 2263 1780 2326 dodum

447 2358 605 2431 diximus,
627 2375 693 2418 non
714 2364 750 2417 nt
772 2354 826 2417 illa
848 2354 978 2438 quidem
1000 2349 1069 2415 fieri
1091 2353 1193 2436 possit
1214 2354 1302 2416 nulla
1324 2353 1354 2416 vi
1371 2354 1571 2418 extrinsecus
1586 2356 1779 2418 excitata-

446 2470 578 2516 necesse
601 2459 650 2515 est
670 2449 755 2512 enim
777 2449 999 2512 adsensionem
1023 2449 1090 2511 viso
1113 2448 1304 2511 commoveri
1321 2481 1376 2522 -,
1392 2448 1447 2510 sed
1470 2450 1640 2514 revertitur
1660 2448 1700 2513 ad
1723 2470 1780 2533 cy·

439 2547 584 2610 lindrum
611 2554 644 2608 et
669 2543 710 2606 sd
740 2543 899 2606 turbinem
928 2561 1037 2615 suum,
1075 2561 1158 2624 quae
1188 2541 1308 2604 moveri
1337 2542 1477 2624 incipere
1506 2542 1568 2605 nisi
1590 2543 1682 2625 pulsa
1710 2564 1778 2607 non

446 2650 591 2724 possunt.
634 2639 668 2701 ld
690 2646 795 2701 autem
817 2636 1034 2709 eumoccidit,
1056 2643 1169 2716 suapte
1191 2644 1313 2709 natura,
1336 2636 1423 2719 quod
1446 2645 1601 2716 superest,
1623 2644 1655 2700 et
1676 2638 1777 2720 cylin-

408 2737 538 2799 aceram
560 2733 644 2797 volvi
667 2740 700 2795 et
721 2729 842 2793 versari
865 2730 1022 2793 turbinem
1046 2736 1146 2811 putat.

531 2829 616 2891 xlx.
638 2822 689 2887 tt.
712 2824 753 2888 Ut
773 2823 884 2906 igitur,
906 2822 1027 2906 inquit,
1050 2822 1106 2905 qui
1129 2822 1281 2904 protrusit
1303 2822 1497 2906 cylindrum,
1525 2823 1615 2887 dedit
1637 2824 1666 2887 ei
1687 2826 1777 2907 prin·

441 2926 563 3009 cipium
591 2918 757 2991 motionis,
783 2918 1017 2981 volubilitatem
1044 2924 1150 2980 autern
1179 2937 1243 2979 non
1270 2916 1375 2989 dedit,
1407 2918 1454 2981 sic
1481 2920 1583 2982 visum
1615 2918 1776 2983 obiectum

441 3019 593 3101 inprimet
619 3012 698 3077 illud
726 3011 856 3095 quidem
887 3019 920 3074 et
945 3011 1035 3095 quasi
1064 3010 1202 3092 signabit
1229 3011 1262 3073 in
1285 3011 1392 3073 animo
1415 3030 1505 3076 suam
1533 3011 1686 3095 speciem,
1716 3013 1776 3077 sed

441 3112 591 3177 sunosio
620 3117 729 3172 nostra
755 3108 816 3169 erit
837 3107 870 3167 in
892 3112 1066 3188 potestate,
1093 3124 1214 3188 eaque,
1240 3105 1397 3188 quemad
1421 3107 1549 3169 modum
1572 3106 1606 3167 in
1629 3106 1775 3189 cylindro

404 3204 560 3269 aedictum
583 3212 647 3276 est,
676 3201 875 3264 extrinsecus
896 3199 1004 3281 pulsa,
1033 3199 1119 3282 quod
1140 3198 1299 3282 reliquum
1322 3210 1385 3274 est,
1414 3209 1525 3285 suapte
1547 3201 1578 3262 vi
1605 3208 1638 3262 et
1660 3208 1776 3265 natura

439 3300 628 3364 movebitur.
658 3294 752 3371 Quod
775 3294 802 3357 si
826 3294 935 3378 aliqua
956 3313 1008 3355 res
1029 3291 1210 3355 efficeretur
1226 3292 1297 3356 sine
1310 3313 1404 3356 causa
1419 3293 1642 3368 antecedente,
1657 3293 1772 3357 laisum

440 3401 527 3457 esset
547 3392 652 3454 omnia
675 3389 741 3453 lato
763 3389 850 3464 fieri,
878 3389 928 3451 sin
950 3388 1117 3462 omuibus,
1146 3406 1366 3470 quaecumque
1388 3381 1485 3460 fiunt,
1507 3385 1575 3448 veri
1597 3388 1700 3450 simile
1724 3397 1773 3451 est

437 3506 568 3550 cauum
590 3484 796 3558 antecedere,
821 3481 900 3566 quid
922 3481 1038 3543 adferri
1059 3482 1190 3564 poterit,
1214 3501 1271 3544 cur
1291 3499 1357 3542 non
1380 3479 1485 3543 omnia
1507 3478 1571 3542 sato
1587 3476 1655 3543 lieri
1670 3480 1773 3544 laten·

439 3580 515 3643 dnm
538 3579 601 3641 siti
634 3577 729 3640 modo
751 3574 969 3657 intellegatur,
1000 3594 1081 3658 quae
1110 3574 1152 3636 sit
1172 3593 1336 3636 causarum
1359 3572 1520 3635 distinctio
1549 3592 1586 3635 ac
1609 3573 1772 3638 dissimili·
1834 3559 1850 3579 “

402 3674 527 3736 sstudo.
570 3668 622 3734 tt.
644 3672 730 3733 Haec
750 3687 822 3732 cum
844 3670 888 3732 ita
909 3670 972 3731 siut
993 3688 1013 3731 a
1035 3666 1209 3751 Cbrysippa
1232 3666 1408 3748 explicata,
1431 3666 1458 3728 si
1480 3666 1544 3740 illi,
1573 3667 1630 3749 qui
1651 3676 1770 3749 negant

439 3766 647 3829 adsensiones
667 3763 732 3826 lato
756 3760 842 3836 lieri,
864 3762 887 3842 †
907 3761 1065 3824 fateantur
1087 3771 1192 3824 mmen
1215 3780 1268 3824 eas
1291 3779 1354 3823 non
1377 3760 1445 3822 sine
1468 3760 1536 3821 viso
1560 3760 1769 3825 antecedente

437 3856 524 3932 fieri,
549 3859 613 3921 alia
634 3857 715 3920 ratio
737 3863 804 3930 est;
833 3856 890 3918 sed
913 3857 940 3919 si
963 3856 1144 3919 concedunt
1164 3855 1285 3917 anteire
1309 3855 1375 3917 visa
1400 3873 1459 3916 nec
1481 3861 1587 3918 tamen
1610 3854 1675 3917 lato
1698 3852 1767 3917 fieri

437 3952 661 4024 adsensiones,
690 3950 777 4031 quod
806 3950 950 4032 proxima
977 3949 1033 4013 illa
1060 3957 1094 4012 et
1115 3949 1281 4011 continens
1304 3966 1400 4010 cause
1421 3967 1486 4009 uon
1508 3955 1634 4011 moveat
1655 3947 1770 4012 adsen-

438 4045 572 4117 sionem,
594 4044 667 4107 vide
688 4063 729 4106 ne
751 4043 834 4106 idem
858 4042 974 4105 dicant.
1006 4044 1116 4125 Neque
1132 4043 1217 4106 enim
1234 4041 1429 4125 Chrysippus
1451 4040 1631 4104 concedens
1654 4040 1769 4105 adsen-

400 4141 537 4203 sosionis
559 4137 736 4221 proximam
759 4146 791 4202 et
813 4139 1026 4200 continentem
1049 4158 1173 4201 causam
1197 4159 1267 4201 esse
1289 4138 1322 4200 in
1341 4138 1410 4200 viso
1429 4138 1563 4221 positam
1579 4158 1683 4221 neque
1699 4158 1768 4201 eam

438 4388 544 4440 dicendi
561 4389 610 4438 sint
627 4389 660 4436 ita
679 4387 780 4436 dictum
798 4391 840 4437 est
856 4389 933 4450 quasi
950 4389 1018 4451 sequi
1035 4393 1209 4451 sequeretur,
1228 4391 1256 4437 ut
1273 4387 1337 4438 inlra
1357 4387 1414 4450 §lt
1431 4389 1510 4450 possit
1524 4390 1580 4451 neri
1598 4388 1698 4437 dictum
1716 4392 1766 4446 est,

437 4463 513 4529 qnasi
529 4463 628 4524 nabere,
646 4476 698 4512 non
714 4462 785 4511 tabet
801 4467 961 4526 sequeretur
979 4491 1005 4501 -
1022 4470 1174 4527 potestatem
1191 4477 1241 4513 non
1257 4467 1292 4524 A,
1315 4468 1435 4525 potestate
1452 4465 1486 4511 ad
1502 4477 1561 4525 non,
1580 4461 1629 4513 sed
1646 4463 1680 4511 ad
1698 4463 1722 4511 in
1740 4469 1770 4513 ct

438 4542 466 4589 et
482 4536 579 4587 deinde
596 4539 622 4586 in
640 4537 666 4586 id
682 4538 784 4587 cornil
805 4564 832 4574 -
860 4540 882 4587 4.
902 4539 936 4587 ad
953 4537 982 4588 C¹
996 4565 1022 4574 —
1041 4541 1066 4589 t.
1084 4544 1114 4589 nt
1130 4552 1187 4588 cam
1203 4540 1228 4588 in
1242 4530 1357 4599 margat
1377 4563 1405 4573 -
1427 4544 1456 4587 nt
1471 4552 1528 4587 mm
1545 4538 1620 4588 etiam
1636 4538 1768 4599 sepntcltra

419 4614 588 4676 contempior
604 4614 636 4670 B,
659 4611 709 4662 sed
725 4614 800 4675 signo
817 4616 878 4662 ante
896 4615 973 4662 mam
994 4614 1117 4677 adposito
1134 4616 1159 4663 in
1177 4626 1261 4674 marg.
1281 4613 1436 4662 adnotatum
1456 4616 1513 4662 est:
1540 4614 1572 4663 ab
1589 4628 1617 4664 eo
1634 4614 1700 4672 loco,
1719 4627 1768 4676 quo

435 4689 551 4749 saperius
567 4688 596 4736 de
612 4700 715 4749 corpore
731 4688 798 4736 timei
815 4688 986 4749 interpositus
1002 4696 1046 4750 est,
1070 4703 1149 4753 nsque
1165 4690 1212 4737 linc
1226 4690 1350 4750 perisent.
1382 4689 1452 4749 Quod
1468 4702 1529 4737 nero
1546 4691 1659 4751 seqnitur
1673 4692 1701 4740 in
1717 4691 1767 4752 fine

435 4768 471 4814 est
486 4762 544 4811 iibri
560 4764 659 4811 emundi
676 4764 706 4812 de
721 4764 877 4812 distinctione
893 4776 971 4824 usqne
986 4777 1036 4825 qao
1053 4765 1082 4813 de
1099 4766 1186 4826 topicis
1202 4764 1290 4824 incipit
1306 4763 1374 4825 toqui
1393 4763 1438 4823 [cl.
1458 4763 1492 4812 de
1510 4761 1613 4826 legibus
1632 4764 1651 4813 ll
1669 4763 1720 4826 st)
1737 4788 1763 4800 -

436 4837 459 4888 3.
476 4838 523 4886 bae
539 4850 572 4886 ex
589 4849 658 4887 corr.
672 4837 764 4886 Veto
783 4862 811 4875 -
831 4851 862 4886 ne
877 4837 1095 4900 itie-·potestate
1112 4853 1166 4889 om.
1180 4841 1240 4900 ΑΒ,
1265 4840 1291 4888 io
1310 4852 1392 4901 marg.
1408 4839 1436 4899 V,
1462 4852 1531 4902 quae
1550 4853 1713 4903 quamquam
1732 4854 1765 4889 er

434 4914 541 4975 ingenio
553 4912 670 4976 prolecta
682 4912 779 4970 iudico,
791 4927 855 4963 vere
868 4916 957 4963 tamen
969 4913 1092 4977 suppleta
1105 4928 1166 4964 esse
1179 4914 1301 4964 videntur
1312 4939 1338 4949 -
1353 4914 1377 4965 t.
1388 4914 1482 4964 obrem
1494 4916 1519 4963 io
1530 4927 1580 4964 res.
1588 4917 1609 4962 Α
1618 4940 1643 4951 -·
1658 4914 1682 4963 6.
1693 4919 1767 4963 ante-

434 4989 544 5038 cedentes
554 4989 618 5037 BVO
631 5014 658 5025 -·
675 4987 830 5050 principales
845 4987 915 5037 AVO
934 5013 960 5022 -
981 4992 1042 5051 post
1057 4989 1151 5039 solebit
1167 5002 1260 5039 rasura
1279 4989 1303 5038 in
1316 4990 1344 5046 B,
1363 4990 1390 5038 in
1407 5002 1459 5050 qua
1477 4990 1543 5051 qnod
1554 4989 1619 5037 enim
1635 4989 1764 5052 scriptum

435 5064 516 5113 luisse
534 5062 638 5112 videtur
664 5090 691 5100 -
717 5065 757 5114 40.
776 5063 883 5112 babeant
903 5060 932 5112 1³¹
951 5088 979 5098 -
1006 5066 1195 5128 quamdudum
1211 5064 1329 5127 discimus]
1349 5068 1374 5113 in
1392 5063 1433 5114 ille
1452 5063 1560 5128 quidem
1579 5066 1669 5126 purte,
1692 5064 1763 5114 unde

435 5138 532 5189 Gellius
554 5138 734 5202 deprompsit,
762 5149 831 5200 quae
853 5136 911 5196 Vll,
928 5136 943 5183 2
961 5148 1002 5199 sq.
1021 5138 1128 5189 disserit
1157 5166 1190 5175 —
1223 5139 1263 5191 44.
1281 5143 1428 5189 emarcet
1461 5166 1488 5176 -
1524 5141 1564 5189 46,
1582 5139 1670 5201 inquid
1686 5140 1715 5188 B*
1734 5164 1761 5174 -

433 5215 590 5275 quitindrnns
605 5210 676 5264 A¹V¹
694 5237 722 5248 -
742 5212 773 5262 40
800 5225 887 5273 eaque,
906 5210 955 5261 sed
972 5224 1020 5275 que
1036 5225 1095 5276 sup.
1109 5210 1187 5263 lius
1208 5239 1235 5250 —
1255 5215 1387 5275 qsitpndro
1404 5213 1473 5273 Alii,
1492 5214 1654 5276 qnitindroB
1677 5239 1701 5249 —
1721 5214 1762 5263 20.

432 5291 537 5339 reticem
556 5286 584 5338 8¹
609 5315 636 5324 -
662 5287 704 5337 ts.
722 5288 782 5349 qaid
798 5287 900 5344 omit,
924 5288 990 5347 qnod
1006 5288 1059 5347 AV,
1083 5287 1132 5337 sed
1151 5289 1177 5337 in
1194 5292 1215 5339 Α
1233 5301 1270 5340 m.
1290 5302 1345 5339 sec.
1365 5289 1497 5348 deletum,
1524 5290 1549 5337 in
1569 5288 1587 5335 V
1607 5302 1642 5337 m.
1662 5301 1717 5338 sec,
1737 5288 1764 5337 in

433 5366 495 5429 qaid
514 5378 583 5414 corr.
612 5390 639 5398 -
672 5365 764 5425 poterit
782 5362 816 5410 V:
839 5362 1020 5424 ponesano,
1045 5362 1093 5412 sed
1116 5367 1135 5412 Α
1159 5364 1404 5428 inconscriptum
1425 5363 1520 5425 habet,
1549 5376 1612 5413 cum
1640 5364 1762 5425 primitus

430 5438 522 5499 poterit
539 5437 565 5485 in
582 5433 624 5484 illo
643 5448 749 5498 quoque
767 5436 853 5486 luerit.
878 5462 905 5472 -
931 5436 972 5485 te.
989 5437 1120 5499 fateantur
1136 5444 1219 5488 tamen
1235 5453 1278 5490 eas
1294 5454 1344 5488 non
1361 5440 1394 5500 C,
1422 5437 1493 5501 quod
1516 5450 1577 5486 cunr
1601 5435 1696 5486 laisum
1718 5436 1761 5495 sit,

433 5510 578 5562 Lambinus
598 5524 649 5559 non
670 5510 781 5570 delevit,
805 5512 886 5560 Heius
905 5513 1067 5561 «Stoicorum
1087 5513 1121 5562 de
1139 5513 1192 5562 lato
1210 5514 1344 5562 doctrina·
1364 5514 1416 5576 pt
1431 5515 1561 5574 fateantur
1577 5512 1603 5558 in
1619 5512 1764 5571 infitiantur

432 5588 557 5644 correxit,
576 5597 673 5634 censor
689 5584 757 5635 illius
774 5584 832 5634 libri
850 5586 876 5634 in
895 5586 942 5635 Lit.
956 5585 1100 5636 centralbl.
1115 5600 1139 5636 a.
1151 5588 1214 5637 4860
1232 5588 1278 5637 No.
1291 5589 1317 5635 44
1338 5588 1468 5646 salsentur
1483 5592 1567 5635 tamen
1583 5597 1626 5633 eas
1642 5586 1694 5634 sine
1709 5587 1763 5635 oiso

432 5660 606 5711 scribendum
624 5672 684 5710 esse
703 5658 867 5710 iudicavit-
887 5661 928 5709 29.
941 5662 1103 5712 nideeenel
1123 5687 1150 5697 -
1170 5662 1322 5711 adsensionis
1338 5675 1406 5711 corr.
1420 5674 1491 5711 man.
1505 5674 1560 5711 sec.
1575 5660 1600 5710 iu
1613 5659 1763 5709 msensiones

431 5739 468 5794 Α,
492 5736 647 5784 mones
664 5748 732 5784 corr.
746 5737 772 5784 in
788 5736 936 5785 assensione
952 5736 971 5785 B
990 5761 1016 5771 —
1045 5737 1085 5785 30,
1102 5738 1212 5799 positam
1228 5749 1306 5800 neqan
1322 5750 1379 5785 eam
1396 5738 1464 5796 (eam
1480 5737 1506 5785 in
1519 5748 1570 5785 ras.
1581 5737 1612 5794 Α)
1630 5735 1665 5785 C:
1683 5747 1762 5795 neqve

432 5813 512 5861 eiecit
523 5810 675 5869 Lambinus,
694 5822 776 5872 quem
794 5823 889 5861 omnes
906 5811 1022 5861 editores
1038 5813 1123 5861 secuti
1141 5815 1214 5869 sunt;
1234 5810 1298 5861 ialso
1315 5810 1349 5861 illi
1367 5811 1491 5875 quidem,
1510 5825 1573 5862 cum
1590 5824 1660 5874 quae
1672 5810 1760 5871 Chry-

432 5888 525 5948 sippus
545 5898 598 5935 nou
620 5884 769 5935 concedere
791 5884 887 5935 dicitur
909 5898 961 5936 non
984 5884 1205 5936 antecedentibus
1228 5885 1319 5935 verbis
1339 5899 1396 5936 eom
1417 5887 1758 5947 cainan-necessariam,

430 5956 482 6011 sed
496 5957 673 6023 sequentibus
688 5964 717 6009 st
732 5961 755 6011 si
770 5959 857 6010 aneta
866 5985 903 5997 --
913 5960 1059 6012 exarante
1074 5961 1268 6013 contineantur.
