4342 7459
842 1242 914 1307 Car.
937 1242 1088 1307 111-1v.
1116 1239 1169 1326 §p
1185 1239 1312 1306 5-t0.
1676 1233 1740 1302 587

414 1421 574 1475 accusare,
597 1400 684 1485 quod
707 1409 792 1465 esset
812 1403 1034 1466 accusandum.
1071 1404 1148 1466 liam
1172 1404 1197 1465 si
1219 1402 1252 1465 id
1269 1402 1365 1484 eulpa
1381 1403 1553 1468 senectutis
1568 1402 1735 1475 accideret,

413 1497 523 1560 eadem
547 1495 624 1558 mihi
647 1516 706 1559 usu
730 1495 877 1558 venirent
897 1497 1095 1579 reliquisque
1116 1496 1262 1558 omnihus
1284 1496 1458 1559 maioribus
1479 1504 1572 1568 natu,
1598 1511 1736 1576 quorum

413 1609 472 1672 ego
500 1588 671 1653 multorum
700 1591 835 1671 cognovi
866 1599 1060 1652 senectutem
1088 1591 1158 1653 sine
1187 1588 1330 1672 querela,
1360 1590 1422 1673 qui
1446 1611 1482 1653 se
1511 1598 1543 1652 sl
1569 1589 1735 1652 libidinum

412 1682 545 1747 maculis
567 1682 691 1746 lanatos
712 1703 783 1745 esse
805 1702 869 1745 non
893 1682 1024 1745 moleste
1047 1681 1166 1745 ferrent
1188 1703 1247 1745 nec
1268 1683 1370 1746 asnis
1386 1684 1635 1766 despicerentur.
1673 1681 1735 1744 Sed

412 1778 554 1841 omnium
583 1776 674 1839 istius
704 1775 790 1838 modi
818 1774 1017 1857 querelarum
1045 1775 1077 1837 in
1106 1776 1246 1840 moribus
1269 1786 1317 1840 est
1339 1778 1451 1861 culpa,
1482 1777 1758 1840 anomoeusion

411 1870 565 1935 lloderati
588 1870 673 1934 enim
695 1877 729 1932 et
750 1888 807 1930 nec
830 1867 974 1931 dilliciles
998 1889 1056 1932 nec
1078 1870 1242 1933 inhumani
1265 1891 1358 1935 senes
1381 1870 1576 1934 tolerabilem
1592 1877 1739 1933 senectu-

411 1973 474 2028 tem
497 1971 613 2045 agunt,
642 1964 854 2045 inperiuuitas
876 1972 980 2026 autem
1004 1973 1036 2027 et
1057 1964 1271 2027 inhumanitas
1299 1965 1385 2029 omni
1408 1965 1501 2028 aelati
1524 1964 1657 2026 molesia
1679 1970 1738 2024 est.

411 2056 442 2123 8.
464 2060 595 2122 laelius.
617 2058 688 2132 list,
704 2067 739 2119 ut
757 2057 853 2130 dicis,
870 2056 969 2130 Cato;
991 2058 1046 2120 sed
1069 2056 1203 2120 formasa
1226 2058 1343 2121 dixerit
1359 2058 1518 2141 quispiam
1534 2057 1590 2122 tibi
1607 2065 1738 2140 propter

411 2154 483 2237 opis
504 2161 538 2217 et
558 2153 667 2234 copias
689 2159 721 2213 oi
743 2150 928 2232 dignitatem
958 2160 1042 2213 tuam
1070 2150 1315 2215 tolerabiliore·
1338 2158 1534 2216 senectutem
1558 2151 1672 2225 videri,
1703 2149 1736 2212 id

411 2256 516 2311 autem
539 2266 602 2310 non
627 2264 722 2326 posse
743 2243 851 2306 multis
874 2245 1068 2325 contingere.
1113 2246 1195 2308 Coto.
1218 2247 1274 2309 Est
1295 2245 1376 2308 istuc
1398 2244 1544 2328 quidem,
1558 2243 1662 2317 Laeli,
1679 2243 1772 2306 ali-tt

411 2340 508 2426 quid,
536 2340 592 2404 sed
621 2357 827 2421 nequaquem
857 2338 888 2400 in
915 2338 977 2400 isto
999 2338 1126 2402 omnia:
1161 2348 1195 2403 ut
1216 2338 1447 2403 Themistoclen
1470 2336 1570 2399 fertur
1591 2336 1737 2420 Seriphio

412 2434 537 2499 cuidam
559 2434 593 2496 in
614 2432 715 2514 iurgio
737 2431 951 2512 respondisse,
972 2452 1045 2495 cum
1067 2432 1123 2496 ille
1146 2432 1282 2496 dixisset
1296 2452 1361 2496 non
1377 2451 1449 2494 eum
1464 2450 1532 2504 sua,
1547 2430 1603 2493 aad
1617 2432 1738 2513 patriae

411 2529 511 2612 gloria
533 2526 736 2611 splendorem
759 2526 966 2588 adsecutum:
998 2527 1081 2588 «Nec
1103 2524 1250 2589 herculea
1275 2527 1396 2610 inquit,
1420 2524 1466 2588 esi
1488 2543 1549 2606 ego
1571 2522 1737 2604 Seriphius

411 2643 525 2695 essem,
548 2640 608 2684 nec
630 2628 679 2694 tu,
702 2620 729 2682 si
744 2618 948 2681 Atheniensis
970 2639 1072 2693 esses,
1095 2619 1199 2683 clarus
1221 2640 1373 2703 umquam
1396 2618 1541 2683 luisses.»
1573 2616 1667 2692 Quod
1684 2636 1739 2680 eo-

412 2718 485 2780 dem
512 2715 608 2778 modn
635 2713 675 2776 de
704 2719 868 2775 senectute
890 2711 952 2775 dici
976 2721 1091 2794 potesb
1135 2716 1200 2777 Nec
1221 2714 1306 2776 enim
1329 2714 1361 2776 in
1384 2730 1508 2777 summa
1529 2712 1638 2793 inopia
1658 2710 1776 2775 leviain

411 2830 482 2874 esse
504 2816 652 2873 senectus
674 2813 788 2890 potest,
811 2824 850 2867 ne
873 2806 1008 2887 sapienti
1031 2806 1178 2889 quidem,
1200 2825 1259 2869 nec
1280 2806 1442 2889 insipienti
1457 2806 1552 2872 etiam
1569 2805 1601 2867 in
1616 2822 1738 2868 summa

412 2904 505 2986 copia
526 2921 590 2965 uon
613 2900 726 2983 gravis.
769 2895 800 2960 9.
822 2900 995 2981 Aptissima
1017 2902 1146 2964 omnino
1168 2910 1256 2975 sunt,
1280 2901 1387 2984 Scipio
1410 2909 1441 2964 el
1454 2899 1559 2973 Laeli,
1580 2917 1666 2961 arma
1687 2918 1742 2960 se-¹

410 2998 545 3076 nectutb
573 3004 657 3058 artes
687 2993 996 3076 exercitationesque
1025 2994 1194 3068 virtutum,
1224 3014 1307 3078 quae
1335 2995 1368 3056 in
1390 2994 1475 3057 omni
1497 3001 1602 3056 aetate
1624 2992 1739 3066 cultae,

411 3111 483 3155 cum
504 3081 560 3154 (Tru
583 3088 784 3170 multumque
809 3088 935 3161 vixeris,
958 3084 1108 3150 mirificos
1131 3088 1274 3152 eclerunt
1294 3088 1433 3161 fructus,
1448 3104 1514 3150 non
1528 3086 1645 3157 solum,
1662 3085 1739 3169 quia

410 3202 584 3267 numquam
607 3184 773 3254 deserunt,
802 3202 841 3243 ne
864 3188 1007 3244 extremo
1030 3181 1159 3264 quidem
1183 3189 1324 3264 tempore
1346 3184 1458 3246 aetatis
1480 3214 1522 3228 -
1544 3183 1778 3263 quamquamm

411 3280 444 3342 id
466 3276 594 3360 quidem
618 3277 861 3339 maximum'est
879 3308 933 3348 -‚
964 3293 1072 3338 verum
1101 3276 1195 3339 etiam
1224 3278 1301 3359 quia
1329 3277 1523 3347 conscientia
1546 3274 1627 3338 hena
1649 3281 1739 3337 actae

411 3372 494 3436 ritae
517 3369 751 3451 multorumque
774 3370 855 3432 hene
879 3369 1032 3430 laetorum
1055 3370 1228 3432 recordatio
1251 3369 1480 3434 iucundissima
1503 3376 1560 3431 est.

496 3465 549 3527 lv.
579 3458 629 3525 lu.
658 3464 726 3546 Ego
749 3463 904 3539 Quintum
928 3462 1099 3525 Maximum
1129 3496 1172 3508 -
1193 3483 1265 3526 eum
1289 3465 1344 3547 qui
1362 3465 1532 3527 Tarentum
1555 3461 1675 3544 recepit
1697 3493 1738 3507 -

412 3579 520 3625 senem
543 3557 732 3621 adulescens
753 3560 796 3623 ita
818 3556 917 3620 dilexi
945 3564 980 3619 ut
1002 3556 1180 3640 aequalem.
1217 3557 1293 3620 litat
1315 3557 1400 3622 enim
1423 3559 1455 3621 in
1477 3557 1535 3622 illo
1557 3553 1739 3620 uirocomi·

411 3663 475 3718 tate
504 3652 632 3715 condita
661 3652 814 3733 gravitas,
844 3671 902 3714 nec
924 3660 1071 3714 senectus
1097 3671 1201 3714 mores
1223 3660 1418 3716 mutaverat:
1451 3669 1642 3735 quamquam
1665 3661 1778 3713 eumat

412 3747 516 3812 colera
545 3746 637 3826 coepi
667 3765 730 3808 non
759 3746 928 3808 admodum
951 3745 1102 3827 grandem
1124 3754 1216 3819 natu,
1249 3747 1305 3810 sed
1328 3754 1434 3810 nmen
1456 3745 1517 3808 iam
1534 3753 1643 3833 'aetate
1665 3762 1740 3826 pru·

411 3849 546 3905 vectum.
589 3842 682 3902 Anno
711 3842 796 3901 euim
824 3848 896 3923 posi
924 3838 1036 3902 consul
1060 3840 1196 3921 primum
1219 3839 1322 3903 luerat
1343 3858 1439 3923 quam
1461 3857 1521 3921 ego
1543 3847 1635 3902 natus
1658 3859 1739 3913 sum,

380 3966 393 3984 u
411 3954 545 4018 cumque
566 3954 606 3996 eo
627 3942 773 4016 quartum
797 3932 929 3996 consule
952 3932 1209 3998 adulescentulus
1233 3933 1323 3997 miles
1353 3933 1393 3996 ad
1417 3933 1553 4017 Capuam
1577 3932 1739 4014 proiectus
1828 3935 1832 3944 ’

411 4051 482 4095 sum
512 4030 689 4112 quintoque
718 4046 802 4090 anno
829 4036 900 4110 post
924 4027 963 4089 ad
988 4029 1167 4090 Tarentum.
1213 4026 1371 4102 Quaestor
1391 4028 1508 4092 deinde
1530 4026 1738 4109 quadriennio

411 4132 483 4208 post
501 4123 704 4193 lestussum,
724 4140 819 4204 quem
837 4120 1051 4201 magistratum
1067 4122 1151 4201 gessi
1167 4122 1352 4184 consulibus
1369 4121 1528 4183 Tuditano
1543 4129 1575 4182 et
1590 4118 1779 4199 Cethegum

411 4238 482 4280 curn
505 4216 636 4299 quidem
658 4214 713 4278 ille
735 4214 904 4278 admodum
928 4234 1027 4276 senex
1051 4234 1163 4277 suasor
1186 4214 1264 4295 legis
1288 4214 1411 4277 Cinciae
1436 4213 1590 4277 dadonis
1616 4222 1648 4276 el
1670 4233 1740 4274 mu·

410 4312 538 4374 neribus
569 4309 637 4372 luit.
682 4310 741 4371 llic
770 4317 801 4371 el
828 4309 911 4371 heila
940 4307 1069 4389 gerebat
1098 4317 1132 4370 ut
1159 4308 1363 4379 adulescens,
1395 4328 1466 4370 cum
1494 4307 1588 4390 plane
1611 4306 1739 4387 grandis

410 4414 511 4476 esset,
541 4412 573 4466 et
594 4402 782 4465 Annibalem
811 4403 990 4465 iuveniliter
1018 4401 1214 4463 exultantem
1238 4403 1392 4484 patientia
1413 4422 1469 4464 sua
1492 4401 1668 4464 molliebat:
1697 4400 1737 4462 de

411 4518 476 4582 quo
499 4497 661 4580 praeclare
682 4495 847 4559 familiaris
871 4505 979 4558 noster
1001 4495 1141 4558 Ennius:

474 4674 498 4723 Ρ.
517 4673 706 4723 marmaissa
722 4673 907 4735 (cremiali.)
926 4674 946 4723 C
967 4699 992 4709 -
1018 4673 1041 4723 3.
1060 4674 1198 4722 mullorum
1213 4673 1294 4735 apoll
1315 4698 1342 4708 -
1365 4673 1557 4735 rioanoguoi
1573 4675 1591 4723 P
1608 4675 1634 4723 in
1652 4685 1735 4734 marg.

409 4749 491 4801 hahet
508 4750 574 4799 ml
596 4774 623 4785 -
647 4748 670 4799 l.
690 4762 740 4798 csse
756 4749 842 4799 omli
864 4772 889 4785 -
915 4749 938 4797 d.
958 4748 1069 4810 difficiles
1084 4763 1153 4798 sanas
1169 4761 1214 4798 osc
1230 4748 1360 4796 idumaei
1378 4748 1386 4797 l
1406 4773 1433 4784 -
1459 4746 1689 4797 toleroiiiimemh
1709 4771 1737 4782 -

408 4827 432 4875 7.
446 4830 529 4874 estote
546 4825 589 4873 nii
609 4851 635 4860 -
655 4824 695 4872 tu.
715 4830 750 4872 ast
766 4824 832 4872 istud
849 4823 957 4884 quidem,
976 4823 1054 4882 laeli,
1072 4823 1179 4885 aliquid,
1196 4825 1240 4874 sad
1255 4814 1417 4885 nequequam
1434 4824 1478 4873 tibi
1495 4823 1675 4873 concedendum
1691 4821 1705 4882 i
1723 4822 1728 4833 '

409 4900 545 4949 Charisius
569 4912 593 4963 p
609 4898 718 4955 suast?
737 4899 765 4948 ll.
794 4924 820 4935 -
852 4898 892 4946 ll.
911 4898 1018 4958 seriplsio
1034 4900 1234 4961 cuidomisrtur
1251 4900 1380 4948 iniurioli
1408 4926 1434 4937 ·-
1467 4898 1507 4948 tu.
1525 4898 1739 4959 seripbiusasasm

407 4973 522 5036 ignobilis
538 4974 573 5026 cz
593 4973 721 5034 Seriphius
736 4986 821 5031 amon,
837 4972 927 5022 nobilia
944 4974 973 5031 0,
992 4987 1060 5036 quae
1079 4977 1121 5025 est
1137 4976 1269 5024 correctio
1287 4976 1378 5024 nescio
1397 4976 1486 5030 cuius:
1505 4973 1635 5037 glossema
1648 4975 1740 5022 sustu-

406 5048 436 5099 lit
453 5049 657 5109 Car.langius;
683 5061 709 5096 a.
729 5048 850 5110 Madvigii
868 5049 965 5111 opusc.
986 5050 1078 5109 ¹¹.2⁷⁴
1107 5076 1133 5085 —
1161 5049 1201 5101 il.
1219 5051 1387 5100 mserumE
1410 5076 1436 5087 -
1461 5050 1683 5111 umquomclmus
1700 5047 1738 5096 tlt

409 5123 698 5186 -quodaomodoli
724 5149 750 5160 -
779 5124 1007 5174 inmenens
1033 5151 1059 5161 -
1089 5125 1287 5175 lii.oaom.E
1312 5149 1339 5161 -
1365 5125 1738 5187 sumbernionensem

407 5199 512 5260 sumat
531 5223 558 5233 -
577 5198 618 5247 bd.
635 5212 681 5246 osc
696 5204 809 5249 eatreroo
827 5202 837 5251 l
857 5225 882 5235 —
903 5200 944 5248 2⁴.
964 5200 1064 5263 wdem
1080 5200 1116 5249 C:
1136 5212 1180 5248 om
1204 5201 1223 5247 0
1245 5226 1270 5236 -
1289 5201 1329 5249 22.
1349 5200 1523 5250 multoraml]
1544 5226 1568 5236 -
1588 5198 1629 5248 ΡΒ.
1648 5198 1741 5257 recapit

407 5274 559 5325 toreotusrrl
588 5299 613 5309 -
643 5274 732 5333 recipit
749 5271 791 5325 1³¹:
819 5275 936 5335 numqui
955 5274 1089 5322 Terentium
1110 5276 1204 5335 recepit
1226 5287 1274 5338 pro
1297 5275 1458 5337 glossemate
1481 5274 1583 5325 hahent
1605 5271 1690 5321 Cobet
1712 5276 1740 5321 et

407 5349 502 5400 liinlses
522 5374 548 5384 —
571 5347 612 5398 il.
631 5350 772 5398 adolescens
788 5350 826 5398 iio
843 5349 920 5398 dilati
936 5362 1016 5399 senem
1035 5348 1054 5397 0
1075 5375 1101 5385 -
1121 5356 1176 5397 croi
1187 5350 1261 5414 cosm]
1273 5364 1333 5413 ergo
1345 5351 1436 5401 eoin
1456 5378 1482 5387 -
1502 5352 1619 5399 comitate
1636 5350 1736 5398 Ecorr.

407 5438 439 5475 an
457 5436 523 5482 oum,
536 5427 589 5471 tots
609 5449 634 5457 -
654 5424 695 5472 25.
714 5424 817 5473 condito
833 5425 888 5487 (sici
908 5425 917 5474 l
938 5449 963 5459 -
983 5424 1107 5487 procilos]
1125 5427 1215 5487 grauis
1231 5428 1313 5474 uirtus
1330 5426 1349 5475 E
1366 5452 1398 5463 -
1415 5426 1456 5474 26.
1475 5427 1528 5487 capi
1545 5426 1570 5478 S.
1588 5426 1657 5486 caepi
1675 5425 1693 5473 Β
1710 5449 1736 5459 -

406 5499 447 5547 27.
465 5503 598 5559 postquem
615 5500 701 5547 mosei
715 5502 827 5558 primum
841 5500 927 5561 suerat
942 5511 988 5561 spo
1006 5500 1014 5547 l
1034 5524 1061 5534 -
1080 5505 1135 5558 post
1152 5500 1311 5549 cumulatum
1329 5503 1389 5551 Ρ-
1406 5499 1448 5549 28.
1461 5513 1518 5548 cum
1531 5513 1577 5561 qus
1588 5504 1645 5561 [quo
1656 5498 1739 5558 corr.)

407 5576 426 5625 P
444 5599 472 5610 -
491 5574 584 5638 selago
601 5576 619 5624 P
639 5599 664 5609 -
685 5572 1116 5634 quorrone¹1qoorionelit8.
1135 5573 1184 5622 sed
1203 5576 1229 5624 in
1248 5576 1266 5624 li
1284 5582 1403 5636 quartum
1421 5575 1480 5624 ead.
1501 5588 1536 5624 m.
1555 5587 1613 5637 sup.
1633 5572 1693 5631 lin..
1712 5574 1738 5623 in

406 5648 524 5698 Emanu
542 5650 643 5698 recent.
673 5673 700 5683 -
730 5648 764 5696 od
784 5649 867 5697 cml
894 5672 923 5685 -
952 5648 992 5697 29.
1011 5653 1138 5696 tarantum
1156 5651 1376 5708 quantominus
1392 5651 1481 5699 oedilis
1498 5650 1664 5711 quadriennio
1685 5654 1740 5711 post

407 5726 470 5787 (posi
486 5735 539 5772 om.
554 5724 581 5783 Et
598 5724 681 5784 {ocius
696 5736 752 5772 sum
764 5731 869 5786 proeior
885 5738 957 5787 quem
974 5727 1090 5787 magistr.
1110 5725 1143 5782 C,
1163 5725 1279 5773 corrasit
1297 5724 1403 5786 Pighius
1422 5749 1447 5759 —
1472 5722 1512 5773 itt.
1532 5730 1584 5771 imo
1601 5724 1699 5785 quidem
1716 5723 1737 5773 li

409 5824 436 5835 -
456 5798 516 5862 lepis
532 5800 639 5848 cinthiae
657 5800 689 5855 E.
716 5801 795 5849 circis
811 5800 898 5862 lepial
925 5824 951 5835 —
982 5799 1022 5848 32.
1042 5805 1095 5847 turn
1111 5813 1136 5861 p.
1154 5813 1180 5861 g.
1199 5799 1292 5849 croti)
1319 5824 1345 5834 —
1377 5799 1417 5848 ³³.
1437 5799 1646 5847 at··moiliadot
1662 5798 1741 5848 alleri

407 5874 507 5924 Nonius
525 5886 549 5938 ρ.
563 5874 649 5934 30l‚3
672 5879 698 5924 st
716 5888 741 5938 p.
755 5875 813 5936 tit,
827 5874 858 5924 te
881 5901 908 5911 -
932 5874 1078 5925 dandulum
1096 5876 1115 5925 P
1133 5876 1161 5924 et
1177 5872 1359 5924 coddlionii:
1384 5873 1549 5924 Hannibalem
1566 5873 1690 5924 lilililS
1709 5899 1736 5913 -

411 5948 561 6000 motiadotw
577 5950 612 6011 ll,
630 5950 681 6002 sed
697 5948 800 6014 syllaba
817 5963 850 5999 er
867 5962 943 6002 erasa
960 5973 994 5988 -
1009 5948 1050 6003 dl.
1068 5952 1132 6015 post
1145 5953 1229 6002 maor
1245 5953 1287 6002 ast
1303 5948 1331 6002 iu
1346 5948 1367 6001 li
1383 5959 1444 6014 sup.
1459 5945 1503 6000 lin.
1521 5953 1559 6000 ott
1574 5950 1602 6015 li.
1614 5960 1637 5999 a.
1651 5948 1706 6013 aiil.
