4342 7459
443 1246 506 1313 aas
772 1227 1440 1318 ruscusavanuuorsrumrrov'vm

443 1411 582 1475 moriens
603 1431 767 1476 accusasse
789 1417 932 1474 naturam
954 1411 1086 1485 dicitur,
1111 1411 1197 1494 quod
1219 1412 1319 1474 cervis
1341 1418 1372 1475 et
1391 1411 1572 1476 cornicibus
1586 1412 1682 1477 vitam
1697 1413 1770 1476 diu-

442 1512 581 1579 tumam,
608 1525 742 1590 quorum
763 1505 795 1568 id
818 1503 895 1568 nibil
918 1506 1099 1579 interesset,
1131 1505 1327 1580 bominibus,
1356 1527 1491 1590 quorum
1513 1509 1650 1572 maxime
1671 1510 1771 1572 inter-

443 1596 568 1673 fuisset,
597 1605 660 1662 tam
688 1600 836 1683 exiguam
854 1600 960 1663 ,vitam
987 1598 1145 1661 dedisset:
1179 1618 1314 1681 quorum
1344 1601 1372 1662 si
1401 1609 1487 1664 aetas
1516 1604 1672 1684 potuisset
1699 1625 1772 1668 esse

442 1691 664 1778 longinquior,
692 1693 835 1757 futurum
865 1692 961 1756 fuisse
982 1698 1018 1755 ut
1038 1693 1187 1755 omnibus
1209 1692 1359 1775 perfectis
1381 1694 1500 1758 artibus
1522 1697 1609 1760 omni
1630 1697 1772 1763 doctrina

419 1785 606 1850 shominum
632 1788 697 1851 vita
725 1787 913 1851 erudiretur.
958 1785 1159 1862 Querebatur
1190 1787 1287 1870 igitur
1315 1808 1348 1851 se
1376 1796 1455 1861 tum,
1488 1810 1558 1851 cum
1588 1791 1644 1854 illa
1664 1792 1772 1855 videre

442 1882 611 1963 coepisset,
633 1882 783 1963 extingui.
814 1880 920 1957 Qutda
943 1900 984 1942 ex
1006 1880 1119 1943 ceteris
1141 1880 1349 1962 philosophis
1362 1902 1468 1944 nonne
1485 1891 1631 1966 optumus
1654 1891 1686 1949 et
1701 1906 1773 1968 gra·

443 1975 599 2039 vissumus
621 1976 757 2060 quisque
779 1973 944 2039 confitetur
967 1973 1066 2035 multa
1087 1992 1121 2035 se
1143 1974 1289 2056 ignorare
1309 1982 1340 2037 et
1363 1976 1458 2038 multa
1480 1977 1650 2041 sibialiam
1673 1986 1772 2062 atque

442 2068 536 2130 etiam
558 2088 628 2131 csse
650 2069 824 2133 discenda?
857 2066 909 2130 70.
931 2070 1041 2151 Neque
1065 2073 1184 2140 tamen,
1207 2087 1278 2130 cum
1302 2088 1336 2131 se
1358 2069 1390 2131 in
1413 2069 1516 2133 media
1538 2071 1684 2147 stultitia,
1707 2092 1772 2155 qua

442 2159 520 2223 nibil
542 2170 591 2226 est
613 2164 722 2245 peius,
744 2163 875 2226 haerere
897 2162 1099 2243 intellegant,
1122 2161 1319 2243 aegritudine
1341 2171 1545 2244 premuntur3
1573 2164 1661 2228 nulla
1685 2167 1772 2228 enim

405 2272 433 2320 to
441 2254 632 2319 admiscetur
647 2257 756 2340 opinio
771 2254 904 2320 officiosi
920 2256 1050 2317 doloris.
1086 2253 1186 2330 Quid,
1208 2256 1262 2338 qui
1279 2276 1341 2318 non
1360 2265 1474 2339 putant
1488 2258 1661 2341 lugendum
1673 2261 1771 2324 viris‘l

441 2351 545 2433 qualis
567 2350 628 2415 fuit
650 2352 688 2428 Q.
703 2352 869 2414 Maxumus
891 2351 1026 2411 efferens
1046 2346 1143 2410 lilium
1159 2349 1370 2424 consularem,
1394 2351 1496 2433 qualis
1511 2352 1546 2414 L.
1561 2352 1678 2415 Paulus
1691 2352 1771 2415 duo

439 2442 498 2506 bus
520 2445 630 2526 paucis
652 2441 764 2507 diebus
786 2444 909 2507 amissis
924 2440 1011 2516 liliis,
1034 2442 1138 2525 qualis
1153 2443 1194 2505 Μ.
1210 2441 1286 2505 Cato
1304 2452 1448 2525 praetore
1464 2444 1628 2527 designato
1644 2454 1769 2511 mortuo

440 2532 520 2610 lilio,
543 2538 653 2620 quales
667 2537 794 2621 reliqui,
817 2558 897 2620 quos
915 2538 947 2600 in
964 2537 1186 2599 Consolatione
1201 2536 1405 2619 conlegimus.
1439 2534 1490 2600 7t.
1507 2538 1593 2613 Quid
1607 2539 1666 2603 bos
1681 2539 1770 2604 aliud

440 2629 576 2714 placavit
597 2632 657 2695 nisi
680 2632 765 2715 quod
788 2632 905 2694 luctum
928 2638 959 2693 et
981 2649 1153 2692 maerorem
1177 2649 1247 2692 esse
1270 2651 1331 2693 non
1353 2631 1506 2714 putabant
1521 2634 1602 2695 viril
1624 2634 1709 2716 Ergo
1726 2634 1771 2708 id,

404 2723 525 2807 eoquod
553 2725 608 2789 alii
636 2734 758 2789 rectum
786 2726 953 2807 opinantes
981 2723 1171 2805 aegritudini
1202 2744 1236 2786 se
1265 2725 1369 2787 solent
1391 2725 1527 2800 dedere,
1558 2727 1589 2789 id
1621 2727 1654 2791 hi
1678 2736 1770 2813 turpe

440 2826 588 2900 putantes
616 2820 844 2902 aegritudinem
873 2817 1094 2901 reppulerunt:
1124 2837 1163 2879 ex
1192 2838 1257 2901 quo
1286 2818 1481 2901 intellegitur
1507 2822 1626 2883 nonin
1649 2829 1771 2897 natura,

440 2910 496 2974 sed
519 2911 551 2973 in
573 2912 722 2994 opinione
745 2933 815 2976 esse
837 2911 1077 2994 aegritudinem.

525 3006 642 3069 XXIX.
673 3006 786 3070 Contra
809 3004 956 3069 dicuntur
985 3007 1080 3067 haec:
1114 3004 1194 3080 Quis
1218 3013 1280 3067 tam
1303 3006 1446 3081 demens,
1474 3014 1509 3069 ut
1530 3027 1588 3070 sua
1611 3007 1771 3071 voluntate

440 3101 601 3162 maerentl
630 3102 749 3164 Natura
769 3100 871 3163 adfert
893 3099 1049 3172 dolorem,
1080 3100 1131 3163 cui
1154 3099 1282 3182 quidem
1306 3101 1452 3174 Crantor,
1478 3100 1643 3183 inquiunt,
1667 3110 1772 3165 vester

402 3192 616 3259 accedendum
647 3201 754 3277 putat3
788 3192 903 3276 premit
930 3194 1012 3256 enim
1040 3200 1136 3275 atque
1166 3194 1264 3255 instat
1293 3214 1351 3256 nec
1377 3194 1482 3257 resisti
1511 3202 1625 3276 potest.
1659 3195 1771 3278 ltaque

329 3305 332 3309 ·
440 3285 551 3350 Oileus
573 3288 627 3350 illc
649 3289 732 3372 apud
756 3286 961 3368 Sophoclem,
985 3288 1039 3369 qui
1056 3287 1261 3349 Telamonem
1283 3295 1375 3351 antea
1397 3288 1436 3351 de
1451 3290 1555 3351 Aiacis
1578 3297 1679 3353 morte
1695 3309 1770 3352 con·

439 3380 557 3444 solatus
580 3390 681 3454 esset,
703 3383 730 3443 is
753 3402 823 3444 cum
846 3381 1019 3443 audivisset
1034 3379 1073 3442 de
1092 3400 1169 3454 suo,
1190 3380 1307 3444 fractus
1324 3389 1380 3444 est.
1410 3385 1456 3446 De
1472 3382 1562 3445 cuius
1577 3390 1770 3448 commutata

440 3484 544 3538 mente
566 3476 610 3538 sic
632 3475 762 3537 dicitnr:

525 3571 600 3630 Nec
622 3589 714 3631 vero
737 3577 848 3631 tanta
870 3566 1080 3650 praeditus
1104 3568 1313 3648 sapientia

401 3678 431 3727 ab
525 3662 738 3747 Quisquam
761 3670 837 3735 est,
862 3664 929 3745 qni
951 3662 1122 3724 aliorum
1146 3681 1372 3726 aerumnam
1396 3663 1522 3728 dictis
1545 3665 1740 3729 adlevans

524 3758 604 3819 Non
626 3758 744 3829 idem,
767 3777 850 3819 eum
873 3756 1036 3818 fortuna
1058 3763 1205 3818 mutata
1229 3757 1418 3840 impetum

525 3849 761 3924 Convertat,
784 3850 899 3913 clade
920 3851 1057 3913 subita
1078 3837 1291 3932 frangatur
1314 3871 1398 3925 sua,
1434 3857 1442 3872 ’

524 3944 569 4007 Ut
591 3945 664 4007 illa
685 3944 728 4006 ad
752 3944 858 4007 alios
882 3944 991 4007 dicta
1013 3952 1052 4005 et
1074 3952 1295 4028 praecepta
1317 3943 1516 4007 excidant.

439 4038 523 4100 Haec
552 4058 623 4101 cum
653 4039 829 4122 disputant,
859 4039 920 4100 hoc
951 4037 1080 4100 student
1102 4037 1242 4111 efficere,
1272 4048 1404 4101 naturae
1427 4039 1538 4101 obsisti
1561 4038 1650 4100 nullo
1674 4038 1768 4102 modo

401 4146 430 4192 so
438 4152 549 4214 posse:
573 4132 594 4193 ii
617 4139 721 4195 tamen
744 4132 880 4194 fatentur
903 4133 1064 4213 graviores
1089 4132 1302 4212 aegritudines
1326 4133 1457 4215 suscipi,
1480 4152 1572 4214 quam
1589 4141 1702 4196 natura
1717 4154 1769 4196 co-

438 4234 499 4307 gat.
533 4226 622 4301 Quae
645 4234 693 4289 est
714 4227 810 4310 igilur
833 4227 991 4289 amentia‘l
1015 4233 1050 4287 ut
1071 4246 1130 4287 nos
1150 4246 1279 4308 quoque
1303 4226 1387 4287 idem
1410 4226 1449 4288 ab
1472 4226 1535 4288 illis
1558 4229 1768 4309 requiramus.

437 4315 489 4380 72.
512 4319 574 4381 Sed
597 4320 703 4403 plures
726 4328 800 4383 sunt
822 4340 934 4384 causae
957 4319 1150 4402 suscipiendi
1170 4319 1301 4381 doloris.
1336 4319 1473 4381 Primum
1489 4319 1543 4380 illa
1559 4322 1668 4402 opinio
1684 4322 1769 4395 mali,

439 4434 503 4497 quo
526 4415 592 4476 viso
615 4424 710 4498 atque
739 4435 889 4498 persuaso
912 4414 1077 4495 aegritudo
1107 4414 1286 4495 insequitur
1308 4414 1505 4486 necessario;
1535 4413 1652 4476 deinde
1674 4416 1769 4477 etiam

438 4514 561 4590 gratum
584 4511 714 4572 mortuis
738 4508 915 4580 sefacere,
945 4510 972 4569 si
995 4508 1132 4588 graviter
1154 4527 1210 4568 eos
1233 4506 1376 4589 lugeant,
1401 4502 1602 4569 arbitrantur.
1638 4508 1770 4573 Accedit

400 4603 618 4685 essuperstitio
642 4602 802 4665 muliebris
822 4600 996 4684 quaedam3
1019 4601 1213 4662 existumant
1228 4600 1312 4661 enim
1330 4600 1377 4662 dis
1400 4600 1620 4663 inmortalibus
1643 4622 1678 4663 se
1692 4601 1770 4665 faci-

438 4697 500 4758 lius
527 4697 602 4759 satis
629 4696 783 4770 facturos,
813 4697 839 4758 si
870 4715 979 4757 eorum
1002 4695 1094 4777 plaga
1123 4693 1260 4775 perculsi
1282 4690 1426 4755 adflictos
1449 4714 1483 4755 se
1506 4702 1539 4756 et
1560 4703 1675 4758 stratos
1699 4717 1770 4759 esse

437 4788 603 4852 fateantur.
638 4790 699 4851 Sed
722 4791 800 4852 baec
823 4791 904 4851 inter
927 4808 961 4850 se
978 4809 1072 4870 quam
1096 4789 1274 4870 repugnent
1295 4789 1441 4871 plerique
1455 4808 1519 4850 non
1534 4789 1652 4851 vident.
1686 4789 1770 4852 Lau·

438 4882 514 4944 dant
536 4884 618 4945 enim
642 4904 710 4954 eos,
734 4884 789 4965 qui
812 4900 916 4963 aequo
939 4882 1044 4943 animo
1069 4883 1257 4956 moriantur;
1281 4882 1334 4963 qui
1357 4881 1488 4943 alterius
1512 4890 1644 4944 mortem
1664 4901 1769 4965 aequo

438 4978 544 5041 auimo
572 4977 690 5051 ferant,
722 4997 776 5039 eos
806 4981 917 5058 putant
944 4975 1191 5056 vituperandos:
1226 4976 1317 5057 quasi
1345 4974 1414 5035 lieri
1444 4975 1509 5037 ullo
1540 4976 1635 5037 modo
1657 4977 1769 5058 possit,

400 5070 525 5154 toquod
548 5071 580 5132 in
603 5070 754 5133 amatorio
777 5089 922 5131 sermone
947 5068 1009 5130 dici
1033 5068 1131 5141 solet,
1156 5077 1191 5131 ut
1213 5069 1382 5152 quisquam
1405 5068 1477 5151 plus
1499 5069 1634 5131 alterum
1658 5068 1770 5149 diligat

439 5183 534 5246 quam
565 5183 609 5226 se.
654 5160 704 5224 73.
726 5163 925 5225 Praeclarum
956 5161 1034 5223 illud
1062 5170 1110 5224 est
1138 5170 1186 5236 et,
1220 5164 1246 5225 si
1270 5164 1415 5245 quaeris,
1445 5171 1563 5225 rectum
1587 5181 1715 5245 quoque
1738 5170 1770 5224 et

503 5426 526 5475 3.
545 5430 627 5474 tamea
645 5435 712 5472 corr.
732 5424 756 5471 in
782 5428 834 5471 tom
852 5424 870 5471 R
892 5449 918 5458 -
942 5423 965 5471 b.
987 5422 1126 5483 Quaerebat
1144 5425 1192 5472 GR
1212 5450 1238 5459 -
1264 5424 1287 5472 7.
1307 5423 1379 5471 malti
1395 5422 1441 5471 sibi
1458 5424 1477 5472 C
1497 5421 1552 5485 (sed
1570 5424 1595 5471 in
1612 5423 1632 5471 B
1651 5423 1709 5472 ead.
1730 5436 1766 5473 m.

437 5502 509 5552 malti
527 5501 552 5549 in
569 5500 651 5548 multo
668 5501 747 5559 corr.)
769 5525 794 5533 -
815 5503 890 5559 atquc
907 5499 981 5547 stiam
999 5497 1050 5547 del.
1071 5499 1141 5548 Bake
1159 5497 1175 5546 l.
1190 5497 1205 5546 Ι.
1221 5513 1245 5561 p.
1261 5499 1301 5547 69.
1317 5525 1343 5534 -
1364 5500 1404 5548 ⁴0.
1422 5500 1574 5562 tangendam
1591 5499 1610 5548 C
1626 5527 1652 5535 -
1673 5499 1713 5547 lt.
1728 5497 1767 5562 Q.]

437 5591 503 5639 quoa
520 5573 620 5636 [deleta
639 5579 668 5635 a)
688 5575 707 5622 G
729 5599 762 5609 -
786 5575 903 5635 efferrens
921 5574 970 5622 GR
987 5599 1019 5607 —
1048 5574 1084 5636 l.]
1108 5574 1187 5621 luctus
1205 5575 1223 5622 C
1248 5600 1279 5607 -
1300 5573 1392 5633 pantos
1414 5575 1485 5622 G'B:
1511 5574 1613 5635 psallas
1630 5568 1719 5624 G²ll0
1736 5598 1769 5609 -·

438 5651 477 5700 ta.
496 5651 582 5699 amisis
600 5650 628 5697 8¹
648 5675 675 5686 -
694 5649 740 5713 ll]
758 5649 896 5697 marcusc
917 5674 943 5683 -
965 5648 1003 5697 43.
1024 5645 1190 5698 consolatione
1208 5650 1227 5696 G
1249 5675 1273 5683 -
1294 5649 1333 5696 Ὦ.
1352 5650 1382 5709 ts]
1400 5650 1464 5698 idem
1478 5650 1502 5711 (i.
1517 5663 1540 5698 e.
1555 5651 1690 5698 mortuum
1708 5662 1768 5699 esse

437 5739 515 5776 suum
534 5726 648 5783 liccem)
668 5725 737 5773 Bake
755 5722 771 5772 l.
785 5722 801 5772 Ι.
816 5737 841 5786 p.
855 5724 895 5771 95.
917 5749 944 5757 —
964 5725 1073 5772 audisset
1091 5726 1149 5771 0-
1170 5724 1199 5771 dc
1216 5726 1254 5771 sai
1273 5724 1292 5772 0
1310 5728 1418 5773 auctore
1437 5726 1550 5776 Davisio.
1564 5750 1595 5758 -
1613 5723 1653 5772 25.
1673 5726 1715 5773 dic
1731 5737 1768 5775 m.

437 5814 492 5851 sec.
512 5814 644 5865 superscr.
662 5801 694 5848 tis
711 5802 730 5849 G
750 5826 777 5835 -
796 5800 837 5847 Ἠ.
857 5798 926 5846 clade
943 5803 970 5846 at
986 5799 1068 5847 sabito
1089 5799 1107 5847 C
1124 5823 1149 5831 -
1168 5798 1209 5847 28.
1228 5798 1259 5861 et]
1277 5812 1309 5847 ea
1327 5797 1356 5847 G*
1376 5826 1401 5835 -
1422 5800 1462 5848 ³0.
1480 5800 1506 5847 bi
1524 5800 1543 5849 C
1558 5823 1584 5836 -
1605 5799 1646 5849 at.
1665 5800 1771 5850 ebullis

438 5875 457 5925 C
479 5901 504 5910 -
524 5876 564 5924 35.
584 5876 667 5923 diosc
688 5900 714 5909 -
734 5874 774 5924 39.
791 5874 893 5936 fucrant
910 5872 939 5922 G¹
959 5899 985 5909 -
1004 5872 1046 5924 ll.
1065 5872 1099 5937 sel
1117 5886 1142 5921 sa
1158 5872 1268 5935 casamo
1284 5875 1339 5937 [sed
1356 5876 1437 5937 ipsum
1454 5877 1603 5924 atramento
1620 5877 1769 5925 recentiore

437 5949 541 6012 punctis
559 5952 697 6013 notatum).
784 6011 793 6032 ,
