4342 7459
679 1233 748 1299 nn.
769 1234 808 1297 n.
836 1234 909 1299 cn».
931 1234 1213 1300 sarx-xxxi.
1241 1232 1287 1318 pp
1309 1231 1457 1299 ra-ao.
1668 1232 1730 1307 sea

403 1395 443 1460 ab
464 1412 567 1478 eaque
589 1394 695 1458 omnia
717 1394 939 1476 pulcherrume
961 1397 1044 1476 geri,
1067 1416 1132 1478 quo
1153 1396 1323 1458 constituto
1346 1396 1489 1478 sequitur
1503 1396 1542 1463 ab
1562 1398 1729 1467 animanti·

402 1489 463 1551 bus
484 1488 651 1571 principiis
671 1507 708 1551 ea
731 1507 801 1551 esse
823 1495 979 1569 generata.
1014 1489 1138 1551 Tertius
1161 1497 1209 1551 est
1229 1488 1334 1563 locus,
1357 1489 1413 1572 qui
1434 1488 1559 1555 ducitur
1573 1512 1614 1555 ex
1628 1492 1728 1561 admi·

401 1583 523 1646 ratione
544 1601 647 1643 rerum
668 1580 850 1643 caelestium
873 1589 968 1661 atque
991 1584 1193 1645 terrestrium.

485 1672 537 1736 76.
559 1675 697 1737 Primum
721 1676 816 1756 igitur
836 1683 892 1737 aut
911 1675 1091 1756 negandum
1115 1683 1165 1740 est
1182 1695 1251 1739 esse
1267 1675 1358 1750 deos,
1381 1678 1468 1760 quod
1483 1688 1515 1741 et
1528 1680 1727 1744 Democritus

401 1767 568 1834 simulacra
590 1776 622 1830 et
642 1769 797 1850 Epicurus
819 1768 972 1849 imagines
995 1767 1149 1836 inducens
1172 1769 1309 1852 quodam
1331 1777 1425 1851 pacto
1448 1782 1556 1853 negat,
1582 1781 1649 1847 aut,
1672 1776 1749 1856 quit

402 1864 479 1927 deos
502 1883 573 1926 esse
595 1862 786 1935 concedant,
816 1862 855 1923 iis
877 1861 1039 1925 latendum
1063 1869 1111 1924 est
1133 1882 1188 1926 eos
1211 1862 1332 1944 aliquid
1355 1883 1448 1945 agere
1470 1866 1567 1949 idque
1589 1867 1728 1949 praecla-

403 1977 493 2030 rum;
518 1955 596 2018 nihil
620 1963 668 2017 est
690 1964 795 2017 autem
817 1956 1008 2036 praeclarius
1029 1956 1138 2018 mundi
1161 1954 1450 2024 administratione:
1479 1958 1609 2022 deorum
1632 1960 1729 2042 igitur

402 2049 536 2113 consilio
565 2048 813 2112 administratur.
858 2050 953 2125 Quod
983 2050 1010 2113 si
1032 2049 1124 2111 aliter
1145 2056 1210 2120 est,
1231 2048 1353 2131 aliquid
1376 2050 1514 2132 proiecto
1537 2054 1577 2115 sit
1598 2072 1727 2116 necesse

400 2153 450 2210 est
479 2142 591 2205 melius
622 2152 655 2205 et
685 2143 803 2207 maiore
834 2146 864 2207 ri
895 2142 1071 2226 praeditum
1094 2160 1189 2223 quam
1212 2138 1306 2216 deus,
1341 2143 1435 2225 quale
1457 2144 1490 2206 id
1512 2165 1647 2227 cumque
1669 2153 1728 2218 est,

400 2239 469 2301 sive
491 2237 628 2298 inanima
649 2246 760 2300 natura
783 2239 850 2300 sive
873 2236 1059 2308 necessitas,
1079 2234 1111 2295 vi
1133 2253 1246 2315 magna
1268 2234 1397 2299 incitata
1419 2237 1496 2300 haec
1518 2239 1762 2321 pulcherrimam

400 2350 499 2413 opera
521 2329 679 2404 efficiens,
703 2351 787 2413 quae
808 2332 962 2399 videmus.
1005 2325 1058 2390 77.
1076 2329 1150 2394 lVon
1173 2336 1222 2390 est
1243 2328 1339 2411 igitur
1358 2339 1470 2395 natura
1485 2332 1615 2394 deorum
1637 2351 1728 2413 prae·
1780 2367 1783 2372 <

402 2433 515 2508 potens
536 2444 642 2508 neque
665 2425 841 2499 excellens,
864 2426 889 2488 si
913 2423 1041 2507 quidem
1065 2442 1102 2483 ea
1124 2421 1263 2493 subiecta
1286 2431 1334 2487 est
1355 2424 1384 2486 ei
1400 2426 1451 2487 vel
1473 2425 1655 2492 necessitati
1677 2425 1727 2489 rel

401 2527 548 2591 naturae,
576 2537 639 2599 qua
661 2517 798 2590 caelum,
828 2518 939 2589 maria,
962 2526 1063 2582 terrae
1084 2523 1248 2597 regentum
1276 2516 1354 2582 nihil
1375 2525 1426 2594 est
1446 2527 1552 2584 autem
1568 2528 1727 2604 praestan·

400 2612 465 2675 tius
486 2610 566 2673 deo:
593 2609 635 2673 ab
658 2633 695 2675 eo
718 2612 813 2693 igitur
835 2610 987 2673 mundum
1010 2629 1140 2673 necesse
1163 2617 1210 2672 est
1231 2610 1307 2692 regi.
1344 2611 1429 2674 Nulli
1450 2612 1615 2694 igiturest
1636 2622 1728 2683 natu·

400 2724 453 2768 rae
475 2704 649 2768 oboediens
671 2714 725 2768 aut
746 2706 905 2768 subiectus
927 2705 1025 2767 deus:
1049 2723 1173 2767 omnem
1196 2723 1271 2785 ergo
1286 2703 1369 2785 regit
1384 2704 1452 2788 ipse
1467 2719 1621 2771 naturam.
1653 2710 1765 2773 lite-ts

400 2799 464 2861 nim
484 2798 511 2860 si
526 2800 730 2863 concedimus
744 2800 965 2880 intellegentes
981 2817 1051 2861 esse
1067 2797 1160 2870 deos,
1182 2796 1387 2860 concedimus
1402 2798 1496 2862 etiam
1513 2800 1727 2883 providentes,

400 2899 432 2953 et
452 2911 557 2954 rerum
579 2894 708 2975 quidem
730 2912 958 2955 maxumarum.
994 2892 1079 2973 Ergo
1096 2899 1201 2953 utrum
1216 2892 1376 2972 ignorant,
1398 2913 1546 2974 quaeres
1562 2914 1727 2960 maxumae

400 2987 464 3052 sint
486 3005 616 3067 quoquo
637 3005 694 3050 eae
718 2986 811 3048 modo
834 2984 1015 3055 tractandae
1037 2994 1068 3047 et
1090 2983 1242 3057 tuendae,
1270 3004 1310 3046 an
1333 2987 1393 3046 vim
1416 3005 1479 3047 non
1502 2987 1636 3061 habent,
1664 3007 1727 3070 qua

400 3086 502 3144 tantas
531 3098 581 3141 res
608 3079 786 3143 sustineant
814 3088 846 3141 et
874 3081 1009 3159 gerant?
1040 3080 1081 3141 At
1103 3087 1134 3142 et
1163 3078 1321 3159 ignoratio
1344 3098 1448 3141 rerum
1471 3080 1574 3143 aliena
1595 3087 1727 3143 naturae

400 3172 531 3236 deorum
553 3182 602 3236 est
623 3184 655 3237 et
672 3173 849 3236 sustinendi
865 3172 1005 3243 muneris
1020 3180 1150 3254 propter
1163 3171 1398 3236 inbecillitatem
1415 3171 1585 3237 difficultas
1600 3175 1766 3238 minimoto

401 3265 485 3332 cadit
507 3266 540 3328 in
562 3270 756 3331 maiestatem
778 3267 909 3330 deorum
923 3285 994 3328 :ex
1016 3285 1078 3348 quo
1102 3264 1238 3330 eflicitur
1258 3264 1291 3327 id
1313 3265 1399 3347 quod
1415 3266 1573 3340 volumus,
1596 3266 1727 3331 deorum

401 3360 601 3445 providentia
633 3362 785 3424 mundum
813 3360 1034 3423 administrari.
1079 3358 1198 3420 xxxl.
1220 3355 1271 3419 78.
1293 3358 1390 3440 Atqui
1413 3379 1542 3423 necesse
1564 3358 1628 3435 est,
1656 3381 1727 3426 cum

401 3456 465 3518 siut
486 3453 534 3528 di,
557 3457 583 3517 si
604 3456 700 3519 modo
723 3464 811 3528 sunt,
834 3464 868 3517 ut
890 3453 1032 3536 proiecto
1054 3461 1143 3526 sunt,
1165 3452 1334 3515 animantis
1350 3472 1434 3526 esse,
1457 3474 1516 3517 nec
1537 3454 1639 3518 solum
1661 3455 1729 3518 ani·

401 3548 532 3622 mantis,
554 3548 610 3611 sed
633 3549 727 3610 etiam
750 3549 882 3611 rationis
903 3554 1067 3628 compotes
1090 3546 1172 3609 inter
1185 3568 1285 3630 seque
1301 3549 1393 3630 quasi
1407 3548 1491 3610 civili
1506 3549 1729 3614 conciliatione

402 3651 434 3704 et
454 3643 607 3705 societate
629 3645 829 3715 coniunctos,
853 3662 951 3704 unum
973 3640 1125 3703 mundum
1148 3649 1183 3703 ut
1202 3660 1401 3705 communem
1423 3662 1488 3706 rem
1510 3641 1667 3724 publicam
1683 3650 1767 3706 at-tt

401 3754 464 3817 que
492 3735 601 3796 urbem
631 3735 770 3816 aliquam
799 3735 949 3815 regentis.
995 3731 1046 3795 79.
1070 3734 1221 3815 Sequitur
1250 3742 1285 3805 ut
1314 3733 1422 3796 eadem
1450 3737 1544 3800 sitin
1566 3736 1617 3809 iis,
1647 3755 1729 3819 quae

400 3828 540 3892 humano
562 3827 596 3889 in
618 3847 749 3910 genere,
771 3829 860 3901 ratio,
879 3828 988 3891 eadam
1005 3828 1119 3890 veritas
1133 3827 1301 3910 utrobique
1317 3828 1356 3889 sit
1371 3827 1547 3911 eademque
1562 3830 1626 3902 lex,
1648 3848 1730 3912 quae

402 3932 451 3987 est
470 3921 548 3983 recti
578 3921 755 4004 praeceptio
782 3922 934 4004 pravique
957 3920 1113 4002 depulsio.
1150 3922 1199 3982 Ex
1221 3940 1285 4002 quo
1313 3920 1506 4003 intellegitur
1531 3922 1731 4005 prudentiam

354 4064 357 4080 .
402 4036 532 4101 quoque
563 4024 594 4077 et
624 4025 760 4077 mentem
782 4036 800 4076 a
824 4014 892 4077 deis
915 4014 953 4077 ad
986 4012 1132 4077 homines
1154 4014 1354 4169 perpenisse,
1385 4015 1426 4076 ob
1449 4035 1583 4098 eamque
1604 4034 1731 4079 causam

402 4111 557 4173 maiorum
580 4109 732 4171 institutis
756 4130 861 4181 mens,
884 4105 977 4181 fides,
1000 4108 1113 4181 virtus,
1137 4128 1213 4171 conc
1237 4108 1305 4169 rdia
1328 4116 1530 4170 consecratae
1551 4119 1584 4172 et
1605 4109 1770 4192 publicato

402 4203 567 4266 dedicatae
590 4211 672 4264 sunt.
708 4203 798 4277 Quae
822 4202 876 4284 qui
899 4203 1047 4264 convenit
1069 4222 1168 4283 penes
1191 4203 1267 4263 deos
1291 4221 1360 4263 esse
1383 4221 1512 4281 negare,
1535 4222 1731 4264 cumeorum

402 4307 536 4379 augusta
559 4306 590 4359 et
612 4302 719 4357 sancta
741 4296 905 4357 simulacra
928 4298 1138 4357 veneremur?
1169 4296 1262 4369 Quod
1286 4295 1311 4357 si
1335 4295 1418 4356 inest
1440 4295 1473 4355 in
1495 4294 1658 4358 hominum
1680 4314 1733 4377 ge·

402 4411 478 4454 nere
503 4411 606 4464 mens,
629 4388 723 4461 fides,
747 4389 858 4461 virtus,
881 4390 1065 4462 concordia,
1089 4388 1173 4451 unde
1197 4389 1275 4451 haec
1298 4389 1330 4450 in
1346 4396 1461 4450 terram
1478 4389 1539 4451 nisi
1555 4389 1594 4450 ab
1610 4388 1733 4469 superis

403 4485 543 4547 delluere
571 4487 766 4565 potuerunt?
795 4502 930 4564 cumque
962 4483 1024 4545 sint
1054 4484 1084 4544 in
1114 4483 1206 4544 nobis
1228 4482 1415 4554 consilium,
1443 4483 1533 4554 ratio,
1556 4482 1734 4562 prudentia,

403 4598 534 4643 necesse
558 4585 606 4640 est
628 4577 705 4639 deos
728 4578 806 4639 haec
828 4578 897 4658 ipsa
920 4576 1037 4638 hahere
1059 4576 1192 4649 maiora,
1215 4596 1273 4636 nec
1296 4575 1410 4638 habere
1430 4575 1547 4648 solum,
1570 4574 1627 4637 sed
1641 4577 1772 4638 etiamst

403 4672 452 4735 his
480 4672 528 4734 uti
556 4670 589 4732 in
619 4673 776 4734 maxumis
798 4679 829 4733 et
851 4672 988 4753 optumis
1011 4671 1117 4733 rebus.
1161 4667 1212 4730 80.
1235 4669 1320 4731 Nihil
1343 4678 1448 4731 autem
1470 4689 1529 4732 nec
1553 4669 1654 4740 maius
1677 4687 1735 4730 nec

471 4952 494 4999 4.
512 4950 671 5011 putctcmme
693 4952 726 5006 .l;
751 4949 898 5011 potctrome
915 4949 936 4996 V
953 4976 985 4985 -
1008 4962 1056 5010 quo
1079 4962 1148 4998 corr.
1169 4962 1200 4997 ex
1224 4949 1289 5009 quod
1311 4947 1391 4997 ABV
1411 4974 1437 4983 -
1462 4947 1486 4996 2.
1505 4961 1535 4996 ea
1551 4960 1601 4998 esso
1616 4953 1737 5012 penarum

407 5026 540 5076 Bouhier:
558 5038 616 5073 eom
632 5038 682 5074 esse
698 5023 884 5087 qenerotemil
905 5052 930 5060 -
950 5024 1017 5072 locus
1033 5029 1067 5073 est
1085 5025 1105 5073 0
1124 5049 1150 5058 -
1171 5025 1262 5072 dicitur
1278 5023 1360 5072 ACV
1379 5047 1405 5055 —-
1430 5020 1454 5071 i.
1474 5028 1520 5071 out
1535 5035 1604 5072 corr.
1623 5036 1654 5072 ex
1672 5025 1737 5073 atA

407 5127 433 5138 -
454 5102 477 5149 6.
499 5102 529 5148 iis
546 5113 615 5149 corr.
635 5114 667 5147 cx
691 5100 711 5146 is
733 5101 768 5156 V;
793 5100 816 5147 ir
832 5104 867 5151 A:
894 5100 931 5147 liis
954 5100 1002 5148 ΟΕ
1022 5125 1048 5133 -
1071 5099 1095 5146 8.
1115 5100 1146 5146 sit
1163 5111 1258 5146 necesse
1274 5103 1308 5146 est
1324 5098 1412 5146 oratius
1429 5098 1525 5147 ABG:
1545 5099 1576 5146 sit
1593 5111 1687 5148 necesse
1703 5102 1738 5147 cst

404 5177 493 5227 mettis
503 5190 554 5225 csse
566 5177 583 5225 Ε
595 5191 601 5229 ;
620 5175 653 5223 tit
664 5188 757 5223 neccsse
769 5181 802 5223 est
814 5189 864 5223 essa
876 5177 934 5237 (csse
945 5174 1091 5238 supensos.)
1103 5174 1189 5222 melius
1201 5174 1237 5228 V;
1257 5185 1351 5221 necesse
1362 5178 1396 5221 est
1409 5185 1459 5221 csse
1470 5173 1556 5222 metius
1567 5173 1587 5221 Ο
1600 5200 1626 5208 -
1641 5172 1664 5221 9.
1679 5172 1739 5221 dous

406 5254 490 5314 (corr.
511 5253 628 5309 erdem)
654 5251 689 5298 B:
714 5251 770 5299 deos
793 5250 933 5299 ABEVO
955 5276 979 5284 -
1000 5249 1039 5297 to.
1058 5250 1174 5297 inanimo
1191 5261 1258 5296 corr.
1279 5260 1314 5295 m.
1334 5260 1390 5295 sec.
1411 5246 1435 5296 in
1457 5247 1598 5296 inanimato
1615 5247 1637 5294 V
1656 5273 1688 5283 -·
1710 5246 1738 5295 ui

406 5339 475 5377 corr.
496 5327 582 5374 exsui
601 5325 621 5371 V
642 5352 667 5360 -
694 5327 734 5373 44.
753 5327 856 5374 deorum
879 5332 973 5373 notura
996 5325 1014 5372 E
1035 5349 1060 5359 -
1086 5324 1125 5372 43.
1145 5323 1207 5372 sitiit
1225 5327 1260 5370 est
1283 5321 1453 5383 praestantius
1475 5322 1534 5371 deo:
1558 5321 1590 5370 ab
1611 5334 1638 5369 eo
1659 5321 1738 5384 iqitur

406 5402 526 5451 mundum
549 5401 603 5464 reqi
623 5412 718 5449 accessa
739 5406 781 5449 est.
808 5399 923 5448 nutri„
936 5402 987 5461 ipse
1007 5405 1128 5449 naturum
1151 5400 1299 5448 Lactantius
1318 5399 1379 5446 lnst.
1399 5399 1423 5456 l,
1442 5398 1465 5447 5.
1488 5424 1513 5432 —
1534 5395 1574 5445 tt.
1592 5409 1687 5444 necesso
1703 5400 1738 5445 cu

405 5477 527 5526 mundum
544 5476 563 5524 0
579 5501 604 5510 -
624 5475 795 5537 mundandum
813 5474 843 5521 V¹
858 5501 884 5512 -
905 5475 944 5523 48.
964 5488 1007 5524 cae
1024 5476 1097 5524 modo
1114 5477 1181 5525 AB:
1200 5488 1244 5523 eae
1261 5475 1347 5523 amodo
1358 5470 1404 5529 V¹;
1423 5486 1453 5521 co
1470 5472 1542 5521 modo
1555 5472 1593 5527 C;
1611 5470 1654 5518 trec
1664 5471 1737 5518 modo

406 5553 473 5601 E·
493 5550 553 5613 quo]
572 5551 615 5610 qui
632 5550 682 5597 st:
704 5575 728 5581 -
750 5550 789 5598 23.
808 5550 880 5597 modo
897 5555 953 5597 suist
971 5549 1030 5598 cod.
1051 5548 1246 5611 Glogaviensis:
1273 5549 1345 5597 modo
1362 5549 1410 5596 sint
1428 5546 1449 5598 u
1470 5574 1495 5582 -
1513 5546 1624 5608 profecto
1640 5546 1689 5593 sint
1707 5546 1737 5593 V¹

409 5649 437 5662 -
456 5624 497 5675 at.
516 5629 636 5686 competes
653 5623 683 5669 V¹
705 5649 730 5658 -
754 5624 794 5672 ⁶26.
816 5625 840 5671 in
858 5624 936 5684 iisque
953 5626 989 5681 Λ;
1009 5625 1035 5673 in
1051 5625 1089 5673 lis
1107 5637 1171 5685 quoa
1187 5623 1209 5671 V
1229 5651 1255 5659 -
1279 5624 1320 5672 st.
1339 5622 1446 5670 humano
1464 5624 1489 5670 tn
1505 5633 1595 5684 peracre
1610 5618 1734 5668 ABCV:

407 5701 434 5748 in
455 5700 563 5749 humano
585 5711 673 5762 penore
696 5698 729 5755 l];
757 5699 783 5746 in
805 5712 893 5760 periere
909 5698 1018 5747 lumerto
1035 5699 1055 5747 Ο
1075 5725 1101 5733 -
1121 5698 1161 5746 27.
1180 5700 1276 5748 ueritas
1293 5695 1332 5749 u:
1352 5699 1433 5746 uirtus
1448 5695 1499 5746 alii.
1520 5722 1545 5730 -
1566 5696 1605 5744 3⁰.
1622 5693 1738 5755 publicae

407 5775 460 5824 AV
482 5801 508 5810 -
532 5775 573 5825 33.
592 5774 709 5823 tcrrosO
732 5800 758 5809 -
783 5774 814 5821 ab
835 5774 931 5833 superis
951 5773 1050 5823 lev:
1074 5773 1105 5821 cb
1126 5772 1164 5821 iis
1183 5775 1278 5836 superis
1297 5774 1335 5831 B;
1361 5786 1379 5822 o
1400 5772 1496 5833 superis
1517 5772 1565 5820 ΕΟ
1588 5796 1615 5807 -
1638 5769 1679 5818 36.
1699 5770 1738 5818 uti

408 5862 477 5900 corr.
496 5862 533 5899 m.
552 5862 606 5899 sec.
627 5863 659 5898 ex
676 5854 703 5898 ut
721 5849 741 5897 V
761 5875 788 5886 -
807 5848 911 5899 obtumis
927 5853 962 5911 Α,
986 5849 1082 5900 obtimis
1098 5849 1117 5900 B
1135 5874 1168 5884 —-
1189 5855 1272 5899 summ
1288 5843 1454 5899 ABCEV':
1479 5852 1564 5898 autom
1580 5850 1615 5899 est
1631 5841 1677 5906 V‘;
1702 5850 1738 5897 est
