4342 7459
937 1257 1196 1323 FRAGMENTA.
1667 1253 1724 1327 981

479 1420 508 1478 3.
536 1451 570 1464 -
591 1424 624 1478 41
644 1414 772 1479 Paulum
790 1411 923 1477 Marcelli
944 1414 1158 1495 occupavisse.
1200 1416 1352 1495 (Nouius
1371 1438 1399 1479 v.
1423 1420 1586 1500 Occupato
1599 1439 1631 1500 p.
1654 1419 1731 1496 356.)

480 1516 508 1573 1.
537 1510 628 1585 0444
657 1529 726 1573 cum
756 1517 889 1590 uterque
918 1518 1057 1572 nostrum
1088 1507 1251 1573 adnuisset
1277 1529 1450 1594 omnesque
1478 1513 1517 1576 ad
1543 1512 1576 1575 id
1595 1522 1730 1595 tempus,

406 1603 491 1684 quod
520 1612 588 1666 erat
615 1605 748 1681 dictum,
778 1612 904 1685 postero
928 1601 978 1664 die
998 1604 1204 1666 venissemus.
1246 1602 1362 1682 (idem
1381 1625 1411 1666 v.
1432 1608 1577 1671 Annuere
1598 1628 1628 1688 p.
1652 1608 1729 1686 438.)

480 1698 508 1759 5.
540 1698 617 1760 Cum
637 1699 668 1759 in
688 1697 791 1761 villam
810 1697 926 1760 Luculli
946 1706 1074 1761 ventum
1094 1707 1191 1776 esset,
1212 1699 1294 1762 omni
1314 1708 1466 1781 apparatu
1486 1704 1656 1766 venustatis
1676 1722 1729 1764 or-

407 1797 521 1854 natam.
550 1823 586 1837 —
616 1792 848 1869 [Scholiasta
875 1792 1148 1855 Gronovinnus
1177 1794 1217 1855 ad
1245 1794 1331 1855 Verr.
1352 1796 1463 1858 Aecus.
1485 1797 1518 1857 L.
1540 1798 1568 1859 1.
1590 1797 1608 1875 ἓ
1628 1797 1675 1859 54.
1697 1814 1729 1877 4.
1752 1800 1767 1844 ⁵

407 1886 471 1947 404.
491 1883 548 1947 Ed.
570 1887 716 1964 4441444.)

343 2013 349 2024 =
482 1981 511 2041 6.
538 1978 663 2041 Lucullo
692 1980 818 2060 quidem
845 1987 952 2040 noster
975 1977 1129 2041 adventus
1150 1986 1182 2041 et
1199 1988 1306 2060 gratus
1325 1990 1358 2043 et
1375 1980 1530 2045 iucundus
1555 1981 1728 2044 1414441-.

407 2072 633 2149 (Arusianus
652 2074 820 2135 Messius
839 2092 872 2153 p.
893 2073 959 2134 232.
982 2073 1087 2149 Lind.)

480 2169 509 2227 7.
537 2166 591 2227 1114
609 2167 742 2247 primum
763 2165 891 2230 Catulus
912 2164 1084 2228 delectatus
1104 2166 1172 2247 ipso
1192 2164 1272 2229 loco.
1320 2166 1432 2245 (idem
1453 2186 1484 2249 p.
1506 2170 1572 2230 224.
1594 2167 1692 2246 Lind.)

481 2259 510 2319 8.
537 2260 613 2320 Nam
638 2278 708 2322 cum
732 2260 831 2321 omnis
858 2258 993 2322 soltertia
1010 2260 1191 2323 admiranda
1211 2269 1278 2338 441,
1309 2267 1373 2324 tum
1395 2280 1449 2339 aa,
1471 2279 1551 2342 qnae
1572 2263 1665 2324 efficit
1684 2272 1729 2342 ut,
1740 2269 1768 2314 ⁴⁰

406 2354 540 2417 inanima
569 2371 651 2433 quae
681 2362 771 2431 sunt,
801 2355 906 2416 vivere
937 2362 969 2416 41
999 2355 1119 2434 4414444
1146 2353 1319 2418 videantur.
1361 2357 1397 2432 111
1403 2356 1516 2419 44144
1546 2356 1731 2419 v.1uanima

481 2545 509 2605 9.
540 2543 667 2604 Praeter
686 2550 807 2605 ceteras
826 2550 932 2605 nostra
953 2541 1062 2604 extulit
1081 2542 1201 2605 civitas.
1242 2542 1358 2622 (idem
1379 2562 1406 2605 v.
1420 2544 1538 2608 Ederre
1557 2566 1586 2626 p.
1601 2548 1657 2609 297
1669 2547 1729 2626 sq.)

483 2640 528 2698 10.
554 2638 598 2673 ¹¹*
612 2637 693 2700 hunc
712 2639 880 2712 Crassum,
908 2638 961 2719 qui
989 2636 1119 2710 lentius,
1141 2646 1176 2699 ut
1194 2639 1295 2717 scitis,
1317 2638 1423 2702 dicere
1441 2639 1579 2718 solebat,
1600 2640 1641 2703 44
1659 2640 1731 2702 imi·

408 2730 553 2792 tationem
583 2731 673 2813 quasi
704 2732 801 2794 nostri
839 2732 963 2811 generis
1005 2730 1204 2793 contendisse
1252 2766 1301 2791 -.
1343 2732 1457 2811 (idem
1488 2753 1517 2796 v.
1550 2736 1666 2797 Lentus
1696 2738 1769 2814 411

408 2828 464 2888 337
482 2827 542 2906 sq.)
1433 2853 1437 2859 ·

483 2920 529 2982 11.
555 2921 594 2980 Ut
610 2920 647 2994 ii,
674 2919 726 2998 qui
755 2917 890 2980 combibi
916 2936 1087 2997 purpuram
1106 2917 1231 2994 volunt,
1259 2919 1416 2981 sufficiunt
1433 2922 1520 3001 prius
1540 2920 1643 2984 lanam
1662 2939 1731 2984 me-

408 3011 590 3075 dicamentis
620 3010 823 3093 quibusdam,
854 3012 899 3072 sic
928 3011 1037 3072 litteris
1066 3012 1244 3095 talibusque
1274 3010 1421 3075 doctrinis
1448 3024 1521 3077 4414
1543 3014 1731 3078 444411441-

408 3125 475 3169 mos
507 3116 539 3169 et
566 3106 606 3170 44
636 3107 819 3186 4441441144
850 3106 1084 3187 concipiendam
1112 3107 1208 3169 imbui
1230 3115 1262 3170 et
1279 3109 1460 3196 praeparari
1479 3107 1580 3171 decet.
1621 3105 1731 3187 [idam

408 3220 436 3261 v.
459 3200 602 3264 imbuere
622 3219 653 3282 p.
674 3202 740 3262 521.
763 3220 793 3261 v.
816 3200 935 3261 Sufficit
954 3219 986 3280 p.
1008 3201 1085 3279 886.)
1739 3204 1768 3253 ²⁰

485 3296 529 3357 12.
557 3296 597 3357 111
625 3295 707 3355 enim
736 3301 861 3373 segetes
890 3293 1043 3373 agricolae
1071 3294 1221 3374 subigunt
1249 3294 1359 3356 aratris
1392 3293 1487 3356 multo
1520 3303 1608 3369 ante,
1638 3312 1732 3375 quam

408 3397 514 3452 serant
534 3421 590 3448 -.
630 3389 736 3467 (idem
756 3407 783 3448 v.
809 3389 906 3467 Seges
926 3406 956 3468 p.
980 3390 1044 3451 395.
1068 3408 1097 3450 v.
1120 3387 1272 3466 Subigere
1294 3407 1325 3468 p.
1350 3389 1429 3465 401.)

484 3486 530 3545 13.
559 3485 669 3543 Comini
688 3485 831 3541 1444114444
849 3502 932 3557 usqne
951 3485 988 3541 44
1007 3492 1130 3556 temporo
1149 3486 1306 3542 contutatus
1324 3491 1461 3558 4444441444
1479 3487 1564 3556 [41444
1587 3485 1729 3552 1411444444,

407 3588 469 3652 4441
497 3582 689 3638 1444441414
708 3582 995 3645 114144114414441444,
1016 3582 1284 3637 4164114444111414
1304 3576 1450 3655 (1.1411144
1469 3579 1604 3654 instituta)
1633 3597 1732 3653 44444-

408 3682 500 3731 sceret.
539 3675 600 3732 1144
626 3676 725 3731 initio
745 3677 875 3748 dialogo,
903 3678 953 3747 444·
976 3677 1137 3733 inscribitur
1157 3676 1302 3742 1444411444,
1335 3675 1537 3743 6144444441,
1567 3678 1639 3733 uado
1656 3683 1682 3733 41
1701 3674 1769 3733 144ἳῦ

409 3768 558 3826 1144144414
578 3766 706 3827 14441144
726 3772 871 3827 inurinare
891 3771 1027 3827 14444411.
1068 3766 1308 3846 (Scholiasta
1338 3768 1603 3830 Gronovianus
1627 3767 1659 3828 in
1686 3786 1731 3828 or.

409 3878 465 3939 pro
486 3859 554 3939 iege
573 3862 692 3924 Manilia
712 3879 737 3922 c.
763 3865 807 3925 10.
831 3861 859 3940 §-
881 3864 927 3924 28.
948 3881 978 3943 4.
996 3863 1063 3924 441.
1084 3860 1142 3923 Ed.
1167 3862 1313 3941 4441444.)

485 3956 530 4017 11.
558 3954 638 4030 0414
658 3955 739 4016 enim
759 3962 812 4017 aut
830 3953 986 4017 Herodoto
1006 3954 1128 4017 dulcius
1148 3963 1201 4018 aut
1212 3953 1390 4036 Thucydide
1402 3954 1527 4036 gravius
1542 3962 1596 4017 aut
1607 3953 1733 4017 Philisto

410 4050 536 4112 brevius
554 4057 608 4111 aut
626 4049 824 4130 Theopompo
843 4049 945 4111 acrius
964 4057 1018 4111 aut
1037 4048 1160 4128 Ephoro
1173 4046 1277 4111 mitius
1289 4049 1419 4111 inveniri
1432 4049 1556 4129 potest?
1575 4050 1612 4125 (N
1620 4049 1733 4111 onius

409 4163 438 4203 v.
460 4144 560 4206 Grave
580 4162 610 4223 p.
634 4144 698 4204 315.
719 4162 748 4203 v.
769 4145 850 4204 Acre
870 4160 901 4221 p.
924 4144 990 4204 241.
1012 4162 1042 4202 4.
1063 4142 1142 4204 111114
1160 4161 1191 4222 p.
1214 4145 1297 4219 313.)
1741 4144 1771 4192 11

485 4238 527 4300 15.
561 4234 648 4299 11444
674 4243 778 4298 antem
808 4234 925 4297 14411144
956 4252 1049 4314 quam
1079 4252 1119 4296 ex
1149 4233 1304 4296 annalium
1324 4234 1531 4297 monumentis
1551 4242 1604 4296 441
1622 4233 1734 4297 bellica

410 4349 462 4392 res
481 4339 536 4393 ant
554 4332 654 4392 omnis
674 4331 719 4392 rei
740 4328 885 4412 pubiicae
906 4327 1069 4410 disciplina
1089 4329 1307 4407 cognoscitur?
1345 4328 1454 4407 (idem
1479 4348 1507 4390 v.
1537 4329 1733 4407 Cognoscere

486 4522 530 4581 16.
559 4516 645 4582 11444
673 4526 726 4581 441
754 4517 795 4580 44
823 4515 977 4597 agendum
1007 4523 1060 4578 aut
1087 4513 1129 4577 ad
1157 4512 1324 4576 dicendum
1352 4513 1442 4595 copia
1469 4512 1610 4595 depromi
1637 4515 1735 4578 maior

409 4612 663 4693 gravissimorum
691 4611 904 4694 exemplorum
934 4612 1023 4692 quasi
1052 4609 1301 4689 incorruptorum
1338 4610 1581 4674 testimoniorum
1613 4611 1772 4693 4414411δῦ

411 4705 522 4784 (idern
543 4725 571 4768 v.
595 4707 720 4769 Grave
741 4725 771 4788 p.
794 4706 870 4783 315.)

488 4802 531 4862 17.
561 4803 673 4880 Perge,
703 4818 840 4881 quaeso,
871 4817 930 4860 nec
957 4800 1038 4861 enim
1057 4800 1200 4880 imperite
1220 4816 1351 4862 exorsus
1370 4816 1416 4864 44.
1457 4797 1735 4878 [1444441444-

412 4895 496 4957 dium
517 4913 547 4975 p.
571 4897 635 4974 30.)

488 4991 531 5050 18.
559 4990 667 5068 Magna
686 4989 778 5050 etiam
798 4987 891 5049 animi
911 4988 1067 5048 contentio
1087 4984 1264 5049 adhibenda
1284 4994 1333 5048 est
1351 4984 1534 5069 explicando
1558 4984 1734 5062 Aristotele,

411 5085 437 5146 41
457 5083 554 5163 leges
595 5082 709 5155 114444
728 5101 757 5143 v.
780 5080 978 5143 contendere
999 5101 1031 5162 p.
1052 5081 1132 5158 264.)
1744 5077 1774 5127 ⁴⁰

487 5178 532 5239 19.
562 5175 625 5236 Sed
656 5173 695 5238 ad
725 5183 898 5236 extremum
928 5173 1092 5254 pollicetur
1121 5173 1331 5257 prolaturum,
1361 5174 1414 5254 qui
1444 5191 1480 5235 se
1508 5174 1576 5255 ipse
1597 5181 1716 5236 comest

411 5268 494 5349 quod
515 5269 608 5331 efficit
627 5267 858 5331 dialecticorum
878 5269 964 5331 ratio.
1008 5267 1128 5347 (idem
1149 5288 1178 5333 v.
1198 5269 1325 5331 Comest
1342 5287 1373 5349 p.
1393 5269 1454 5344 81.)
1817 5347 1819 5352 Α

485 5364 532 5426 20.
563 5366 685 5437 Quaero
710 5363 810 5441 enirn,
838 5381 899 5424 non
926 5362 1041 5443 quibus
1064 5362 1225 5425 intendam
1250 5361 1346 5425 rebus
1372 5364 1522 5435 animum,
1544 5359 1601 5422 sed
1621 5360 1736 5441 quibus

411 5458 548 5521 relaxem
577 5466 609 5520 41
636 5458 799 5520 remittam.
841 5456 954 5535 (idem
986 5475 1014 5519 v.
1041 5456 1195 5519 lntentum
1221 5474 1252 5536 p.
1274 5456 1340 5518 329.
1362 5475 1390 5519 4.
1412 5455 1584 5517 Remissum
1604 5471 1635 5534 p.
1657 5456 1734 5534 383.)

478 5798 516 5849 ta.
546 5796 997 5863 14404444416441.11444411144444.
1021 5797 1067 5850 04.
1094 5823 1120 5834 -
1149 5796 1191 5852 39.
1220 5796 1291 5851 fort.
1317 5794 1442 5848 1414141411
1469 5791 1510 5846 rel
1537 5793 1564 5845 14
1587 5793 1735 5859 miiomrdo

410 5873 539 5927 1414141414
554 5887 617 5927 cnm
632 5874 715 5928 14414.
733 5874 776 5928 04.
793 5901 826 5911 -
842 5872 883 5925 11.
901 5873 934 5926 84
949 5873 984 5925 nd
1001 5874 1100 5927 144144.
