4342 7459
727 1245 796 1308 ne.
817 1242 842 1307 1.
872 1241 946 1307 cn.
966 1239 1182 1305 xv-xvu.
1208 1235 1256 1323 §s
1277 1232 1423 1301 ar-st.
1674 1230 1732 1299 eet

407 1407 462 1468 nia
483 1404 712 1478 continentem,
734 1411 800 1466 tum
816 1401 943 1465 fatalem
959 1400 1139 1481 †umbram
1153 1406 1186 1462 et
1198 1398 1420 1463 necessitatem
1433 1417 1538 1462 rerum
1553 1393 1738 1467 futurarum,

406 1498 512 1581 ignem
535 1505 699 1582 praeterea
721 1507 753 1561 et
774 1518 861 1569 eum,
885 1516 980 1579 quem
1003 1503 1076 1558 ante
1100 1493 1181 1568 dixi,
1204 1493 1348 1568 aethera,
1371 1502 1437 1556 tum
1453 1512 1506 1567 ea,
1529 1510 1613 1573 quae
1627 1497 1740 1552 natura

407 1588 544 1655 fluerent
565 1601 660 1676 atque
682 1599 863 1665 manarent,
886 1598 922 1653 ut
943 1599 975 1652 et
996 1607 1113 1672 aquam
1136 1595 1167 1650 et
1189 1594 1304 1650 terram
1320 1593 1353 1649 et
1370 1593 1460 1661 aera3
1483 1585 1599 1658 solem,
1621 1583 1740 1657 lunam,

408 1685 512 1748 sidera
541 1686 842 1770 universitatemque
871 1704 994 1757 rerum,
1024 1702 1086 1765 qua
1116 1681 1223 1745 omnia
1244 1681 1496 1754 continerentur,
1526 1686 1622 1762 atque
1645 1678 1740 1741 etiam

406 1778 552 1843 homines
574 1799 646 1855 eos,
669 1780 723 1863 qui
746 1778 1003 1841 inmortalitatem
1027 1783 1136 1838 essent
1150 1775 1321 1838 consecuti·
1358 1769 1409 1835 40.
1431 1773 1584 1856 Idemque
1598 1770 1765 1854 disputate

408 1873 536 1935 aethera
564 1891 635 1936 esse
666 1893 755 1948 eum,
785 1891 881 1955 quem
911 1872 1053 1934 homines
1080 1870 1189 1931 lovem
1218 1867 1431 1952 appellarent,
1460 1866 1581 1949 quique
1610 1873 1665 1930 adr
1685 1886 1742 1949 per

408 1968 506 2030 maria
527 1974 684 2039 manaret,
715 1985 788 2029 eum
811 1985 882 2028 esse
904 1965 1101 2046 Neptunum,
1132 1970 1314 2044 terramque
1341 1980 1410 2024 eam
1433 1980 1518 2034 esse,
1541 1979 1623 2042 quae
1647 1959 1742 2023 Ceres

408 2057 581 2133 diceretur,
611 2058 771 2143 similique
800 2059 921 2121 ratione
956 2057 1159 2139 persequitur
1187 2055 1342 2119 vocabula
1368 2053 1567 2137 reliquorum
1599 2053 1742 2117 deorum.

408 2152 562 2236 Idemque
584 2154 679 2216 etiam
709 2151 788 2235 legis
815 2159 986 2236 perpetuae
1008 2159 1041 2214 et
1060 2159 1210 2213 aeternae
1238 2149 1318 2222 mm,
1348 2166 1430 2232 quae
1456 2147 1547 2230 quasi
1570 2145 1636 2211 dux
1659 2146 1743 2212 vitae

409 2254 442 2310 et
462 2247 614 2329 magistra
635 2245 812 2310 officiorum
836 2245 892 2320 sit,
915 2246 1021 2308 lovem
1042 2242 1120 2308 dicit
1141 2262 1211 2306 esse
1234 2240 1433 2327 eandemque
1456 2237 1583 2308 letalem
1605 2240 1781 2310 necessi-to

410 2347 506 2404 tatem
527 2339 684 2422 appellat,
714 2339 938 2422 sempiternam
960 2357 1067 2402 rerum
1090 2336 1267 2400 suturarum
1289 2335 1472 2412 veritatem,
1506 2356 1642 2419 quorum
1664 2333 1745 2399 nihil

410 2432 483 2500 tale.
501 2439 564 2506 est,
592 2440 626 2496 ut
650 2435 683 2497 in
706 2453 746 2497 eo
768 2434 816 2496 vis
838 2433 947 2496 divina
969 2432 1075 2494 inesse
1098 2430 1253 2494 videatur.
1296 2425 1347 2491 ll.
1375 2431 1417 2493 Et
1443 2431 1523 2495 haec
1551 2430 1679 2514 quidem
1711 2430 1745 2494 in

411 2526 514 2610 primo
536 2525 616 2589 libro
638 2525 680 2590 de
702 2535 814 2591 natura
836 2527 987 2590 deorum:
1015 2526 1047 2588 in
1070 2522 1211 2590 secundo
1233 2531 1338 2588 autem
1360 2523 1429 2587 volt
1449 2522 1585 2606 Orphei,
1613 2524 1746 2599 Musaei,

411 2619 541 2684 Hesiodi
566 2620 762 2704 Homerique
784 2620 918 2685 labellas
939 2620 1179 2684 accommodare
1202 2614 1240 2680 ad
1263 2637 1315 2692 ea,
1345 2638 1427 2701 quae
1448 2619 1519 2701 ipse
1541 2620 1642 2701 primo
1663 2618 1745 2681 libro

413 2712 453 2776 de
483 2714 562 2777 deis¹
580 2715 799 2779 inmortalibus
822 2716 952 2789 dixerit,
983 2723 1018 2777 ut
1044 2711 1139 2776 etiam
1167 2711 1327 2776 veterrimi
1354 2718 1482 2795 poetae,
1510 2712 1566 2795 qui
1598 2711 1675 2775 baec
1706 2730 1785 2779 nata

413 2809 564 2891 suspicati
586 2806 715 2892 quidem
737 2816 830 2885 sunt,
853 2810 949 2872 Stoici
971 2808 1070 2871 luisse
1093 2807 1269 2871 videantur.
1306 2806 1410 2882 Quem
1433 2808 1591 2891 Diogenes
1612 2808 1748 2891 Babylo·

413 2902 486 2966 nius
508 2922 708 2985 consequens
738 2902 833 2966 ineo
864 2903 962 2976 libro,
993 2902 1048 2985 qui
1069 2893 1253 2965 inscribitur
1275 2899 1315 2963 de
1336 2900 1494 2975 Minerva,
1518 2910 1641 2986 partum
1663 2901 1747 2968 lovis
1787 2899 1804 2994 l

414 3004 583 3080 ortumque
605 2996 738 3079 virginis
760 2996 799 3060 ad
826 2996 1058 3080 physiologiam
1081 2994 1248 3058 traducens
1270 2994 1413 3078 deiungit
1433 3014 1453 3058 a
1474 2992 1592 3059 sabula.
1782 2995 1785 2999 ’

500 3090 585 3152 XVI.
606 3086 658 3150 li.
680 3090 824 3171 Exposui
846 3086 913 3151 lere
935 3110 998 3151 non
1020 3088 1284 3172 pbilosophorum
1305 3088 1438 3163 iudicia,
1465 3090 1521 3153 sed
1545 3088 1747 3154 delirantium

415 3182 556 3258 somnia;
577 3203 637 3246 nec
659 3184 742 3246 enim
766 3184 865 3246 multo
887 3182 1074 3246 absurdiora
1096 3189 1171 3245 sunt
1186 3202 1238 3256 ea,
1255 3201 1337 3266 quae
1352 3189 1515 3266 poetarum
1531 3183 1663 3248 vocibus
1676 3182 1787 3250 lusam

415 3276 486 3359 ipsa
507 3276 660 3339 suavitate
683 3284 874 3350 nocuerunt,
905 3277 959 3361 qui
983 3285 1015 3339 et
1036 3277 1084 3338 ira
1105 3276 1315 3340 inflammatos
1338 3284 1371 3339 et
1390 3274 1522 3338 libidine
1544 3276 1679 3340 furentis
1700 3279 1749 3341 in-

417 3370 577 3435 duxerunt
604 3372 681 3435 deos
708 3371 916 3455 feceruntque
952 3378 988 3433 ut
1020 3390 1131 3434 eorum
1159 3369 1256 3444 bella,
1285 3370 1422 3452 proelia,
1451 3390 1590 3452 pugnas,
1622 3371 1749 3436 vulnera

417 3464 612 3540 rideremus,
635 3464 711 3528 odia
732 3474 910 3549 praeterea,
933 3463 1082 3539 discidia,
1107 3463 1297 3538 discordias,
1320 3472 1423 3537 ortus,
1446 3465 1602 3539 interitus,
1625 3465 1751 3549 querel-

416 3557 481 3633 las,
512 3558 771 3633 lamentationes,
800 3560 916 3622 effusas
945 3559 978 3621 in
1007 3558 1094 3621 omni
1123 3558 1365 3641 intemperantia
1385 3557 1551 3634 libidines,
1584 3558 1750 3634 adulteria,

418 3651 560 3727 vincula,
586 3674 657 3717 cum
686 3653 825 3718 humano
854 3673 970 3735 genere
997 3653 1183 3716 concubitus
1204 3652 1412 3735 mortalisque
1434 3672 1475 3715 ex
1496 3653 1655 3717 inmortali
1675 3670 1789 3737 pro-ao

418 3754 552 3809 creatos.
584 3741 648 3814 lb.n
670 3748 748 3811 Cum
770 3754 936 3831 poetarum
958 3755 1062 3811 autem
1082 3767 1189 3811 errore
1211 3749 1402 3830 coniungere
1424 3747 1499 3811 lieet
1520 3756 1665 3831 portenta
1686 3768 1752 3813 ma·

418 3859 529 3922 gorum
557 3841 851 3925 Aegyptiorumque
878 3842 913 3904 in
943 3842 1056 3906 eodem
1085 3862 1203 3926 genere
1224 3841 1431 3916 dementiam,
1459 3842 1642 3905 tumetium
1664 3841 1753 3925 vulgi

418 3932 600 4015 opiniones,
629 3955 712 4018 quae
734 3936 768 3998 in
792 3935 927 3998 maxima
949 3936 1164 3999 inconstantia
1185 3936 1326 3999 veritatis
1353 3936 1554 4019 ignoratione
1576 3943 1752 4000 versantur.

417 4028 465 4090 Ea
486 4029 542 4111 qui
565 4029 745 4092 consideret
767 4049 861 4113 quam
884 4029 1061 4093 inconsulte
1082 4050 1120 4093 ac
1142 4038 1262 4093 temere
1284 4030 1441 4103 dieantur,
1468 4030 1613 4094 venerari
1636 4030 1754 4113 Epicu·

419 4141 490 4184 rum
514 4130 547 4183 et
568 4122 600 4183 iu
623 4142 734 4184 eorum
757 4124 900 4205 ipsorum
923 4143 1073 4197 numero,
1095 4121 1134 4186 de
1157 4124 1273 4207 quibus
1296 4121 1374 4187 baec
1389 4125 1535 4206 quaestio
1550 4130 1614 4198 est,
1636 4122 1791 4189 haberem

421 4214 550 4289 debeat;
578 4216 666 4278 solus
696 4218 779 4279 enim
808 4216 888 4279 vidit
915 4218 1051 4299 primum
1080 4237 1151 4280 esse
1181 4217 1274 4292 deos,
1304 4217 1390 4300 quod
1419 4218 1452 4279 in
1475 4218 1616 4280 omnium
1638 4218 1753 4281 animis

420 4326 531 4370 eorum
553 4310 714 4373 notionem
737 4311 938 4392 inpressisset
960 4311 1029 4393 ipsa
1052 4320 1174 4374 natura.
1210 4311 1300 4386 Quae
1323 4319 1372 4373 est
1394 4311 1478 4373 enim
1501 4331 1579 4392 gens
1596 4320 1651 4375 aut
1666 4311 1753 4395 quod

421 4421 519 4483 genus
540 4403 717 4479 hominum,
741 4404 827 4487 quod
850 4425 914 4467 non
936 4404 1052 4467 babeat
1073 4406 1142 4467 sine
1163 4405 1308 4468 doctrina
1322 4405 1578 4487 anticipationem
1594 4407 1755 4489 quandam

422 4494 578 4558 deorum?
607 4517 701 4580 quam
730 4499 871 4580 appellat
900 4498 1067 4583 πρόληψιν
1096 4499 1267 4582 Epicurus,
1299 4498 1331 4560 id
1361 4506 1410 4561 est
1431 4506 1627 4582 anteceptam
1649 4501 1755 4564 animo

422 4592 468 4652 rei
491 4590 649 4673 quandam
672 4591 944 4667 informationem,
968 4594 1037 4655 sine
1060 4614 1124 4676 qua
1146 4614 1205 4657 nec
1227 4592 1367 4675 intellegi
1385 4593 1557 4676 quicquam
1573 4614 1631 4657 nee
1645 4595 1793 4679 quaeriae

424 4702 483 4745 neo
506 4684 662 4767 disputari
686 4694 798 4768 potest.
836 4687 934 4749 Cuius
956 4688 1089 4750 rationis
1105 4687 1168 4750 vim
1191 4696 1287 4770 atque
1310 4686 1479 4749 utilitatem
1502 4708 1543 4750 ex
1557 4688 1612 4750 illo
1627 4688 1757 4751 caelesti

423 4778 550 4861 Epicuri
574 4778 612 4841 de
635 4780 744 4862 regula
766 4789 797 4843 et
818 4781 937 4844 iudicio
954 4781 1116 4844 volumine
1131 4781 1320 4864 accepimus.
1357 4780 1457 4843 xvii.
1476 4776 1529 4843 lt.
1551 4779 1646 4856 Quod
1661 4782 1758 4864 igitur

425 4871 664 4935 fundamentum
696 4875 789 4937 buius
821 4876 1018 4959 quaestionis
1041 4883 1106 4949 est,
1135 4875 1168 4937 id
1195 4876 1357 4957 praeclare
1378 4876 1495 4938 iactum
1517 4874 1644 4939 videtis.
1679 4876 1758 4940 Cum

425 4968 509 5030 enim
538 4988 602 5030 non
630 4968 774 5032 instituto
806 4970 916 5053 aliquo
946 4976 1000 5031 aut
1029 4988 1117 5031 more
1141 4977 1194 5031 aut
1216 4968 1286 5053 lege
1308 4970 1349 5033 sit
1371 4968 1479 5052 opinio
1502 4970 1672 5033 constituta
1692 4990 1758 5033 ma·

426 5070 563 5146 neatque
592 5062 631 5126 ad
660 5083 759 5126 unum
790 5066 930 5127 omnium
960 5063 1051 5127 firma
1079 5064 1262 5138 consensio,
1294 5062 1436 5147 intellegi
1466 5084 1596 5128 necesse
1618 5072 1666 5127 est
1687 5079 1796 5129 esseio

432 5225 1757 5257 Q———ss—-p

492 5342 517 5394 l.
534 5340 651 5392 mbram
674 5339 711 5395 a:
742 5345 793 5394 aim
815 5345 874 5395 cod.
894 5346 1022 5404 hiiensis,
1047 5346 1179 5397 certamem
1203 5341 1389 5401 lleindorllus;
1415 5357 1531 5394 semrom
1556 5344 1709 5408 Madvigius.
1730 5367 1758 5381 -

427 5414 452 5467 i.
471 5422 525 5468 tam
540 5422 673 5482 oeoqwll
694 5446 720 5455 —
740 5420 764 5470 3.
784 5428 914 5473 mammet
931 5423 1050 5487 (prioris
1067 5432 1203 5485 supersor.
1222 5420 1248 5482 o)
1267 5419 1286 5468 C
1305 5442 1333 5453 -
1351 5421 1381 5467 ut
1398 5417 1437 5482 [et]
1455 5432 1551 5483 aquom
1568 5421 1588 5471 0
1606 5446 1633 5456 -
1652 5422 1763 5471 mbmol

427 5493 1760 5558 tmomB-l.ttominssetiom0-7.mcneretc-&momentariam-stom.

429 5569 496 5618 (Ι-
518 5569 558 5619 td.
575 5572 653 5620 musei
678 5572 786 5622 secte
814 5600 841 5609 -
868 5574 909 5624 lb.
928 5574 1031 5623 dixerim
1051 5572 1197 5623 Ernestius.
1223 5594 1250 5605 -
1279 5570 1321 5619 lb.
1338 5574 1396 5618 sunt
1413 5570 1567 5620 Ernestius:
1594 5572 1644 5619 sint
1659 5567 1712 5620 ilo
1731 5595 1759 5607 -·

429 5642 576 5694 mononem
592 5650 627 5704 Α;
652 5646 790 5696 babilonius
806 5647 886 5697 BCE
905 5671 932 5684 —
956 5648 1092 5710 tapsum
1107 5648 1171 5696 muts
1187 5650 1293 5707 ortoque
1309 5645 1389 5695 ACP
1408 5670 1436 5680 -
1463 5644 1503 5694 48.
1522 5644 1633 5707 Musae
1655 5641 1695 5695 a:
1721 5643 1763 5694 dt·

428 5716 510 5781 tingit
532 5719 552 5768 0
571 5746 598 5757 -
622 5721 663 5769 ii.
683 5734 797 5784 papam,
818 5722 954 5783 proetioo
978 5748 1006 5758 -
1029 5722 1071 5772 23.
1091 5721 1194 5770 dienato
1211 5720 1231 5769 0
1249 5744 1276 5755 -
1296 5719 1420 5781 quereum
1436 5722 1474 5769 A:
1495 5719 1627 5782 quaeratur
1644 5720 1681 5778 B;
1700 5731 1763 5780 ςυσ-

429 5792 534 5844 rotato
553 5820 581 5830 -
603 5795 645 5844 25.
663 5801 687 5845 et
702 5796 1049 5858 hnmormttsprocrsotorc
1074 5822 1098 5831 -
1123 5797 1163 5846 28.
1181 5795 1298 5843 mosim
1313 5793 1455 5844 mmtontio
1472 5794 1502 5842 (1¹
1523 5817 1551 5829 -
1573 5806 1707 5843 masmar
1725 5793 1760 5854 C;

430 5869 644 5920 «Μνε-
669 5868 916 5933 septuennem
937 5870 1361 5933 praememoratam,
1384 5868 1634 5932 probtebsinlil’-
1658 5868 1700 5919 bb.
1717 5881 1763 5920 nec

431 5941 539 6007 intelam
554 5945 690 6007 adequans
705 5946 794 5996 ome
814 5971 841 5983 -
860 5945 902 5997 ³6.
919 5946 1008 6009 motas
1024 5946 1102 5997 ABE
1120 5946 1155 6010 ltu
1171 5946 1191 5996 B
1208 5956 1343 6011 superscr.
1355 5944 1434 6007 mles)
1448 5968 1476 5980 -
1492 5942 1609 5996 codam
1624 5943 1720 6008 motat
1730 5942 1761 5995 a.
