4342 7459
441 1229 528 1297 tolo
1000 1227 1213 1293 creationis

444 1406 525 1468 quae
545 1394 733 1448 convertens
752 1384 898 1446 interiora
918 1380 1023 1444 reddit
1041 1399 1123 1461 quae
1143 1390 1217 1444 sunt
1235 1383 1409 1462 superiora.
1437 1386 1541 1465 Atque
1563 1385 1645 1449 baec
1666 1388 1777 1450 omnia

445 1499 542 1542 exeo
563 1497 678 1560 genera
697 1486 787 1555 sunt,
809 1494 889 1557 quae
909 1494 1014 1538 rerum
1033 1474 1181 1537 adiuvant
1201 1493 1331 1554 causas;
1363 1475 1480 1557 quibus
1504 1479 1602 1541 utitur
1628 1481 1777 1542 minista-

444 1576 499 1636 riis
529 1575 626 1651 deus,
652 1591 722 1634 oum
744 1571 852 1652 optimi
875 1572 1031 1650 speciem,
1061 1569 1166 1651 quoad
1191 1570 1258 1633 beri
1284 1578 1405 1651 potest,
1427 1572 1530 1634 allicit.
1571 1571 1637 1636 Sed
1658 1575 1776 1635 existi-

445 1676 530 1730 mant
546 1666 690 1748 plerique
710 1683 772 1729 non
790 1667 868 1728 baec
887 1664 1064 1728 adiuvantia
1085 1683 1261 1743 causarum,
1281 1665 1338 1728 sad
1357 1667 1415 1729 bas
1434 1669 1521 1748 ipsas
1539 1686 1612 1730 essa
1633 1670 1775 1731 omnium

420 1772 573 1839 scensas,
594 1779 676 1841 quae
695 1762 757 1822 dm
776 1758 912 1822 babeant
931 1756 1133 1838 refrigerandi
1155 1757 1353 1837 callaeiandi,
1373 1760 1597 1823 concrescendi
1616 1759 1773 1841 liquendi,

444 1864 573 1918 careant
592 1864 695 1917 autem
714 1856 797 1916 omni
815 1852 1026 1933 intellegentia
1045 1862 1140 1932 atque
1159 1853 1298 1930 ratione,
1325 1872 1407 1935 quae
1427 1857 1490 1918 nisi
1509 1857 1542 1917 in
1561 1857 1667 1918 anime
1687 1855 1773 1920 nnlla

445 1947 506 2011 alia
532 1950 563 2010 in
590 1956 699 2011 natura
718 1948 924 2027 reperiantur.
963 1947 1094 2008 Animus
1113 1953 1217 2008 autem
1237 1964 1365 2009 sensum
1386 1967 1510 2010 omnem
1531 1948 1638 2029 elingit
1662 1949 1772 2012 octale-

444 2061 525 2104 rum.
564 2045 605 2105 At
624 2044 721 2121 ignis,
742 2048 855 2109 enimc,
875 2059 969 2122 aqua,
989 2049 1074 2103 terra
1093 2059 1223 2122 corpora
1243 2050 1316 2104 sunt
1335 2060 1436 2124 eaque
1462 2053 1642 2106 cernuntur.
1683 2042 1771 2106 lllnrn

445 2145 566 2214 autem
593 2137 647 2217 qui
672 2134 904 2216 intellegentiae
927 2134 1164 2214 sapientiaeque
1184 2153 1219 2198 se
1238 2144 1408 2199 amatorem
1427 2138 1607 2217 profitetur,
1639 2155 1772 2201 necesse

405 2240 494 2293 teest
511 2228 720 2310 intellegentis
740 2230 954 2309 sapientisque
973 2236 1103 2291 naturae
1123 2230 1240 2308 primas
1259 2245 1371 2292 causas
1385 2238 1591 2311 ›cenqulrere,
1621 2229 1697 2294 dain
1717 2250 1753 2294 se

443 2311 563 2387 enudas
588 2341 695 2386 aarum
721 2340 840 2398 rerum,
866 2338 947 2400 quae
967 2322 1147 2385 necessario
1168 2330 1293 2384 movent
1311 2321 1408 2401 alias,
1439 2342 1510 2385 cum
1529 2325 1618 2406 ipsae
1639 2324 1680 2388 ab
1700 2324 1770 2390 aliia

442 2425 615 2480 moventur.
655 2417 808 2492 Quocirca
826 2415 918 2478 nobis
938 2417 983 2477 sic
1003 2434 1097 2478 cerno
1118 2434 1190 2478 esse
1210 2415 1404 2494 laciendum,
1432 2426 1469 2480 ut
1497 2418 1538 2481 de
1559 2426 1693 2499 taboque
1713 2436 1770 2480 nos

442 2510 570 2592 quidem
598 2511 738 2573 dieamus
766 2527 881 2590 genera
909 2527 1089 2588 causarum,
1120 2512 1289 2590 separatim
1311 2517 1414 2572 autem
1441 2509 1481 2571 de
1509 2512 1565 2589 iis,
1595 2530 1679 2592 qnae
1700 2531 1770 2575 cum

441 2604 654 2683 intellegentia
673 2612 746 2666 sunt
764 2604 936 2665 efficientes
955 2603 1236 2686 pulcherrimarum
1254 2622 1360 2666 rerum
1380 2614 1475 2685 atque
1494 2614 1713 2687 optumarum,
1740 2614 1771 2669 et

404 2698 482 2759 tede
501 2699 558 2777 iis,
593 2716 673 2779 quae
692 2705 840 2759 vacantes
858 2697 1025 2778 prudentia
1045 2699 1253 2762 inconstantia
1272 2697 1517 2779 perturbataque
1546 2699 1695 2763 efficiunt.
1726 2703 1770 2765 Ae

442 2792 482 2854 de
507 2791 667 2855 oculorum
693 2791 820 2873 quidem
846 2795 967 2871 causis,
996 2802 1030 2855 nt
1055 2793 1209 2857 baberent
1228 2813 1296 2856 eam
1316 2795 1396 2871 vim,
1423 2810 1517 2874 quam
1537 2812 1621 2858 nunc
1641 2795 1768 2874 babent,

442 2888 518 2949 satis
542 2887 647 2952 ferme.
662 2904 734 2949 essa
761 2885 879 2949 dictum
898 2896 984 2968 puto.
1024 2889 1166 2950 Maxuma
1186 2896 1289 2950 autern
1310 2906 1417 2950 eorum
1438 2887 1556 2951 utilitas
1576 2887 1691 2953 donata
1710 2889 1769 2952 bo·

440 2983 559 3044 minum
584 2984 689 3063 generi
715 2981 845 3045 deorum
870 3000 1001 3044 munere
1029 2982 1181 3063 deinceps
1207 2982 1390 3065 explicetur.
1431 2985 1543 3046 llerurn
1570 2985 1655 3045 enim
1675 2992 1769 3064 optu-

440 3093 561 3138 marum
586 3076 794 3155 cognitionem
819 3075 910 3138 nobis
939 3075 1020 3138 oculi
1049 3076 1231 3139 attulerunt.
1270 3079 1346 3139 Nam
1373 3076 1472 3156 baec,
1493 3094 1576 3157 quae
1596 3085 1647 3138 est
1666 3076 1769 3139 habita

400 3168 481 3230 ”de
510 3170 712 3231 universitate
742 3170 840 3231 oratio
870 3188 888 3233 a
918 3169 1024 3248 nobis,
1055 3167 1139 3232 baud
1165 3187 1312 3249 umquam
1338 3178 1424 3232 esset
1442 3172 1587 3249 inventa,
1618 3172 1769 3252 sineque

415 3323 419 3332 ,
440 3261 545 3326 sidera
565 3279 670 3343 neque
690 3261 736 3324 sel
758 3280 862 3344 neque
882 3262 1003 3326 caelum
1024 3263 1084 3325 snb
1105 3262 1263 3326 oculorum
1278 3272 1439 3343 aspectum
1452 3263 1567 3326 cadere
1581 3267 1766 3345 potuissent

439 3356 528 3429 Nunc
547 3374 623 3417 vero
642 3355 712 3419 dies
732 3366 905 3437 noctesque
925 3357 1024 3420 oeulis
1045 3360 1203 3438 cognitae,
1224 3367 1289 3420 tum
1306 3376 1449 3420 mensum
1461 3376 1680 3439 annorumque
1692 3376 1768 3421 eon·

439 3450 602 3513 versiones
627 3458 660 3512 et
684 3468 848 3513 nnmerum
876 3452 1068 3515 machinatae
1088 3460 1211 3514 suntet
1231 3453 1366 3534 spatium
1385 3453 1536 3533 temporis
1555 3451 1721 3516 dimensae
1739 3460 1769 3513 et

440 3542 481 3606 ad
500 3545 717 3625 quaestionem
737 3545 831 3606 totius
850 3553 980 3608 naturae
1000 3545 1190 3626 inpulerant.
1232 3545 1352 3619 Quibus
1372 3563 1412 3607 ex
1431 3545 1529 3607 rebus
1542 3543 1767 3627 philosophiam

402 3636 545 3718 madepti
572 3655 698 3714 sumus,
728 3656 791 3718 quo
813 3637 896 3699 bone
923 3636 1041 3699 nullum
1067 3638 1255 3718 optabilius,
1288 3638 1406 3700 nullum
1431 3640 1646 3721 praestantius
1666 3657 1767 3720 neque

441 3730 547 3794 datum
566 3739 616 3793 ast
633 3730 808 3794 mortalium
830 3733 938 3811 generi
952 3731 1082 3795 deorum
1094 3750 1247 3796 concessu
1259 3742 1353 3814 atque
1367 3751 1496 3797 munere
1509 3751 1615 3815 neque
1630 3732 1764 3797 dabitur.

1008 3828 1025 3863 1
1101 3828 1117 3863 b
1192 3827 1208 3863 Ι

514 3917 692 3979 Delenstrix
719 3936 826 3993 queque
855 3917 965 3980 Cicero
992 3920 1025 3982 in
1054 3921 1180 3983 Timaeo
1208 3923 1332 3996 metult.
1374 3921 1612 3998 (Priscianus
1641 3923 1682 3985 de
1706 3923 1765 3986 xil.

439 4030 522 4074 vers.
543 4014 622 4076 Aen.
643 4029 670 4071 c.
691 4011 719 4074 2.
742 4010 770 4091 S.
794 4011 856 4089 16.)
1746 4020 1759 4028 ”

502 4186 527 4236 2.
546 4182 690 4234 ministeriis
710 4182 795 4232 CEG:
817 4183 938 4232 minue&
955 4195 1016 4231 cum
1037 4183 1158 4233 Perionio
1174 4184 1194 4232 0
1211 4208 1237 4217 —
1257 4182 1281 4233 3.
1294 4182 1410 4232 obtimib
1425 4210 1452 4220 -
1466 4184 1549 4245 quoad
1561 4198 1631 4235 corr.
1647 4201 1679 4237 ex
1691 4187 1767 4250 qaod·

437 4263 471 4312 od
496 4263 516 4312 C
537 4287 562 4296 -
589 4264 668 4322 petest
690 4264 713 4309 al
732 4258 789 4320 feeit
811 4255 913 4319 AB¹V¹‚
938 4262 1017 4320 petest
1036 4258 1116 4319 effecit
1138 4257 1262 4306 B²EGV²
1283 4283 1309 4291 -
1336 4258 1481 4307 existiment
1497 4258 1579 4308 Henr.
1604 4261 1765 4326 Stepbanna:

438 4339 570 4388 cestintcnt
581 4336 639 4394 ΑΒ,
654 4335 769 4384 estiment
778 4332 797 4382 E
805 4334 835 4391 V,
848 4333 972 4383 estiment
983 4334 1003 4381 G
1016 4356 1042 4366 -
1056 4333 1081 4381 b.
1095 4344 1160 4392 quae
1170 4332 1224 4380 tam
1235 4330 1341 4380 babeant
1352 4332 1521 4394 refrigerandi
1532 4358 1546 4368 —
1557 4358 1572 4369 -
1584 4333 1695 4396 liquaedi
1707 4335 1765 4386 GV:

438 4425 502 4474 quae
515 4413 567 4460 uim
578 4410 686 4459 babeam
695 4409 801 4471 [rigoris
812 4412 836 4457 ei
847 4408 939 4457 caloris
951 4419 1015 4469 quoe
1026 4406 1079 4454 rim
1094 4405 1200 4454 babeant
1209 4408 1282 4469 (quoa
1292 4420 1348 4456 cum
1360 4406 1468 4457 bcbmnt
1478 4408 1507 4465 B.
1521 4410 1634 4469 quercina
1642 4411 1730 4461 babent
1741 4412 1765 4471 b]

436 4487 629 4550 refrigerandi·
640 4509 654 4519 ·
666 4484 776 4545 liquendi
793 4483 881 4541 AB&
901 4495 966 4546 quae
982 4482 1032 4531 vim
1051 4480 1159 4529 lateant
1173 4480 1277 4545 sriperia
1295 4486 1320 4530 ct
1336 4482 1437 4542 celeria
1453 4484 1618 4554 concredonis
1632 4491 1656 4535 et
1667 4486 1767 4547 liqueris

437 4562 457 4611 0
480 4587 506 4595 -
527 4558 676 4622 calfaciendi
695 4554 762 4606 AB2:
781 4557 920 4620 adficiendi
940 4555 1005 4615 B¹V,
1025 4555 1185 4617 calefaciendi
1205 4555 1261 4607 GV.
1281 4555 1346 4606 Vide
1359 4556 1392 4607 ad
1405 4570 1432 4621 p.
1446 4557 1502 4617 tls.
1517 4558 1542 4608 6.
1567 4587 1594 4596 -
1618 4562 1643 4611 6.
1658 4558 1766 4624 eorem]

436 4636 544 4685 eatbam
556 4637 581 4684 in
594 4645 678 4695 marg.
692 4632 712 4679 V
727 4659 754 4669 -
768 4632 794 4688 8.
806 4638 833 4681 ct
844 4645 913 4682 corr.
926 4645 958 4681 ex
970 4632 1004 4679 ed
1015 4632 1034 4679 B
1050 4654 1076 4665 -
1091 4632 1163 4693 ignia,
1175 4631 1272 4693 enimc,
1285 4646 1364 4694 oque,
1377 4638 1446 4682 tetre
1459 4646 1521 4683 nos:
1539 4635 1606 4699 ipsis
1617 4648 1690 4699 oque
1701 4642 1766 4686 tere

439 4711 526 4769 CEG;
544 4711 609 4774 ignis
624 4714 648 4758 et
663 4720 733 4769 aque
747 4713 772 4757 et
786 4710 875 4757 enimc
891 4713 915 4757 et
931 4712 1002 4756 terre
1020 4706 1048 4755 0.
1068 4704 1108 4755 Cl.
1126 4718 1153 4769 p.
1173 4705 1245 4768 ⁴008,
1264 4706 1305 4756 22.
1326 4732 1353 4743 -
1373 4711 1508 4771 caqtmll
1528 4734 1554 4744 —
1576 4709 1615 4759 to.
1636 4712 1693 4762 dci·
1709 4711 1764 4762 AB:

438 4785 633 4836 mindeEGVO
654 4809 681 4817 -
699 4783 819 4833 monades
834 4780 1120 4832 eeumrmancso:
1141 4782 1592 4833 scccndcseousesrerumccrnmo
1610 4811 1637 4823 -
1661 4788 1700 4836 ll.
1714 4798 1766 4835 m

438 4854 532 4911 Α’ΒΕι
552 4871 606 4908 om.
626 4856 720 4916 a¹GV,
740 4855 835 4920 [qaan
849 4857 868 4905 0
881 4857 958 4920 (quae
968 4854 1239 4905 neceaaiicmoeentes
1249 4855 1315 4905 elius
1325 4857 1395 4917 ipsae
1407 4856 1468 4907 Car.
1480 4856 1521 4906 Fr.
1535 4857 1726 4922 dermannus.)
1739 4885 1764 4896 -

439 4935 478 4986 43.
497 4935 527 4983 dc
542 4934 580 4983 bia
598 4932 812 4993 avalinse
826 4958 853 4967 -
869 4932 908 4983 ll.
922 4930 1113 4982 cbtnntcromil
1129 4957 1155 4965 -
1170 4930 1526 4990 masticationem
1541 4958 1567 4968 -
1589 4935 1765 4987 ennom

439 5008 690 5059 CE01tumai00
711 5031 737 5043 —-
757 5007 797 5057 49.
810 5006 1055 5070 cognitiencmCEG
1067 5045 1069 5047 .
1082 5006 1304 5069 capitecenso—
1322 5005 1498 5055 adtulemntd
1514 5031 1539 5040 -
1562 5007 1604 5058 20.
1618 5010 1763 5061 beudeorr.

440 5082 559 5133 ercutB
573 5105 601 5117 -
620 5081 661 5131 at.
675 5077 896 5142 mpectuAB¹GV
911 5106 938 5114 -
957 5079 997 5128 22.
1011 5077 1174 5142 tum10ums
1190 5106 1215 5115 -
1234 5080 1415 5131 mensurabit:
1429 5081 1550 5129 namium
1563 5082 1676 5136 EGVO.
1690 5085 1727 5137 Cl.
1740 5096 1763 5147 p.

438 5156 496 5218 ott,
509 5157 550 5206 ti.
563 5155 621 5215 883,
634 5155 661 5208 8.
680 5181 707 5190 -
726 5156 766 5206 23.
785 5154 897 5216 specium
914 5154 958 5202 ec
971 5180 997 5188 —
1016 5153 1140 5217 enpers]
1158 5154 1206 5203 llic
1223 5153 1353 5215 dabellii,
1367 5167 1420 5204 unc
1433 5153 1492 5205 lolio
1504 5162 1639 5218 sequente
1652 5162 1763 5210 exsecto.

441 5259 467 5269 -
491 5232 533 5282 at.
547 5230 737 5294 ttlcsepbioml
761 5257 788 5265 -
810 5229 851 5278 26.
871 5240 950 5289 neque
965 5227 1080 5277 debitur:
1104 5230 1164 5291 quic
1178 5230 1284 5293 pertinet
1295 5230 1329 5279 ed
1339 5242 1421 5279 merea
1432 5233 1483 5280 cet.
1498 5230 1544 5293 (de
1557 5232 1611 5282 lato
1625 5232 1651 5296 5,
1670 5234 1693 5294 l)
1710 5232 1762 5288 lllt

438 5320 518 5371 neque
535 5306 646 5356 debias.
668 5304 780 5366 Explicit
802 5304 912 5353 Tbinwcs
923 5302 1036 5364 piatonis
1053 5305 1136 5353 neerei
1151 5304 1206 5365 tuip
1225 5304 1349 5355 cesonio
1365 5310 1388 5356 at
1409 5311 1491 5356 cetere
1516 5306 1549 5362 li;
1572 5306 1763 5372 subscriptione

438 5387 512 5432 caret
531 5384 561 5432 G.
583 5382 660 5444 «Peg.
681 5379 712 5430 li
733 5379 761 5429 B.
784 5379 826 5428 ed.
844 5378 934 5441 Stepb.
954 5377 1021 5426 baec
1042 5380 1146 5428 erstem
1162 5378 1275 5429 Platonis
1289 5378 1371 5429 verba
1384 5372 1447 5429 οὔθ’
1465 5372 1526 5443 ἥξει
1538 5380 1609 5430 ποτὲ
1622 5378 1662 5447 τῷ
1676 5378 1763 5447 θνητῷ

438 5461 512 5524 γένει
529 5453 658 5525 δωρηθέν
675 5453 706 5505 ἐκ
727 5451 802 5503 θεῶν
824 5478 850 5488 -
870 5488 877 5513 ,
895 5453 920 5501 ln
939 5464 1007 5514 quae
1029 5453 1082 5501 exit
1101 5453 1153 5503 boc
1177 5453 1313 5505 Ciceronis
1334 5453 1519 5518 lragmentum.
1558 5456 1625 5505 lline
1645 5457 1763 5506 orabonis

438 5531 584 5582 Platonicae
601 5534 712 5595 paginae
728 5530 804 5580 XLVl
822 5527 1032 5579 desiderantum
1046 5530 1091 5578 On.
1106 5556 1133 5565 -
1157 5530 1198 5581 28.
1213 5529 1288 5590 Quod
1300 5543 1326 5592 p.
1340 5528 1371 5579 ts
1385 5531 1405 5578 D
1418 5530 1443 5579 in
1456 5529 1563 5579 Graecis
1575 5535 1618 5580 est
1627 5532 1763 5600 coemptor

438 5604 493 5677 γὰρ
511 5603 546 5671 ἢν
566 5607 595 5655 ot
613 5605 676 5655 θεοὶ
694 5602 746 5669 τῆς
763 5597 862 5666 ὅψεως
878 5596 1104 5666 ἐμηχανήσαντο
1124 5600 1177 5669 τὴν
1194 5602 1250 5654 τῶν
1265 5600 1421 5674 βλεφάρων
1441 5600 1545 5666 φύσιν,
1575 5606 1706 5658 insolitam
1725 5606 1762 5654 dc·

437 5683 561 5745 semtricis
577 5693 671 5732 rocem
689 5680 809 5743 flagitare
827 5677 944 5743 potuisse
957 5678 1061 5727 censuit
1072 5679 1132 5729 Car.
1147 5679 1187 5729 Fr.
1202 5679 1377 5730 dermannus.

964 5887 1241 5900 m
