4342 7459
725 1266 792 1331 Lre.
815 1267 868 1330 IV.
897 1267 971 1332 Car.
995 1268 1159 1332 vri-ix.
1187 1268 1234 1354 §S
1258 1266 1406 1336 t5-2t.
1670 1266 1733 1333 309

408 1426 573 1511 aegritudo
603 1447 643 1489 ex
672 1426 798 1490 miseria
823 1427 954 1491 alterius
981 1428 1097 1492 iniuria
1119 1429 1307 1505 laborantis;
1334 1452 1426 1495 nemo
1448 1432 1533 1495 enim
1555 1433 1732 1516 parricidae

407 1530 461 1586 arrt
481 1520 655 1605 proditoris
677 1520 833 1605 supplicio
856 1522 1070 1586 misericordia
1092 1535 1328 1600 commercium
1355 1545 1454 1608 angor
1475 1527 1639 1610 aegritudo
1661 1547 1732 1611 pre-

408 1635 510 1689 mens,
532 1614 636 1679 luctus
659 1616 822 1697 aegritudo
844 1636 884 1678 ex
906 1616 986 1692 eius,
1007 1618 1061 1701 qui
1081 1639 1173 1682 carus
1187 1618 1293 1693 fuerit,
1316 1619 1446 1683 interitu
1460 1620 1585 1694 acerbo,
1608 1638 1732 1683 maeror

407 1708 571 1792 aegritudo
593 1708 720 1782 flebilis,
743 1728 893 1773 aerumna
912 1711 1077 1795 aegritudo
1102 1713 1269 1787 laboriosa,
1292 1711 1384 1777 dolor
1397 1712 1562 1797 aegritudo
1578 1714 1731 1789 crucians,

407 1803 585 1868 lamentatio
607 1802 773 1886 aegritudo
796 1824 867 1866 cum
889 1804 1023 1881 eiulatu,
1046 1806 1228 1870 sollicitudo
1249 1808 1414 1889 aegritudo
1436 1828 1508 1871 cum
1531 1808 1756 1891 cogitationem

406 1897 552 1961 molestia
572 1897 739 1979 aegritudo
761 1916 966 1979 permanens,
993 1898 1166 1963 adflictatio
1195 1900 1358 1983 aegritudo
1380 1922 1451 1965 cum
1473 1902 1642 1966 vexatione
1664 1920 1733 1963 cor·

407 1991 510 2076 poris,
546 1990 726 2074 desperatio
764 1991 928 2073 aegritudo
967 1994 1036 2055 sine
1068 1993 1132 2056 ulla
1170 2014 1274 2057 rerum
1308 1996 1527 2077 expectatione
1559 1994 1733 2058 meliorum.

408 2080 457 2149 tt.
480 2085 571 2161 Quae
601 2091 707 2147 autem
736 2084 878 2147 subiecta
906 2095 979 2150 sunt
1006 2088 1065 2150 snb
1088 2096 1224 2163 metum,
1253 2109 1290 2151 ea
1312 2089 1357 2153 sic
1379 2087 1549 2153 deliniunt:
1575 2087 1733 2172 pigritiam

407 2186 523 2244 metum
546 2178 774 2262 consequentis
797 2178 932 2254 laboris,
959 2181 1007 2214 *³*
1032 2190 1184 2245 terrorem
1208 2191 1325 2246 metum
1348 2185 1591 2258 concutientem,
1614 2199 1733 2264 exque

406 2274 441 2338 lit
460 2281 497 2336 ut
518 2271 672 2356 pudorem
695 2273 801 2347 rubor,
823 2280 975 2338 terrorem
1000 2275 1149 2358 palleret
1170 2282 1288 2339 tremor
1302 2284 1333 2340 et
1347 2276 1490 2341 dentium
1506 2278 1643 2362 crepitus
1658 2292 1771 2339 con-to

407 2374 569 2451 sequatur,
593 2367 737 2430 timorem
754 2374 871 2431 metum
887 2367 959 2431 mali
975 2369 1277 2453 adpropinquantis,
1299 2390 1447 2454 pavorem
1462 2378 1581 2436 metum
1595 2377 1733 2434 mentem

408 2460 479 2525 loco
502 2468 699 2523 moventem:
721 2479 762 2522 ex
785 2480 849 2544 quo
873 2461 951 2525 illud
973 2463 1074 2526 Enni:

460 2555 552 2616 Tum
574 2573 697 2637 pavor
719 2554 965 2636 sapientiam
988 2577 1141 2621 omnem
1164 2556 1212 2620 mi
1235 2558 1463 2622 exanimato
1479 2564 1733 2642 expectorat:

407 2647 672 2713 exanimationem
695 2657 814 2711 metum
836 2649 1078 2732 subsequentem
1102 2657 1134 2714 et
1155 2652 1246 2734 quasi
1268 2651 1412 2715 comitem
1435 2653 1580 2735 pavoris,
1608 2660 1735 2716 centur

405 2743 567 2807 bationem
589 2750 706 2804 metum
728 2741 940 2805 excutientem
964 2744 1115 2825 cogitata,
1137 2743 1338 2807 formidinem
1355 2752 1470 2809 metum
1488 2753 1734 2829 permanentem.
1744 2760 1773 2807 tr

490 2836 545 2898 iit.
568 2831 620 2896 20.
649 2835 826 2918 Voluptatis
853 2844 957 2899 autem
985 2846 1093 2919 partes
1122 2837 1183 2901 boc
1205 2838 1299 2902 modo
1322 2839 1517 2913 describunt,
1539 2846 1575 2901 nt
1596 2839 1735 2903 malevo-

407 2932 506 2996 lentia
526 2931 568 2994 sit
590 2928 736 3012 voluptas
758 2949 799 2991 er
821 2930 903 2993 malo
925 2929 1055 2992 alterius
1078 2931 1147 2993 sine
1170 2929 1382 2996 emolumento
1404 2952 1473 3007 suo,
1496 2931 1662 2996 delectatio
1681 2952 1736 2995 vo·

407 3026 511 3111 luptas
542 3023 696 3087 suavitate
724 3022 849 3087 auditus
876 3024 1015 3087 animum
1045 3025 1225 3098 delenisse,
1255 3032 1285 3087 et
1308 3026 1412 3108 qualis
1434 3025 1582 3090 est-haec
1604 3026 1735 3099 aurium,

407 3119 487 3183 tales
515 3123 590 3181 sunt
619 3123 651 3180 et
672 3116 835 3181 oculorum
857 3125 889 3181 et
914 3117 1085 3181 tactionum
1109 3126 1142 3181 et
1162 3119 1383 3182 odorationum
1406 3128 1437 3183 et
1458 3139 1624 3202 saporum,
1653 3138 1736 3202 quae

406 3221 480 3277 sunt
506 3230 617 3275 omnes
647 3212 741 3273 unius
770 3213 895 3293 generis
918 3211 957 3275 ad
983 3209 1235 3294 perfundendum
1258 3213 1396 3277 animum
1419 3221 1578 3296 tamquam
1600 3212 1774 3294 inlique-ao

406 3306 506 3370 iactae
528 3304 716 3388 voluptates.
749 3307 879 3368 lactatio
902 3313 950 3368 est
971 3305 1115 3390 voluptas
1138 3307 1276 3389 gestiens
1291 3314 1323 3369 ct
1338 3326 1372 3369 se
1387 3308 1522 3370 efferens
1535 3305 1737 3370 insolentius.

410 3492 584 3576 poeniendi
614 3493 697 3566 eius,
726 3492 780 3575 qui
805 3492 947 3555 videatur
975 3492 1106 3555 laesisse
1127 3493 1256 3568 iniuria,
1285 3494 1547 3558 excandescentia
1569 3499 1674 3556 autem
1696 3492 1738 3554 sit

409 3586 453 3651 ira
476 3605 613 3649 nascens
635 3594 668 3649 et
689 3586 784 3649 modo
807 3586 963 3660 existens,
989 3606 1070 3670 quae
1093 3586 1238 3667 θύμωσις
1260 3587 1378 3651 Graece
1400 3585 1531 3661 dicitur,
1560 3586 1668 3649 odium
1690 3584 1737 3648 ira

410 3683 598 3754 inveterata,
620 3679 783 3743 inimicitia
805 3681 852 3743 ira
874 3679 1047 3743 ulciscendi
1069 3688 1194 3765 tempus
1208 3678 1395 3757 observans,
1418 3681 1576 3744 discordia
1590 3680 1637 3743 ira
1651 3698 1776 3749 acer-ss
1882 3708 1886 3716 =

411 3776 480 3838 bior
502 3773 617 3838 intimo
638 3774 745 3837 auimo
768 3781 800 3838 et
822 3774 917 3838 corde
938 3781 1109 3857 concepta,
1132 3774 1307 3858 indigentia
1327 3775 1426 3839 libido
1449 3770 1662 3860 inexplebilis,
1684 3771 1738 3837 dc·

473 4092 496 4140 4.
515 4090 659 4154 patricidae
675 4091 705 4139 G¹
719 4116 745 4126 -
765 4090 789 4138 4.
807 4088 893 4152 Anqor
909 4095 943 4138 est
960 4089 1123 4153 4444444440
1138 4115 1162 4124 -
1180 4101 1312 4151 praemone
1329 4089 1378 4138 GR
1391 4114 1418 4124 -
1438 4088 1462 4137 9.
1477 4087 1627 4138 aErcidisse
1639 4088 1665 4138 in
1678 4088 1737 4139 cod.

411 4170 558 4231 archetypo
575 4168 683 4229 practer
698 4166 846 4226 pudorem
862 4170 954 4213 metum
971 4178 1039 4221 non,
1059 4167 1088 4213 ut
1107 4163 1205 4213 Klotzio
1223 4166 1257 4226 (in
1275 4165 1397 4213 versione
1410 4164 1543 4223 German.)
1561 4163 1673 4220 videtur,
1692 4177 1739 4227 ge-

412 4246 521 4294 nitivum
539 4239 672 4304 aliquem,
691 4252 744 4304 quo
762 4242 878 4289 Graecae
897 4238 964 4289 iliius
982 4239 1141 4288 delinitionis
1153 4232 1271 4301 ἀδοξίας
1283 4239 1490 4301 exprimeretur,
1509 4238 1557 4288 sed
1573 4238 1740 4304 participium

412 4317 532 4383 sequenti
554 4316 731 4365 concuteretur
753 4313 878 4379 aequale,
902 4313 973 4378 quod
997 4314 1096 4363 meere
1113 4327 1220 4364 causam
1239 4312 1398 4376 signiticaret
1415 4312 1605 4375 (cobtactmtem
1621 4313 1740 4364 simileve

412 4392 532 4457 aliquid),
560 4389 635 4440 tacite
654 4388 805 4452 intelligitur
822 4403 852 4439 ex
871 4391 918 4448 444,
942 4403 1010 4453 quae
1031 4392 1193 4453 sequuntur:
1221 4403 1254 4439 44
1276 4402 1324 4451 quo
1344 4389 1390 4451 tlt,
1412 4393 1440 4437 ut
1460 4389 1611 4451 podorem
1632 4388 1740 4449 robor,

412 4475 569 4519 terrorem
581 4466 627 4527 (sc.
642 4464 701 4514 ideo
714 4465 785 4527 quod
797 4466 916 4527 concutit)
930 4465 1037 4527 patior
1053 4470 1080 4513 et
1097 4470 1214 4513 tremor
1230 4468 1258 4513 et
1270 4464 1404 4512 dentium
1415 4464 1739 4525 crepitasconscquatur.

412 4544 447 4593 its
463 4539 570 4591 moria
587 4538 695 4602 quidem
708 4540 881 4589 Ciceroniana
900 4538 1016 4589 deiinitio
1028 4542 1145 4590 Graecae
1162 4533 1308 4603 (ἔκπληξις
1323 4533 1420 4600 φόβος
1435 4536 1467 4587 ἐκ
1479 4540 1641 4600 φαντασίας
1651 4532 1741 4589 ‹iaev-
1818 4555 1824 4567 ·

413 4610 500 4682 ἤθους
519 4609 697 4683 πράγματος)
715 4627 746 4663 er
764 4626 852 4677 aequo
870 4614 1040 4677 respondet.»
1053 4615 1096 4663 W.
1118 4640 1144 4651 -
1165 4617 1207 4664 tt.
1225 4615 1287 4663 mati
1303 4613 1527 4676 appropinquantis
1540 4628 1663 4678 pauorem
1676 4620 1743 4664 44444

413 4690 543 4756 supplevit
564 4691 589 4739 iu
607 4691 628 4738 G
645 4702 682 4739 m.
701 4689 819 4738 secunda
838 4689 862 4738 in
882 4701 965 4751 marg.
987 4717 1012 4725 -
1038 4695 1104 4739 metu
1121 4692 1140 4739 G
1160 4693 1205 4752 (m.
1225 4702 1279 4739 sec.
1299 4688 1325 4737 in
1343 4686 1436 4749 marg.)
1455 4688 1475 4736 ii
1494 4713 1521 4722 -
1544 4689 1583 4738 44.
1602 4690 1689 4739 ennius
1706 4690 1740 4740 C.

414 4767 465 4817 sct.
484 4765 499 4829 s
517 4764 558 4815 44.
577 4766 608 4814 N.
627 4765 656 4813 4).
676 4766 711 4823 44,
732 4765 772 4814 60.
792 4765 845 4813 Fet.
865 4763 906 4813 35.
925 4764 999 4815 Oiiic.
1019 4766 1055 4826 ll,
1074 4767 1132 4816 89.»
1151 4767 1192 4816 W.
1222 4764 1288 4815 Vide
1312 4765 1391 4814 etiam
1414 4762 1448 4812 ad
1469 4762 1499 4822 V,
1518 4763 1559 4812 eu.
1579 4788 1606 4799 —
1632 4764 1671 4813 43.
1690 4768 1743 4813 trun

412 4856 491 4904 μνον
513 4840 663 4903 sapientiam
684 4840 745 4890 mibi
767 4853 864 4888 omnen
884 4840 1030 4889 4444444444
1052 4847 1197 4903 expectorat
1221 4841 1320 4891 Nonius
1337 4852 1363 4902 p.
1379 4839 1418 4887 46.
1441 4836 1479 4888 Ci.
1499 4837 1553 4887 Cic.
1572 4836 1605 4886 de
1624 4840 1690 4886 orat.
1709 4837 1741 4888 iil

414 4917 500 4981 5448.
516 4941 542 4951 -
561 4916 622 4964 indi
639 4929 672 4964 44
688 4917 775 4964 anima
793 4916 812 4965 C
831 4943 863 4951 -
880 4920 1022 4977 aspectaret
1039 4918 1102 4976 Git3
1122 4920 1261 4979 aspectaret
1279 4916 1302 4964 44
1314 4942 1340 4950 -
1361 4913 1401 4962 48.
1421 4913 1502 4975 quotis
1518 4913 1578 4962 boec
1594 4913 1743 4962 aurium·-

413 4999 434 5043 et
448 5005 569 5056 saporus
580 4992 679 5041 Nonius
697 5004 722 5055 p.
736 4991 792 5039 227.
809 5019 835 5026 -
856 4992 895 5040 49.
915 4996 972 5041 runt
988 4997 1011 5041 44
1026 4992 1155 5040 merom
1166 4992 1276 5041 Nonius:
1298 4994 1354 5038 4444
1366 4988 1494 5037 oculemen
1506 4987 1556 5038 CO
1570 5015 1596 5024 -
1615 4989 1656 5037 44.
1669 4990 1743 5049 44444-

414 5069 504 5117 rrer
525 5093 552 5101 —
572 5067 612 5115 ti.
632 5068 784 5129 (4444444444
800 5071 828 5115 ot
846 5067 880 5115 c.
900 5066 955 5117 aCl.
974 5066 989 5129 5
1008 5066 1047 5116 44.
1068 5068 1107 5116 45.
1128 5068 1166 5115 44.
1187 5067 1225 5116 48.
1245 5067 1285 5115 au.
1299 5066 1328 5114 44
1345 5062 1529 5128 (4444494444).
1547 5063 1579 5112 ii
1593 5062 1615 5125 (S
1628 5064 1660 5113 te
1676 5063 1744 5112 subi·

414 5144 512 5192 emtor
535 5141 606 5191 idem
631 5146 672 5191 est
695 5141 766 5206 quod
798 5141 898 5191 ibidem
921 5145 947 5191 ct
970 5142 1001 5191 t8
1022 5145 1049 5191 et
1071 5142 1100 5191 st
1125 5141 1233 5191 subiecto
1255 5141 1348 5201 eunti.»
1369 5139 1411 5187 W.
1442 5137 1507 5187 Vide
1528 5136 1561 5187 ad
1582 5138 1627 5195 ili,
1650 5136 1690 5186 64.
1713 5164 1741 5174 -

413 5218 451 5268 ta.
464 5216 671 5267 emoaedeeocntio
688 5223 771 5267 auten
787 5223 823 5266 est
839 5219 881 5265 iro
896 5231 998 5267 nosceta
1014 5223 1037 5266 et
1053 5218 1106 5267 sine
1121 5218 1193 5266 modo
1209 5217 1316 5266 44444444
1333 5215 1431 5265 Nonius
1442 5226 1468 5277 p.
1483 5212 1538 5262 403.
1554 5237 1581 5249 -
1600 5212 1640 5261 46.
1660 5214 1744 5261 animo

415 5293 569 5344 Lambinus:
592 5293 648 5341 odio
666 5292 700 5349 C;
726 5293 811 5353 ÷odio
828 5293 864 5342 Ο.
888 5292 1012 5355 (cremor
1033 5293 1102 5350 odio,
1125 5298 1148 5341 44
1165 5292 1252 5341 intimo
1268 5291 1343 5341 corde
1360 5289 1483 5339 ioertscb
1502 5289 1619 5348 Quaestt.
1638 5286 1702 5338 Tull.
1722 5287 1742 5336 ii

414 5380 437 5431 p.
451 5369 480 5418 t'i
494 5370 522 5418 et
534 5366 604 5416 Bake
621 5365 638 5417 l.
651 5365 666 5416 i.
681 5380 707 5430 p.
721 5368 802 5427 404444
823 5368 951 5430 Corrupta
970 5368 1036 5417 baec
1055 5368 1236 5430 (discordia
1252 5368 1294 5416 ira
1311 5365 1425 5416 acerbior
1440 5365 1527 5413 intimo
1543 5364 1615 5412 odio
1631 5367 1654 5411 et
1669 5362 1744 5411 corde

414 5443 539 5506 concepta)
557 5455 618 5491 esso
636 5454 730 5491 omnes
750 5442 804 5491 iere
822 5442 905 5492 critici
924 5455 1008 5506 usque
1027 5457 1041 5491 a
1060 5442 1189 5492 Lambtno
1207 5442 1388 5492 consentiunt:
1413 5452 1481 5489 unus
1500 5439 1611 5496 exstitit,
1631 5437 1675 5499 qui
1694 5435 1743 5485 de-

415 5514 547 5577 tenderet,
574 5514 687 5566 Klotzius
710 5516 754 5575 tad
773 5515 842 5566 Luci.
862 5529 886 5582 p.
910 5517 1063 5568 444444.
1084 5518 1114 5568 D.
1135 5517 1245 5581 ploti).
1274 5518 1363 5567 Latine
1379 5516 1594 5572 intimaremus,
1615 5511 1742 5575 captato,

415 5592 575 5652 [4444444444
595 5590 704 5651 dicitur,
731 5593 815 5641 odium
839 5606 889 5641 non
914 5594 993 5642 item:
1021 5592 1118 5642 dicitur
1139 5592 1188 5654 (de
1211 5591 1226 5641 Ι.
1246 5604 1300 5655 agr.
1320 5592 1355 5652 ii,
1375 5590 1413 5641 tt.
1442 5590 1475 5639 de
1493 5590 1555 5638 liar.
1574 5588 1650 5650 Resp.
1670 5585 1685 5649 5
1702 5585 1742 5647 ee)

416 5667 496 5716 444444
515 5667 617 5728 pentem
639 5667 741 5715 insitum
759 5668 774 5715 i.
794 5681 817 5715 4,
838 5668 913 5728 quasi
931 5667 1058 5717 naturale.
1086 5665 1138 5716 Sed
1157 5665 1218 5718 illud
1237 5669 1342 5718 omitto:
1367 5666 1417 5716 boc
1436 5678 1512 5727 nego,
1530 5664 1648 5727 potuisse
1665 5660 1744 5711 Cice·

417 5754 507 5792 runem
526 5739 631 5790 dicere:
650 5743 692 5790 ira
710 5740 823 5790 acerbior
840 5740 927 5789 intimo
945 5742 1014 5790 odio
1031 5747 1059 5791 et
1075 5743 1170 5792 corde
1186 5748 1351 5805 concepto,
1371 5743 1387 5791 i.
1406 5755 1430 5790 e.
1450 5738 1517 5789 duos
1529 5736 1625 5787 diversi
1637 5737 1743 5798 generis

418 5816 544 5867 ablativos
563 5817 634 5879 [Odia
652 5814 794 5865 ablativum
814 5828 910 5864 causae
928 5818 1059 5867 moventis
1078 5816 1189 5879 (iladvig
1206 5817 1220 5880 5
1238 5819 1294 5878 aab)
1313 5830 1373 5867 esse
1390 5827 1501 5866 necesse
1519 5815 1589 5871 erat,
1610 5813 1690 5875 atque
1707 5813 1742 5862 ita

418 5891 449 5942 ab
466 5894 526 5959 ipso
543 5891 641 5942 ltiotzio
659 5890 803 5956 explicatur
822 5892 874 5953 (em
890 5892 977 5940 intimo
994 5893 1102 5955 quodam
1119 5893 1174 5942 odio
1191 5892 1296 5955 noto);
1314 5891 1346 5941 cl.
1366 5891 1400 5941 de
1418 5889 1434 5942 Ι.
1451 5902 1505 5952 agr.
1520 5887 1536 5938 l.
1551 5901 1574 5937 c.
1588 5885 1744 5938 4444444444

419 5975 561 6033 nuspiam.
581 5969 660 6021 Corde
675 5967 806 6020 ablativus
826 5966 1033 6020 instrumentalis
1051 5966 1164 6032 (iladvig
1180 5967 1195 6031 5
1211 5966 1269 6029 4444)
1287 5967 1343 6026 eet,
1369 5965 1404 6017 ci.
1422 5967 1446 6027 i,
1464 5962 1667 6029 adpreendite
1682 5976 1744 6017 aaa·
