4342 7459
440 1230 503 1299 220
778 1242 1103 1305 TUSCULANARUM
1123 1242 1449 1308 DlSPUTATIONUM

440 1409 544 1464 autem
572 1406 620 1464 est
649 1402 767 1483 ingenii
795 1422 944 1465 sevocare
966 1410 1102 1467 mentem
1124 1424 1142 1467 a
1165 1403 1308 1466 sensibus
1331 1410 1361 1467 et
1383 1403 1603 1485 cogitationem
1625 1404 1665 1467 ab
1687 1425 1762 1469 con·

440 1496 606 1559 suetudine
627 1497 792 1560 abducere.
826 1496 937 1579 ltaque
960 1497 1055 1559 credo
1078 1496 1342 1580 equidem-etiam
1365 1498 1445 1560 alios
1460 1505 1506 1560 tot
1524 1499 1672 1573 saeculis,
1695 1499 1762 1572 sed,

441 1589 526 1674 quod
549 1590 662 1652 litteris
684 1597 803 1661 exstet,
825 1590 1023 1673 Pherecydes
1047 1591 1157 1674 Syrius
1179 1592 1298 1672 primus
1321 1591 1402 1654 dixit
1423 1592 1545 1654 animos
1568 1611 1638 1656 esse
1661 1593 1762 1656 homi·

440 1703 515 1746 num
537 1684 761 1766 sempiternos,
784 1684 932 1766 antiquus
954 1703 1046 1756 sane;
1068 1684 1128 1746 luit
1149 1686 1232 1746 enim
1255 1705 1324 1747 meo
1347 1693 1498 1767 regnante
1521 1684 1640 1767 gentili.
1673 1684 1762 1748 lianc

416 1776 621 1858 ropinionem
657 1777 832 1859 discipulus
863 1777 931 1839 eius
963 1779 1154 1860 Pythagoras
1192 1779 1325 1841 maxime
1359 1775 1572 1851 confirmarit,
1606 1778 1661 1861 qui
1690 1799 1760 1842 cum

440 1869 584 1951 Superbo
605 1878 755 1952 regnante
777 1870 810 1931 in
826 1869 944 1932 ltaliam
959 1871 1115 1944 venisset,
1137 1872 1238 1934 tenuit
1253 1892 1396 1953 magnam
1410 1871 1496 1933 illam
1513 1870 1676 1934 Graeciam
1690 1891 1762 1935 cum

442 1959 584 2047 [honore]
617 1964 797 2048 disciplina,
827 1971 891 2026 tum
914 1964 1009 2026 etiam
1031 1965 1235 2037 auctoritate,
1258 1964 1419 2047 multaque
1441 1964 1565 2028 saecula
1587 1970 1696 2047 postea
1717 1966 1763 2028 sic

439 2056 538 2138 riguit
558 2058 825 2141 Pythagoreorum
847 2078 976 2129 nomen,
998 2066 1034 2120 ut
1054 2057 1133 2120 nulli
1156 2058 1209 2120 alii
1232 2058 1313 2121 docti
1336 2058 1530 2121 siderentur.

525 2151 622 2212 xvtl.
656 2152 717 2214 Sed
744 2152 837 2214 redeo
864 2149 903 2213 ad
933 2153 1092 2235 antiquos.
1135 2152 1300 2214 Rationem
1330 2150 1376 2212 illi
1404 2150 1576 2214 sententiae
1599 2170 1675 2214 suae
1699 2171 1762 2215 non

401 2245 504 2308 solere
528 2241 718 2317 reddebant,
741 2245 802 2307 nisi
825 2243 901 2327 quid
924 2254 991 2308 erat
1011 2246 1152 2308 numeris
1173 2253 1228 2309 aut
1247 2245 1504 2326 discriptionibus
1531 2243 1762 2327 explicandum.

437 2335 488 2401 39.
510 2338 671 2401 Platonem
694 2338 814 2410 ierunt,
846 2346 880 2400 ut
901 2336 1111 2421 Pythagoreos
1135 2345 1355 2421 cognosceret,
1383 2338 1416 2400 in
1444 2337 1564 2400 ltaliam
1588 2338 1763 2400 venissest

438 2432 587 2495 didicisse
616 2434 812 2515 Pythagorea
841 2431 962 2504 omnia,
992 2432 1192 2515 primumque
1219 2431 1259 2493 de
1288 2432 1464 2492 animorum
1492 2430 1676 2493 aeternitate
1698 2450 1761 2494 non

438 2525 539 2587 solum
572 2526 707 2588 sensisse
737 2524 819 2586 idem
851 2524 934 2606 quod
964 2525 1189 2607 Pythagoram,
1221 2523 1275 2587 sed
1305 2526 1457 2587 rationem
1481 2525 1574 2587 etiam
1606 2524 1760 2587 attulisse.

439 2618 557 2693 Quam,
579 2619 640 2681 nisi
662 2618 741 2701 quid
764 2617 860 2691 dicis,
883 2619 1166 2699 praetermittamus
1189 2626 1220 2681 et
1246 2619 1325 2681 banc
1348 2626 1442 2681 totam
1473 2637 1560 2701 spem
1587 2619 1762 2682 inmortali·

402 2715 510 2776 stlatis
537 2713 762 2796 relinquamus.
804 2710 841 2772 A.
864 2714 911 2773 An
939 2719 989 2783 tn,
1019 2732 1090 2774 cum
1113 2732 1161 2774 me
1187 2712 1220 2772 in
1246 2731 1400 2773 summam
1429 2712 1677 2794 expectationem
1706 2711 1761 2773 ad-

440 2806 587 2881 duxeris,
609 2806 750 2869 deserist
772 2806 887 2868 Errare
909 2805 1103 2868 mehercule
1126 2805 1207 2867 malo
1231 2825 1300 2868 cum
1324 2806 1468 2877 Platone,
1492 2824 1585 2886 quem
1603 2813 1636 2867 tu
1651 2804 1760 2887 quanti

437 2900 533 2963 iacias
562 2901 628 2963 scio
655 2908 686 2962 et
713 2919 806 2981 quem
835 2919 875 2961 ex
903 2907 957 2961 tuo
980 2919 1033 2962 ore
1055 2899 1207 2971 admiror,
1237 2918 1332 2981 quam
1354 2919 1424 2961 cum
1446 2899 1514 2961 istis
1536 2916 1610 2962 vera
1632 2897 1760 2959 sentire.

437 2991 487 3055 l0.
510 2996 552 3057 M.
575 2996 674 3056 blacta
697 2995 829 3057 virtutel
855 3013 913 3076 ego
937 2993 1020 3055 enim
1042 2994 1110 3075 ipse
1135 3013 1204 3054 eum
1227 2993 1338 3054 eodem
1362 2994 1423 3055 isto
1446 3012 1510 3053 non
1536 2992 1653 3055 inritus
1675 3010 1761 3054 erra·

437 3088 544 3151 verim.
586 3090 668 3150 Num
689 3088 785 3168 igitur
807 3086 986 3149 dubitamus
1008 3088 1090 3149 sicut
1111 3086 1262 3169 pleraque
1281 3105 1525 3169 -quamquam
1547 3086 1609 3148 hoc
1632 3085 1760 3169 quidem

399 3182 580 3255 tominime3
603 3180 793 3264 persuadent
815 3183 898 3243 enirn
922 3180 1129 3242 mathematici
1147 3214 1196 3252 -,
1219 3187 1331 3241 terram
1354 3181 1386 3242 in
1409 3178 1513 3241 medio
1529 3180 1647 3243 mundo
1667 3179 1761 3241 sitam

436 3275 474 3337 ad
499 3275 638 3338 universi
661 3274 740 3336 caeli
762 3275 961 3357 complexum
986 3274 1075 3356 quasi
1100 3273 1207 3355 puncti
1230 3275 1327 3336 instar
1347 3274 1500 3355 optinere,
1522 3272 1607 3355 qood
1629 3284 1760 3356 κέντρον

436 3367 482 3429 illi
513 3371 645 3430 vocanti
675 3388 744 3431 eam
774 3388 869 3449 porro
899 3377 1039 3430 naturam
1069 3386 1139 3428 esse
1169 3376 1318 3449 quattuor
1338 3366 1443 3428 omnia
1469 3366 1663 3448 gignentium
1692 3386 1761 3429 cor·

435 3481 560 3543 porum,
591 3469 642 3534 ut,
672 3462 761 3543 quasi
789 3462 901 3543 partita
923 3460 1061 3521 habeant
1081 3460 1162 3521 inter
1185 3479 1218 3520 se
1244 3479 1281 3520 ac
1306 3458 1406 3522 divisa
1433 3468 1606 3532 momenta,
1635 3467 1761 3522 terrena

437 3561 469 3615 et
494 3554 601 3615 umida
629 3562 741 3636 suopte
764 3563 841 3616 nutu
863 3561 895 3615 et
915 3573 972 3615 suo
995 3553 1135 3634 pondere
1157 3553 1196 3614 ad
1219 3553 1303 3635 paris
1325 3553 1456 3634 angulos
1478 3553 1511 3616 in
1534 3562 1647 3615 terram
1671 3560 1704 3615 et
1725 3554 1758 3617 in

399 3661 522 3708 semare
543 3646 698 3719 serantur,
721 3646 863 3728 reliquae
885 3646 967 3708 duae
989 3655 1110 3728 partes,
1133 3666 1195 3708 una
1211 3648 1314 3727 ignea,
1338 3647 1437 3708 altera
1452 3645 1613 3719 animalis,
1636 3653 1671 3708 ut
1685 3645 1758 3709 illae

437 3740 616 3822 superiores
637 3742 669 3801 in
693 3738 828 3802 medium
852 3739 954 3801 locum
970 3738 1077 3800 mundi
1094 3738 1245 3820 gravitate
1261 3739 1400 3802 serantur
1416 3748 1446 3801 et
1461 3739 1615 3821 pondere,
1639 3740 1684 3801 sic
1697 3739 1758 3802 hae

435 3852 559 3895 rursum
582 3833 676 3895 rectis
698 3832 790 3893 lineis
812 3834 844 3894 in
866 3832 1032 3895 caelestem
1055 3832 1157 3894 locum
1181 3832 1364 3904 subvolent,
1391 3833 1458 3894 sive
1480 3834 1548 3915 ipsa
1570 3841 1680 3896 natura
1703 3854 1757 3900 su·

436 3927 561 4010 periore
593 3929 770 4008 adpetente,
792 3925 856 3988 sive
887 3925 972 4008 quod
1000 3945 1019 3987 a
1045 3925 1240 4006 gravioribus
1262 3925 1381 3988 leviora
1403 3934 1513 3988 natura
1539 3927 1757 4008 repellantur?

437 4020 527 4096 Quae
549 4039 619 4083 cum
641 4027 801 4093 constent,
823 4019 1026 4101 perspicuum
1049 4016 1144 4081 debet
1164 4038 1233 4081 esse
1255 4021 1394 4092 animos,
1418 4040 1487 4081 cum
1510 4039 1527 4081 e
1551 4039 1685 4101 corpore
1701 4040 1756 4082 ex·

502 4363 525 4411 Ι.
543 4374 663 4411 revocare
679 4362 707 4411 C.
728 4362 805 4422 ahgo,
824 4364 854 4411 ut
870 4360 989 4420 Orellius,
1009 4375 1040 4411 er
1059 4363 1201 4424 Augustino
1220 4360 1259 4423 (ad
1279 4358 1366 4409 Volus.
1387 4373 1428 4422 ep.
1445 4360 1483 4417 3Ι,
1503 4361 1544 4409 oui
1562 4359 1609 4409 soli
1628 4360 1642 4423 fi
1660 4361 1691 4410 29
1709 4362 1758 4413 de-

438 4437 515 4486 betur
530 4438 683 4486 rarissimae
700 4437 846 4498 scripturae
864 4438 1061 4485 deponerentur
1075 4437 1226 4492 auctoritas,
1245 4434 1365 4498 praetere
1377 4448 1492 4484 sevocare
1503 4434 1660 4497 (obsnmsen,
1678 4437 1759 4487 obsu-

435 4510 543 4573 sieben),
566 4510 637 4573 quod
659 4512 685 4559 et
708 4513 829 4573 sequenti
846 4511 967 4559 &ducere
984 4510 1077 4561 melios
1098 4510 1243 4574 respondet
1259 4514 1286 4558 et
1302 4508 1370 4559 solet
1386 4523 1400 4557 a
1419 4511 1547 4559 Cicerone
1564 4509 1598 4559 de
1616 4515 1705 4561 mente
1722 4511 1757 4561 ab

436 4586 478 4645 tis,
497 4597 566 4649 quae
583 4582 706 4635 sensibus
723 4585 912 4647 percipiuntur,
931 4584 1109 4635 abstrahendo
1129 4587 1198 4649 poni,
1218 4588 1246 4633 ut
1258 4586 1315 4634 Nat.
1330 4586 1406 4634 Deor.
1423 4586 1463 4642 ΙΙΙ,
1476 4585 1503 4633 st
1524 4586 1671 4633 menternob
1682 4588 1759 4637 mota

434 4672 561 4715 sevocare,
581 4658 613 4707 cl.
634 4660 717 4709 Distu.
737 4660 755 4719 Ι,
775 4659 814 4709 63.
838 4660 915 4709 Tusc.
936 4660 1005 4723 Disp.
1026 4662 1044 4716 Ι,
1064 4661 1103 4709 72.
1122 4662 1163 4710 75.
1192 4662 1322 4719 annonara,
1342 4660 1357 4707 i.
1373 4673 1395 4708 e.
1410 4658 1443 4708 ab
1461 4661 1567 4722 incepto
1584 4658 1671 4722 aliquo
1688 4664 1757 4712 statu

437 4735 597 4796 (redonare)
615 4734 648 4783 ad
673 4735 811 4798 pristinum
830 4737 936 4797 (iustum
954 4733 1162 4797 legitimumque>
1179 4734 1323 4788 reducere,
1348 4734 1372 4781 in
1392 4733 1456 4783 tales
1473 4732 1545 4783 locos
1562 4734 1644 4791 cadit.
1664 4735 1757 4798 quales

435 4809 497 4857 suut
513 4808 556 4857 hi:
583 4810 628 4867 ΙΙΙ,
647 4809 678 4860 te
699 4809 727 4871 (o
748 4823 863 4859 moerore
879 4811 913 4859 od
931 4812 1104 4873 cogitationem
1121 4809 1259 4871 bonorum).
1281 4809 1295 4871 5
1313 4808 1353 4858 33.
1373 4808 1406 4857 de
1424 4811 1452 4859 ΙΙ.
1471 4812 1498 4858 P.
1519 4810 1548 4867 ΙΙ,
1562 4810 1601 4860 ib.
1622 4809 1664 4873 (cl.
1682 4810 1697 4873 5
1714 4811 1755 4860 i‘l.

434 4895 461 4947 p.
480 4882 547 4932 Sulla
566 4884 580 4946 5
598 4884 637 4934 Ι6.
657 4884 691 4933 ad
708 4888 759 4933 att.
778 4884 842 4944 ΙΙΙΙΙ,
863 4886 885 4945 Ι,
904 4885 938 4946 t.)
956 4887 1033 4935 Caes.
1051 4886 1080 4934 B.
1100 4887 1127 4933 G.
1148 4885 1194 4943 ΙΙΙ,
1214 4885 1253 4932 ΙΙ.
1276 4882 1396 4942 Quinctil.
1415 4884 1445 4942 ΙΙ,
1464 4884 1489 4942 6,
1507 4883 1532 4932 2.
1555 4883 1659 4934 Scilicet
1675 4882 1757 4935 libre·

434 4958 489 5007 rius
510 4956 590 5015 taciti,
617 4962 772 5022 praesertim
799 4962 858 5022 post
878 4960 1028 5019 reterebant,
1055 4973 1146 5009 errore
1170 4961 1254 5009 rarius
1277 4958 1433 5009 vocabulum
1457 4959 1638 5022 depravavit.»
1661 4961 1704 5011 W.
1726 4987 1753 4998 -

438 5056 465 5067 ·-
489 5032 513 5081 3.
533 5036 592 5093 quot
613 5035 633 5082 G
653 5058 680 5070 —
704 5035 770 5096 quod
793 5035 821 5082 tn
843 5035 930 5083 titteris
946 5033 1154 5096 Wesenbergius
1171 5033 1229 5084 coll.
1248 5033 1282 5083 de
1301 5035 1353 5084 inv.
1373 5035 1397 5090 Ι,
1417 5033 1458 5084 39.
1478 5061 1505 5070 -
1528 5039 1605 5082 ecam
1623 5035 1658 5084 Cr
1679 5039 1758 5084 exstet

435 5107 577 5171 [proditam]
595 5109 615 5157 0
636 5136 657 5145 -
680 5123 754 5170 syras
767 5111 914 5171 primane
935 5137 961 5145 -
981 5109 1004 5158 t.
1024 5111 1139 5170 antiquos
1156 5107 1265 5170 (litterae
1283 5122 1299 5158 o
1315 5120 1448 5171 superscr.
1461 5109 1505 5156 oi.
1519 5121 1543 5157 e.
1556 5108 1581 5168 o)
1594 5108 1614 5156 R
1628 5133 1655 5143 -
1675 5109 1699 5157 Ι.
1713 5109 1758 5159 lto-

433 5196 502 5232 nore.
520 5184 650 5244 otesptsna
668 5186 702 5240 C;
720 5186 811 5233 honore
828 5184 972 5246 disciplinae
984 5183 1136 5244 Lambinus,
1155 5185 1183 5233 0.
1204 5183 1368 5246 aTregderus
1385 5184 1476 5233 nonore
1488 5189 1560 5232 reete
1572 5180 1655 5232 deleri
1667 5181 1756 5244 voluit,

434 5269 586 5321 quanquam
599 5257 667 5306 aliud
681 5271 741 5308 esse
753 5260 877 5309 iudicium
890 5259 967 5307 video
979 5260 1176 5321 Wesenbergtt‚
1195 5259 1243 5307 sed
1257 5259 1340 5307 bonor
1351 5257 1384 5307 oh
1397 5259 1560 5315 auctoritate,
1580 5270 1648 5319 quae
1661 5257 1757 5309 deinde

434 5330 586 5393 disciplinae
604 5334 753 5396 opponitur,
772 5347 824 5383 non
842 5334 964 5383 diversus
982 5338 1047 5384 ests
1068 5336 1147 5384 Heus.
1167 5336 1269 5385 Saurea.
1286 5361 1312 5370 -
1330 5335 1457 5396 multoque
1473 5335 1575 5383 saecuto
1589 5339 1677 5395 posteo
1688 5337 1758 5385 raot-

432 5408 488 5473 prn't
503 5409 713 5471 Ppttoqomonens
727 5421 817 5457 nomen
834 5410 932 5458 Nouius
950 5421 975 5472 p.
994 5410 1050 5458 500.
1071 5435 1098 5445 -
1124 5411 1163 5458 40.
1182 5411 1383 5472 demripttontboa
1400 5412 1447 5460 ΒΟ
1467 5436 1493 5447 -
1517 5411 1556 5459 ⁴2.
1576 5411 1692 5460 dedicisse
1709 5412 1759 5461 Gli

436 5510 462 5518 -
483 5484 522 5532 tt.
541 5484 595 5531 Atn'
621 5488 649 5531 tu
673 5484 805 5541 Davisius,
825 5484 853 5532 0.
880 5482 934 5532 acl.
953 5484 985 5543 V,
1004 5484 1043 5533 35.
1063 5485 1103 5533 73.
1128 5485 1161 5534 de
1180 5486 1243 5548 ltep.
1264 5487 1286 5545 Ι,
1306 5485 1345 5533 ΙΙΙ.
1365 5485 1450 5535 Madv.
1472 5486 1523 5534 Pin.
1543 5498 1569 5549 p.
1589 5486 1647 5533 ot.»
1665 5486 1707 5536 W.
1728 5511 1756 5523 -

434 5559 473 5608 ta.
492 5560 574 5608 diocte
595 5560 685 5607 virtute
707 5558 806 5606 Nonius
826 5571 852 5620 p.
871 5556 928 5606 atr.
955 5584 980 5593 -
1008 5558 1055 5606 teto
1072 5560 1105 5608 W
1124 5557 1195 5620 (coll.
1214 5559 1275 5609 Oba.
1295 5561 1320 5609 in
1342 5561 1408 5610 Sest.
1428 5574 1453 5623 p.
1473 5560 1488 5609 9
1509 5563 1536 5610 et
1555 5559 1641 5609 htadv.
1660 5561 1755 5624 opusc.

434 5646 459 5697 p.
480 5634 551 5692 tart:
569 5634 622 5696 ipro
640 5634 698 5683 CO.
723 5631 760 5681 ct.
782 5634 866 5694 Reisig
882 5632 967 5682 schol.
987 5634 1041 5682 Lat.
1061 5634 1135 5696 §ate
1153 5647 1214 5683 cum
1233 5635 1318 5684 lieasii
1331 5635 1420 5684 adnot.
1434 5636 1490 5685 378.
1507 5661 1532 5671 -
1554 5635 1592 5683 Ι9.
1605 5636 1670 5684 sicut
1682 5635 1758 5685 Bent-

434 5707 489 5770 ley:
510 5723 544 5758 on
560 5711 623 5759 sieut
640 5710 674 5762 C.
694 5706 757 5771 [oq]
774 5710 837 5757 sicut
854 5711 873 5756 0
894 5735 920 5744 -
935 5709 1056 5770 pleraque
1073 5709 1110 5757 C:
1132 5708 1259 5770 pleraque,
1282 5708 1325 5771 [stc
1341 5716 1363 5758 ot
1380 5709 1454 5774 boet]
1472 5710 1492 5758 0
1512 5736 1536 5747 -
1557 5712 1598 5759 hl.
1617 5711 1755 5761 centronC

436 5808 463 5818 -
481 5783 521 5832 23.
540 5787 640 5832 terrem
658 5785 690 5833 C:
710 5788 738 5831 ut
755 5788 855 5832 anano
871 5784 891 5833 0
910 5809 937 5819 -
960 5784 1001 5835 at.
1019 5785 1106 5832 amida
1123 5796 1255 5846 superscr.
1275 5784 1290 5832 t
1308 5787 1336 5842 G,
1358 5786 1460 5834 humido
1478 5787 1498 5835 0
1518 5811 1543 5820 —
1563 5786 1603 5835 25.
1623 5787 1690 5833 mort
1706 5787 1757 5836 aa

436 5883 464 5894 -
482 5856 522 5906 tlte
539 5860 559 5907 G
577 5883 604 5893 -
624 5858 665 5907 26.
683 5860 819 5919 amnionis
835 5859 883 5907 ott
902 5885 930 5894 -
948 5859 988 5907 ΙΙ.
1007 5871 1106 5907 sursum
1123 5859 1143 5907 0
1163 5883 1188 5893 -
1212 5858 1327 5908 caleam
1343 5862 1363 5908 G
1384 5886 1409 5897 -
1428 5861 1559 5922 repertore
1570 5886 1606 5898 ··
1617 5867 1713 5911 notare
1729 5862 1755 5913 in

435 5930 552 5994 margine
570 5944 585 5982 a
602 5945 638 5983 m.
657 5933 758 5983 recenti
777 5932 894 5984 hahetlt
914 5960 941 5970 -
959 5933 1000 5983 28.
1018 5935 1070 5983 rive
1085 5933 1196 5996 quoda
1208 5947 1273 5997 quoe
1288 5948 1345 5984 cuns
1360 5941 1452 5986 constet
1468 5937 1566 5987 Nonius
1586 5949 1613 6001 p.
1631 5936 1688 5989 ΠΒ.
