4342 7459
451 1220 535 1286 ⁴040
809 1273 812 1278 .
1003 1221 1217 1292 CICERONIS

452 1384 506 1441 Aut
524 1385 596 1440 temi
612 1384 746 1456 qeminim
763 1389 879 1455 utraque
896 1399 931 1440 ea
949 1391 1029 1455 parte
1045 1386 1146 1452 iocati,-

454 1477 555 1535 Unieus
574 1486 622 1535 aut
641 1485 733 1535 vesum
752 1479 831 1534 notis
851 1486 900 1535 aut
918 1481 1025 1536 indicat
1044 1484 1187 1540 aethram:

450 1573 586 1645 Diruptus
604 1581 712 1638 ventas,
734 1575 867 1629 evanidus
886 1576 992 1631 imiieat
1012 1578 1154 1643 aethram,

450 1668 612 1738 Remiseras
631 1669 739 1724 nimbos
757 1670 911 1740 qeminatus
929 1678 1088 1740 praemonet
1107 1674 1202 1742 ortis,
1231 1668 1235 1678 '

450 1763 626 1836 Maioresque
644 1765 731 1820 traisit
750 1764 893 1833 triplicata
912 1780 1015 1821 earana
1032 1769 1185 1837 proeellas,-

451 1859 587 1924 Maiares,
610 1861 635 1914 si
652 1860 736 1930 niqra
755 1859 839 1922 iacet,
861 1860 887 1914 si
905 1861 1041 1915 scinditur
1060 1863 1144 1922 uitro.

450 1958 526 2014 Haec
546 1955 597 2011 tibi
615 1956 658 2011 vel
676 1956 774 2010 mensis
793 1955 835 2010 vet
853 1954 959 2012 Pisaeis
977 1964 1118 2014 menstrua
1136 1962 1234 2018 die‘ent.

449 2050 505 2108 Nee
525 2049 615 2107 Salem
632 2051 741 2122 qemina
759 2059 888 2123 spectare·
899 2051 929 2105 in
949 2050 1040 2106 litoris
1060 2060 1124 2109 aeta

449 2147 605 2203 Paeniteat:
627 2142 718 2200 Salem
737 2145 888 2200 certissima
905 2146 986 2216 siqna
1004 2156 1163 2218 sequentur:

452 2240 517 2298 Cum
535 2247 626 2312 surqet
645 2239 742 2310 qeie'dis
761 2245 786 2294 et
805 2256 866 2295 cum
885 2257 913 2295 se
931 2242 1027 2297 tondet
1046 2244 1077 2298 in
1096 2246 1186 2303 undis.
1236 2215 1239 2223 Ι

451 2336 544 2393 Noiim
563 2337 776 2396 interstinctam,
799 2349 860 2389 eum
880 2335 981 2391 deseret
1001 2352 1138 2409 aequora,
1161 2341 1246 2397 luesm

451 2430 575 2494 amre,
596 2431 621 2484 si
641 2427 716 2485 Soies
735 2435 823 2499 optem
841 2430 956 2485 radiare
978 2447 1104 2499 serenas,-

450 2524 550 2583 Matim
567 2540 652 2582 unum
672 2524 756 2578 nattis
769 2523 885 2578 mmuiis
903 2532 1025 2595 spectare
1047 2528 1185 2586 eoiorem:

450 2617 482 2677 st
502 2622 569 2691 iuqa
588 2621 679 2674 demat
696 2619 772 2688 equis
790 2625 890 2688 putata
910 2619 1012 2676 iumine
1034 2621 1131 2686 Titan,

448 2714 573 2770 Blandus
592 2721 617 2770 et
636 2713 797 2784 Hesperium
815 2714 910 2770 subeat
928 2717 986 2769 sine
1003 2717 1121 2773 nubibus
1142 2736 1261 2790 aequor,

448 2811 568 2867 hieira
586 2825 682 2865 serena
701 2810 745 2864 ‹iie
762 2811 864 2880 poteris
882 2826 993 2881 sperare
1012 2816 1142 2883 sequenti.

448 2905 511 2963 Nan
529 2907 571 2960 ita
589 2907 615 2959 si
633 2920 746 2959 reeasus
764 2919 869 2959 summa
888 2904 921 2959 tie
940 2908 1066 2977 maraine
1084 2916 1197 2980 surqut,

448 3002 564 3074 Fuiqeat
583 3009 632 3055 aut
649 3000 754 3070 sparsis
771 3000 881 3054 ratiis:
901 3016 968 3069 pars
989 3003 1081 3057 tendat
1101 3005 1138 3059 asi
1158 3003 1307 3070 Austrum,

447 3098 518 3154 Pars
537 3102 581 3151 eat
600 3096 638 3150 aei
657 3093 765 3150 Borean
784 3096 941 3166 mediusque
958 3098 1083 3153 renident
1104 3099 1195 3166 oriis5

450 3190 524 3246 Tune
544 3196 592 3245 aut
610 3196 745 3259 suspectus
766 3188 817 3243 tibi
836 3190 872 3243 sit
890 3187 978 3246 Natus
997 3199 1046 3246 aut
1064 3195 1160 3264 qravis
1179 3195 1277 3252 imber.

451 3284 485 3340 tte
504 3286 617 3352 videas,
637 3284 757 3339 subsitae
775 3299 824 3337 suo
845 3282 894 3338 iun
912 3285 1057 3355 splendida
1077 3285 1151 3353 Soti,

448 3378 554 3450 Inspice
573 3377 664 3435 Saiem
682 3379 772 3449 ipsum
792 3376 920 3449 (namque
939 3379 964 3434 is
983 3381 1148 3437 certissimus
1167 3382 1288 3458 auctor),

448 3473 567 3546 Inspice,
587 3490 654 3529 num
666 3473 771 3528 mtbeat
790 3470 864 3543 (fieri
883 3473 958 3543 quoti
974 3490 1054 3545 saepe
1075 3478 1213 3534 videmus:

449 3555 545 3628 cretes
563 3571 636 3626 enim
654 3569 743 3624 educit
761 3573 902 3622 eontracta
920 3567 991 3624 nube
1008 3570 1164 3643 ruborems)

446 3664 490 3722 An
507 3667 586 3737 niqer
606 3665 728 3720 obseurat
746 3662 861 3730 sasima:
880 3663 959 3733 niqer
978 3663 1083 3720 indicat
1102 3664 1237 3731 imbres,·

446 3761 593 3832 Ruiraque
610 3766 736 3816 vetituros
754 3758 854 3829 speeies
873 3758 1014 3813 denuntiat
1034 3758 1133 3816 Euros.

447 3857 498 3913 Sin
515 3857 598 3912 ruber
616 3854 727 3924 incipiet
746 3852 822 3908 rator
840 3853 1019 3907 inmiscerier
1042 3860 1119 3925 atra,

448 3948 551 4009 Omnia
571 3958 633 4006 tune
654 3930 743 4004 Barea
759 3949 867 4017 pariter
885 3947 1033 4017 pluviaque
1051 3949 1156 4005 uidebis

447 4043 577 4101 Feruens:
598 4046 642 4100 sin
660 4043 737 4098 radii
756 4047 850 4097 entant
868 4049 1041 4113 ereseantque
1060 4044 1110 4099 rui
1133 4061 1231 4109 unum,

447 4138 513 4197 Cum
530 4140 627 4211 peluqo
650 4138 732 4192 Titan
751 4138 863 4191 terrisve
882 4137 1034 4191 admoverit
1056 4139 1164 4202 orbem,

445 4234 500 4291 Aut
520 4236 603 4290 lateat
621 4235 706 4289 virtus
724 4248 773 4303 per
792 4230 907 4293 nubila,
929 4231 987 4286 siue
1009 4232 1108 4288 reiieta

445 4328 528 4387 Noete
545 4335 635 4400 petens
655 4328 757 4397 iurem,
779 4342 825 4381 seu
843 4331 948 4380 nortem
968 4325 1026 4381 ture
1044 4327 1156 4397 relicta,

445 4422 501 4481 ttta
522 4426 579 4480 dies
595 4423 705 4494 plurius
724 4427 749 4476 et
766 4436 837 4490 quae
854 4425 982 4475 nascetur
1000 4420 1035 4475 ab
1058 4422 1111 4476 itia

444 4520 579 4588 Proferri:
603 4517 661 4572 Eoo
679 4531 727 4571 nee
745 4517 771 4569 si
788 4515 950 4585 praeeuntia
975 4514 1050 4570 eaeia

443 4614 548 4672 Nubila
567 4610 616 4668 Sat
634 4612 724 4667 radiis
741 4611 815 4681 pieta
834 4609 970 4664 disiecerit
993 4616 1085 4676 aetra,

444 4709 490 4766 Sis
507 4711 619 4782 pluviae
637 4710 767 4780 iqnarus:
785 4707 811 4761 si
827 4722 855 4760 se
876 4704 1002 4760 Titanius
1022 4705 1098 4760 ariis

443 4807 502 4864 an
521 4807 575 4861 tate
594 4802 734 4874 diffuderit
753 4815 870 4870 aequore
890 4815 1019 4870 surqens,

443 4900 510 4956 Inde
531 4900 671 4971 maqisque
690 4896 832 4966 maqisque
850 4909 1011 4964 exsparsum
1031 4893 1177 4948 rantraisat
1191 4893 1295 4964 ipsam,

362 5033 364 5036 >
442 4995 559 5053 Dulcior
577 4993 676 5049 aetira
695 4991 799 5056 urbest,
817 4988 912 5060 pluria
930 5004 957 5043 se
979 4993 1099 5058 tempore
1117 4997 1286 5059 quamquam

442 5093 586 5151 Abdiderit
605 5088 743 5144 Phoebus:
764 5087 789 5140 si
805 5086 879 5141 eaelo
898 5085 998 5140 decidit
1016 5084 1118 5154 imber,

441 5189 486 5246 Ea
504 5188 589 5243 imbri
606 5186 720 5241 alterius
737 5193 837 5240 sortem
856 5188 880 5236 te
896 5198 1026 5252 quaerere
1049 5183 1135 5243 tusis,

440 5285 597 5355 Nubilaque
617 5287 642 5337 et
656 5280 740 5336 satem
758 5293 853 5333 manea
873 5282 996 5346 speetare
1015 5277 1164 5332 cadentem.

440 5380 514 5438 Nam
534 5382 559 5435 si
577 5379 674 5449 niqrae
691 5375 783 5430 sitem
802 5373 936 5428 condatur
951 5387 1059 5427 earcere
1078 5371 1158 5426 nubis

441 5475 563 5531 Phoebus
581 5479 606 5528 et
627 5473 725 5543 eaiquo
744 5468 821 5524 radii
837 5466 944 5538 suiqare
964 5467 1095 5522 mirantes

440 5570 605 5626 Immensum
621 5566 727 5621 nebulis
746 5562 1000 5629 circumfundantur
1020 5561 1050 5614 in
1071 5560 1177 5623 oriem,

438 5665 502 5724 Non
520 5666 572 5720 erit
591 5663 704 5718 aiterius
719 5660 817 5715 metiar
835 5660 949 5729 fortuna
971 5657 1036 5712 diei.

439 5760 528 5818 Purra
548 5768 578 5815 at
596 5757 744 5829 Hesperias
763 5757 788 5810 si
804 5752 852 5810 Soi
875 5753 987 5809 labatur
1010 5753 1041 5806 in
1061 5751 1167 5814 undas,

441 5854 558 5928 Cumque
574 5859 659 5926 parat
678 5853 758 5908 terris
777 5851 807 5905 in
827 5864 915 5919 aquas
938 5848 1061 5919 miqrare
1081 5845 1200 5909 relictis,
