4342 7459
705 1259 793 1323 ran.
807 1260 848 1324 11.
872 1254 951 1341 §re
965 1259 1105 1323 -van
1121 1211 1277 1323 που.
1291 1257 1332 1323 n.
1352 1253 1438 1341 sai.
1668 1249 1732 1318 rio

409 1423 524 1487 inisset
544 1421 578 1484 in
600 1418 707 1503 aliqua
729 1437 883 1500 generosa
903 1438 940 1482 ac
961 1417 1060 1482 nobili
1082 1418 1220 1502 virgine:
1243 1418 1385 1501 peccavit
1405 1436 1480 1481 vero
1502 1415 1603 1481 nihilo
1619 1418 1734 1497 minua,

410 1515 437 1579 si
460 1514 589 1599 quidem
612 1519 661 1577 est
681 1532 814 1596 peccare
836 1520 996 1597 tamquam
1020 1513 1153 1576 transire
1174 1511 1285 1587 lineas,
1308 1512 1393 1595 quod
1409 1532 1479 1577 cum
1494 1510 1624 1590 feceris,
1640 1515 1734 1601 culpa

409 1610 576 1673 commissa
598 1614 662 1671 est:
684 1627 779 1691 quam
802 1607 896 1689 longe
918 1606 1133 1690 progrediere,
1155 1627 1227 1670 cum
1249 1606 1346 1670 semel
1368 1606 1547 1680 transieris,
1561 1606 1601 1671 ad
1616 1627 1735 1692 augen-

410 1702 482 1767 dam
510 1703 636 1788 culpam
664 1699 743 1766 nibil
772 1703 916 1784 pertinet.
961 1704 1094 1766 Peccare
1124 1710 1208 1765 certe
1236 1700 1313 1764 licet
1338 1701 1470 1765 nemini.
1513 1700 1606 1777 Quod
1628 1712 1734 1770 eutem

408 1817 473 1861 non
495 1797 588 1873 licei,
610 1797 643 1861 id
665 1798 727 1862 boc
748 1815 814 1859 uno
835 1803 978 1871 tenetur,
1000 1796 1027 1860 si
1049 1796 1193 1877 arquitur
1213 1813 1278 1859 non
1298 1794 1405 1858 licere.
1447 1793 1484 1857 ld
1506 1795 1532 1858 si
1552 1814 1616 1859 nec
1634 1798 1759 1863 maiust

409 1911 469 1955 neo
496 1890 600 1955 minus
628 1910 777 1976 umquam
806 1887 874 1954 fieri
896 1898 1020 1974 potest,
1051 1891 1203 1974 quoniam
1224 1889 1258 1951 in
1281 1908 1320 1952 eo
1343 1895 1392 1952 est
1412 1897 1592 1973 peccatum,
1621 1893 1649 1955 si
1671 1912 1736 1957 non

408 1986 512 2060 licuit,
542 1985 625 2069 qnod
656 2007 782 2070 semper
809 2006 908 2049 unum
930 1994 962 2048 et
983 1984 1068 2047 idem
1091 1991 1156 2058 est,
1186 2000 1269 2068 quae
1291 2002 1334 2046 ex
1354 2002 1393 2046 eo
1415 1992 1544 2065 peccata
1565 1995 1738 2052 nascuntur

409 2080 556 2166 aequalia
578 2082 640 2144 sint
661 2086 796 2164 oporiet.
848 2076 901 2142 ii.
931 2078 1025 2154 Quod
1048 2080 1075 2142 si
1096 2079 1230 2142 virtutes
1252 2084 1327 2139 sunt
1348 2095 1441 2159 pares
1462 2076 1545 2142 inter
1566 2098 1618 2155 se,
1647 2081 1737 2163 paria

409 2196 480 2241 esse
511 2174 606 2239 etiam
633 2175 710 2238 vitia
738 2194 870 2238 necesse
892 2180 950 2237 est
994 2173 1092 2256 Atqui
1113 2189 1205 2256 pares
1228 2189 1299 2235 ease
1321 2172 1455 2235 virtuter
1477 2172 1644 2237 nerbono
1665 2175 1736 2240 viro

408 2269 574 2333 meliorem
602 2289 663 2332 nec
691 2274 886 2353 temperante
915 2266 1194 2351 temperantiorem
1223 2285 1283 2329 nec
1311 2263 1386 2328 forti
1414 2263 1578 2331 fortiorem
1606 2287 1666 2332 nec
1687 2287 1774 2336 snio

409 2364 509 2446 pienti
538 2362 764 2446 sapientiorem
795 2380 888 2445 posse
919 2357 1004 2435 fieri,
1034 2359 1193 2423 facillume
1221 2365 1329 2444 potest
1357 2360 1506 2444 perspici.
1556 2362 1605 2424 An
1633 2362 1737 2427 virum

408 2459 527 2522 bonnm
549 2458 647 2531 dices,
671 2455 725 2540 qui
748 2455 925 2538 depositum
947 2454 1036 2517 nullo
1058 2461 1151 2529 teste,
1173 2474 1246 2518 cum
1269 2454 1382 2519 lucrari
1405 2455 1526 2539 inpune
1544 2466 1654 2539 posset
1667 2458 1737 2522 auri

409 2551 518 2636 pondo
540 2550 661 2626 decem,
683 2548 869 2623 reddiderit,
891 2549 918 2612 si
933 2547 1017 2611 idem
1033 2548 1065 2610 in
1082 2547 1192 2611 decem
1208 2548 1335 2613 milibus
1349 2568 1414 2613 non
1429 2549 1514 2613 idem
1528 2550 1662 2615 iecerit?
1683 2558 1751 2632 aut,

408 2653 654 2728 temperantem,
676 2644 732 2729 qui
755 2663 790 2708 se
811 2643 845 2706 in
867 2642 974 2726 aliqua
996 2637 1129 2705 libidine
1151 2643 1363 2718 continuerit,
1385 2644 1419 2706 in
1441 2643 1549 2729 eliqua
1570 2644 1737 2710 effuderitt

408 2736 461 2802 22.
483 2740 550 2805 Una
572 2739 671 2803 virtus
693 2746 742 2802 est
763 2738 966 2802 consentiens
987 2755 1058 2800 cum
1081 2738 1204 2800 ratione
1218 2744 1251 2801 et
1265 2745 1418 2820 perpetua
1433 2737 1619 2802 constantia.
1652 2738 1775 2804 liibilre

408 2833 484 2899 huic
512 2834 587 2898 addi
609 2840 728 2916 potest,
760 2852 824 2916 quo
847 2828 947 2915 magis
969 2832 1069 2894 virtus
1092 2830 1150 2903 sit,
1181 2830 1262 2894 nihil
1285 2830 1386 2905 demi,
1416 2839 1453 2895 ut
1473 2831 1599 2897 virtutis
1621 2852 1737 2898 nomen

408 2929 617 3014 relinquatur.
647 2928 772 2991 Etenim
795 2926 822 2989 si
844 2926 925 2989 bene
946 2924 1029 2988 iacta
1051 2932 1137 2987 recte
1158 2922 1241 2988 facia
1263 2931 1391 2988 suntet
1412 2925 1491 2990 nibil
1505 2932 1594 2989 recto
1609 2927 1737 3002 rectius,

409 3030 494 3087 certe
515 3042 556 3085 ne
577 3022 663 3086 bono
685 3020 817 3105 quidem
839 3020 952 3084 melius
975 3021 1147 3103 quicquam
1169 3018 1305 3082 inveniri
1327 3026 1442 3101 potest.
1480 3019 1630 3105 Sequitur
1643 3020 1738 3103 igitur

408 3124 444 3181 ut
465 3118 560 3181 etiam
583 3117 658 3180 vitia
679 3116 744 3179 sint
764 3114 869 3198 paria,
898 3113 927 3176 si
952 3112 1081 3197 quidem
1104 3113 1273 3196 pravitates
1295 3112 1392 3176 animi
1422 3121 1507 3179 recte
1528 3115 1605 3179 vitia
1626 3114 1738 3180 dicun·

408 3218 470 3273 tur.
512 3210 609 3293 Atqui
633 3209 793 3293 quoniam
806 3227 899 3291 pares
921 3209 1053 3271 virtutes
1074 3214 1160 3280 suut,
1181 3214 1266 3270 recte
1288 3202 1552 3293 facta,'quoniaur
1573 3227 1593 3272 a
1615 3208 1776 3275 virtuti-it

407 3304 468 3368 bus
490 3300 738 3388 proficiscuntur,
760 3302 848 3384 paria
871 3321 941 3364 esse
964 3301 1091 3375 debent,
1114 3301 1257 3384 itemque
1273 3308 1412 3383 peccata,
1430 3302 1580 3386 qnoniam
1596 3322 1638 3367 ex
1651 3302 1737 3367 vitiis

411 3403 552 3470 manant,
574 3398 638 3460 sint
658 3395 806 3479 aequalia
829 3415 961 3459 necesse
983 3403 1041 3458 esi.
1084 3394 1124 3457 11.
1145 3391 1198 3457 23.
1222 3396 1267 3457 «a
1289 3393 1508 3480 pbilosophis»
1530 3396 1637 3481 inquit
1658 3396 1738 3461 aista

409 3491 537 3557 sumis.»
584 3489 761 3554 Metuebam
788 3508 828 3552 ne
857 3509 876 3553 a
902 3488 1071 3552 lenonibus
1101 3488 1234 3552 diceres.
1287 3488 1452 3553 «Socrates
1473 3488 1655 3574 disputabat
1675 3491 1737 3556 isto

409 3587 536 3650 modo.»
581 3585 667 3646 Bene
696 3583 823 3647 hercule
850 3602 980 3659 narras3
1012 3602 1087 3646 nam
1119 3583 1213 3646 istum
1236 3582 1364 3645 doctum
1386 3590 1419 3647 et
1439 3584 1613 3667 sapientem
1634 3583 1737 3649 virum

409 3680 508 3745 inisse
530 3677 701 3742 memoriae
724 3677 872 3739 traditum
896 3685 952 3740 est
983 3677 1046 3741 Sed
1068 3684 1174 3742 tamen
1195 3696 1316 3759 quaero
1338 3695 1380 3740 ex
1401 3684 1443 3753 te,
1466 3677 1618 3761 quoniam
1632 3676 1775 3743 verbisne

409 3775 572 3837 internos
594 3770 830 3843 contendimus,
862 3791 924 3834 non
950 3772 1079 3853 pugnis:
1109 3777 1216 3833 utrum
1238 3769 1328 3835 nobis
1350 3778 1399 3835 est
1419 3770 1635 3856 quaerendum
1657 3770 1737 3856 quid

409 3866 507 3931 baioli
529 3875 624 3949 atque
647 3863 783 3946 operarii
814 3882 854 3926 an
878 3864 953 3947 quid
976 3865 1122 3927 homines
1145 3862 1320 3928 doctissimi
1343 3866 1522 3929 senserinit
1550 3865 1737 3950 praesertim

411 3981 483 4025 cum
511 3960 572 4024 bac
602 3956 759 4024 sententia
788 3978 852 4021 non
881 3959 976 4023 modo
999 3960 1122 4033 verior,
1151 3958 1207 4023 sed
1228 3978 1269 4021 ne
1292 3958 1401 4023 utilior
1422 3959 1552 4046 quidem
1573 3959 1738 4024 bominum

409 4056 493 4119 vitae
522 4054 653 4139 reperiri
681 4052 746 4116 ulla
774 4053 883 4136 possit.
928 4052 1018 4127 Quae
1041 4054 1088 4116 vis
1111 4059 1159 4116 est
1180 4052 1263 4116 enim
1286 4071 1368 4136 quae
1389 4054 1489 4138 magis
1510 4060 1617 4117 arceat
1636 4053 1739 4117 laomi-

409 4168 467 4212 nes
489 4149 529 4211 ab
550 4147 752 4234 improbitate
774 4144 877 4220 omni,
900 4166 995 4230 quam
1018 4146 1045 4209 si
1069 4145 1227 4210 senserint
1247 4146 1369 4210 nullum
1391 4149 1424 4211 in
1446 4145 1571 4212 deliciis
1589 4167 1658 4212 esse
1674 4148 1775 4217 die-io

410 4244 550 4306 crimenl
580 4261 682 4325 aeque
712 4259 844 4322 peccare
873 4260 924 4314 se,
952 4240 979 4302 si
1002 4237 1133 4321 privatis
1154 4259 1190 4301 ac
1212 4239 1239 4303 si
1262 4239 1629 4323 magistratibusmanus
1650 4240 1738 4305 adie-

409 4337 503 4399 ranti
533 4354 764 4418 quamcumque
793 4334 826 4395 in
855 4330 984 4397 domum
1013 4341 1157 4415 stuprum
1178 4333 1360 4408 intulerint,
1388 4335 1520 4399 eandem
1542 4354 1613 4399 esse
1634 4335 1737 4399 labem

410 4429 586 4493 lubidinisl
639 4424 690 4492 24.
725 4429 877 4492 «Nihilne
899 4428 996 4510 igitur
1017 4425 1176 4488 interest»
1205 4460 1246 4471 -
1276 4444 1348 4490 nam
1370 4428 1433 4491 hoc
1455 4428 1538 4492 dicet
1558 4427 1674 4514 aliquis
1695 4463 1737 4478 -

412 4531 552 4607 «patrem
575 4523 645 4607 quis
668 4531 760 4586 necet
781 4542 864 4585 anne
886 4524 1055 4586 servunt·
1094 4519 1185 4582 Nuda
1207 4519 1267 4583 ista
1288 4522 1314 4585 si
1337 4540 1447 4605 ponas,
1467 4520 1608 4586 iudicare
1629 4523 1738 4607 qualia

410 4618 475 4681 sint
495 4637 561 4680 non
581 4615 674 4680 facile
695 4615 827 4701 possim.
865 4615 989 4680 Patrem
1011 4615 1076 4679 vita
1098 4612 1222 4698 privare
1244 4614 1270 4678 ri
1291 4635 1349 4700 per
1369 4635 1404 4679 se
1418 4616 1522 4682 scelus
1537 4624 1601 4693 ert,
1615 4616 1776 4703 sigan-u

410 4711 486 4785 tini,
515 4709 571 4795 qui
599 4719 749 4797 parentes
778 4730 854 4776 suos
883 4709 1001 4774 liberos
1029 4708 1129 4774 emori
1160 4728 1255 4793 quam
1283 4728 1390 4774 servor
1419 4709 1526 4774 vivere
1548 4710 1737 4789 maluerunt,

476 4999 502 5052 4.
518 5011 639 5064 amorosa
654 4998 748 5063 pnobtii
762 4994 794 5049 V¹
820 5026 848 5037 -
874 4996 899 5051 i.
917 4998 1019 5062 cuipam
1042 4996 1103 5050 cod.
1122 4996 1256 5051 Gudianus
1273 4998 1361 5063 (num.
1376 4996 1449 5063 toti:
1477 5001 1622 5052 &numdi
1637 5002 1738 5067 ωῳωι

410 5075 430 5125 C
451 5100 478 5111 -
496 5074 521 5125 7.
539 5071 785 5126 casaemarii·
811 5102 838 5112 -
866 5073 891 5125 8.
906 5088 984 5138 perer
998 5074 1093 5124 sueto
1119 5100 1146 5110 -
1175 5074 1199 5124 3.
1218 5070 1388 5137 3444444431-
1415 5074 1456 5126 tii.
1474 5077 1673 5140 tarvpmotiorern
1689 5076 1736 5138 V¹;

409 5155 547 5213 euperem
563 5150 762 5213 temperatiorem
784 5150 844 5201 cod.
863 5148 958 5212 Basti,
982 5147 1055 5214 quod
1072 5148 1185 5213 requirit
1199 5146 1369 5212 Wesenberg
1386 5148 1412 5200 in
1429 5150 1574 5203 emendati.
1593 5150 1698 5206 Tuecul.
1716 5153 1737 5215 i,

410 5225 480 5291 pii
497 5229 553 5277 not.
573 5253 600 5263 -
619 5226 794 5289 capitaneo
819 5253 846 5263 -
871 5226 912 5277 44.
929 5230 1008 5290 potest
1021 5225 1149 5287 proripiet
1165 5227 1196 5287 Α,
1211 5224 1321 5289 perspici
1335 5226 1450 5289 poteetli
1470 5253 1497 5264 -
1516 5224 1557 5277 ii.
1575 5239 1641 5277 cairo
1657 5223 1689 5277 Αι
1704 5250 1738 5265 -

410 5298 451 5349 43.
469 5300 491 5349 rt
507 5300 684 5350 idern-mon
699 5300 763 5350 idern
777 5300 863 5363 lecerit
883 5299 920 5350 C:
948 5300 1081 5364 posterius
1103 5299 1181 5362 idaim
1207 5300 1279 5365 quod
1301 5299 1379 5352 abest
1395 5297 1429 5351 ab
1447 5298 1547 5365 aliquot
1562 5299 1642 5353 oodd.
1660 5300 1736 5364 dett,

411 5373 517 5426 inclusit
532 5375 566 5434 03
586 5376 671 5427 atesi
687 5375 761 5438 prius
778 5375 954 5425 nominativus
971 5372 1119 5434 singularis,
1139 5376 1271 5441 posteriue
1288 5376 1455 5427 accusativus
1467 5376 1553 5427 uentri
1573 5403 1599 5414 -
1618 5375 1739 5427 indm

409 5449 509 5499 milibus
525 5451 669 5501 Manutius:
687 5452 715 5500 in
731 5451 813 5500 decem
828 5449 927 5501 mitius
939 5452 1024 5513 pondo
1040 5451 1101 5500 auri
1121 5450 1152 5507 ῦς
1172 5451 1200 5500 in
1216 5450 1298 5501 decem
1312 5449 1421 5501 millibus
1434 5451 1555 5515 pendeo
1574 5477 1601 5489 -
1621 5448 1661 5501 ii.
1679 5455 1739 5501 tern-

407 5530 538 5587 percnum
555 5524 628 5589 [omn]
646 5525 690 5585 qui
707 5525 727 5575 0
746 5547 773 5561 -
793 5525 833 5575 id.
850 5524 890 5575 oei
904 5525 1076 5575 renuntiantis
1092 5525 1114 5573 V
1131 5537 1190 5589 sup.
1205 5522 1251 5576 lin.
1270 5538 1306 5576 m.
1319 5526 1345 5576 3.
1365 5552 1393 5564 -
1411 5525 1453 5575 te.
1470 5525 1510 5576 bic
1526 5523 1566 5587 Ψ,
1583 5524 1631 5575 isc
1646 5525 1739 5575 dliv²

412 5623 439 5635 -
463 5599 538 5649 demit
560 5599 579 5649 e
602 5612 671 5650 corr.
691 5612 724 5650 er
746 5600 884 5649 deunittiiur
909 5626 937 5636 -
966 5600 1005 5651 43.
1024 5599 1137 5651 munire
1159 5597 1189 5649 1³¹
1215 5625 1241 5636 -
1268 5598 1310 5649 20.
1328 5599 1448 5663 quoniam
1470 5601 1542 5664 (port
1557 5598 1639 5662 sacta)
1657 5599 1690 5649 V*
1710 5601 1739 5652 ei

411 5671 512 5737 aliquoi
527 5673 607 5724 dett:
627 5674 728 5737 quondo
743 5674 793 5724 ΑΒ
804 5673 835 5722 vt
852 5698 880 5710 —
899 5687 917 5725 c
933 5675 1019 5725 omli
1047 5700 1073 5712 -
1101 5672 1144 5725 ri.
1162 5675 1220 5726 bene
1235 5676 1257 5728 Α
1274 5675 1301 5726 in
1318 5687 1402 5740 marg.
1423 5700 1449 5711 -
1473 5675 1515 5726 26.
1533 5672 1603 5724 uobis
1619 5673 1736 5725 Ernesti:

411 5746 481 5796 bonis
497 5747 528 5808 C,
546 5748 576 5798 da
592 5746 697 5800 boeir0
716 5773 743 5787 -
762 5749 794 5798 stt
810 5751 979 5812 pudendm
995 5747 1084 5801 malim
1104 5774 1130 5785 -
1149 5749 1191 5801 27.
1208 5748 1284 5801 bobii
1300 5751 1343 5801 0¹:
1363 5749 1440 5801 botuli
1457 5749 1516 5800 c²0
1535 5776 1563 5788 -
1582 5748 1622 5799 30.
1635 5748 1740 5800 medi

411 5822 479 5871 ii-
502 5823 542 5873 34.
561 5819 827 5888 mipemcrarrtih
845 5824 1216 5877 noma-aimerice:
1234 5826 1352 5878 mto
1378 5850 1406 5862 -
1434 5823 1551 5884 οπως
1569 5826 1685 5885 cena,
1703 5835 1738 5874 an

412 5898 447 5958 0,
470 5899 498 5949 in
515 5899 534 5949 li
552 5903 678 5964 quattuor
694 5898 796 5952 litterae
814 5904 987 5953 ensuerunt
1007 5902 1035 5951 et
1055 5899 1152 5952 deinde
1170 5912 1245 5951 curer
1260 5900 1287 5951 in
1304 5911 1398 5951 rasura
1414 5900 1544 5967 scriptum
1571 5924 1599 5937 -
1625 5897 1738 5955 ludim

412 5971 510 6026 Helua:
529 5973 642 6027 4444444444
658 5975 708 6029 CO
727 6002 753 6013 -
773 5975 816 6029 33.
829 5976 925 6040 man
940 5977 1010 6030 VM:
1026 5976 1122 6043 pooeiet
1136 5975 1205 6042 atu,
1219 5980 1324 6041 poam
1339 5975 1370 6029 0.
