4342 7459
447 1234 510 1302 276
772 1241 1096 1307 TUSCULANARUM
1117 1243 1447 1310 nisrurarioitiiit
1501 1309 1508 1319 .

382 1408 386 1416 “
448 1401 502 1464 Ill.
525 1400 554 1463 5.
577 1401 617 1466 dt
639 1408 668 1465 et
695 1400 795 1465 morbi
823 1401 1067 1486 perniciosiores
1096 1402 1267 1488 pluresque
1289 1411 1363 1467 sunt
1383 1403 1481 1467 animi
1504 1424 1597 1487 quam
1620 1405 1773 1490 corporis.

447 1497 518 1559 Hoc
535 1494 618 1559 enim
641 1494 712 1578 ipso
728 1497 831 1560 odiosi
847 1505 930 1570 suut,
953 1496 1037 1580 quod
1053 1498 1092 1560 ad
1108 1498 1247 1560 animum
1263 1498 1425 1581 pertinent
1438 1518 1575 1581 eumque
1590 1499 1774 1576 sollicitant,

448 1591 859 1674 animusqueaeger,ut
873 1591 917 1652 ait
932 1592 1360 1672 Ennius,sempercrrat
1378 1592 1776 1678 neque†patineque
1813 1578 1817 1593 ¹

447 1684 601 1768 perpeti
617 1692 759 1767 potest:
776 1704 915 1765 cupere
930 1704 1128 1769 numquam
1143 1684 1300 1747 desinit.
1319 1685 1443 1762 Quibus
1456 1686 1582 1749 duobus
1593 1687 1724 1761 morbis,
1739 1694 1776 1750 ut

423 1780 588 1843 comittam
610 1778 707 1852 alios,
728 1777 925 1860 aegritudine
948 1788 980 1842 et
1001 1778 1182 1860 cupiditate,
1205 1780 1258 1863 qui
1281 1779 1409 1843 tandem
1431 1786 1565 1862 possunt
1588 1781 1621 1843 in
1644 1800 1775 1865 corpore

448 1893 518 1937 esse
533 1873 714 1956 graviores?
737 1872 799 1947 Qui
818 1892 891 1935 vero
908 1872 1032 1954 probari
1050 1880 1163 1955 potest,
1184 1880 1219 1934 ut
1233 1872 1291 1934 sihi
1307 1872 1427 1935 mederi
1443 1875 1568 1938 animus
1582 1894 1649 1937 non
1662 1875 1776 1959 possit,

447 1988 518 2031 oum
547 1969 648 2050 ipsam
678 1966 864 2030 medicinam
894 1969 1034 2049 corporis
1062 1967 1185 2029 animus
1208 1966 1365 2029 invenerit
1387 1988 1523 2050 cumque
1544 1968 1585 2031 ad
1607 1988 1776 2052 corporum

446 2061 642 2124 sanationem
665 2061 797 2124 multum
819 2062 888 2143 ipsa
911 2080 1041 2142 corpora
1065 2068 1097 2122 et
1120 2068 1230 2122 natura
1254 2060 1356 2123 valeat
1375 2081 1433 2123 neo
1450 2081 1576 2136 omnes,
1600 2062 1656 2143 qni
1671 2062 1776 2126 curari

446 2176 481 2218 se
502 2157 586 2237 passi
609 2154 688 2229 sint,
710 2155 859 2218 continuo
881 2154 973 2217 etiam
997 2154 1231 2228 convalescant,
1262 2154 1359 2219 animi
1381 2163 1503 2228 autem,
1535 2156 1590 2238 qui
1612 2175 1647 2218 se
1669 2156 1775 2219 sanari

408 2248 605 2311 involuerint
632 2250 872 2331 praeceptisque
901 2248 1090 2331 sapientium
1119 2247 1295 2329 paruerint,
1325 2248 1394 2310 sine
1417 2248 1482 2311 ulla
1502 2248 1704 2313 dubitatione
1725 2268 1775 2313 sa-

445 2344 582 2406 nenturl
623 2340 653 2403 6.
675 2343 731 2405 Est
760 2341 901 2425 proiecto
930 2342 1026 2403 animi
1056 2342 1228 2412 medicina,
1257 2340 1477 2425 philosophia,
1509 2342 1597 2405 cuius
1619 2341 1774 2407 auxilium

444 2455 524 2509 non,
554 2441 588 2498 ut
616 2435 649 2498 in
677 2438 817 2520 corporis
852 2436 986 2509 morbis,
1021 2436 1193 2517 petendum
1222 2444 1271 2497 est
1298 2434 1388 2509 ioris,
1418 2435 1631 2519 omnibusque
1659 2436 1773 2519 opibus

446 2524 602 2616 [viribus],
623 2537 659 2593 ut
681 2531 880 2612 nosmetipsi
896 2530 986 2593 nohis
1002 2529 1120 2592 mederi
1137 2523 1306 2611 possimus,
1330 2529 1557 2592 elaborandum
1574 2537 1638 2593 est:
1661 2549 1773 2613 quam·

444 2643 539 2704 quam
561 2623 601 2685 de
623 2625 769 2687 universa
798 2623 1015 2706 philosophia,
1045 2630 1163 2706 quanto
1186 2643 1282 2706 opere
1306 2630 1337 2685 et
1358 2623 1536 2707 expetenda
1559 2631 1643 2687 esset
1664 2632 1698 2687 et
1718 2645 1774 2689 co·

406 2716 550 2792 islanda,
579 2719 668 2793 satis,
699 2726 734 2781 ut
756 2719 906 2792 arbitror,
935 2717 1052 2781 dictum
1076 2717 1181 2780 estin
1203 2717 1382 2781 Hortensio.
1418 2719 1465 2779 Ile
1488 2717 1644 2780 maxumis
1665 2725 1772 2783 autem

443 2810 538 2874 rebus
570 2811 650 2874 nihil
679 2811 746 2875 fero
779 2812 1007 2875 intermisimus
1033 2818 1143 2895 postea
1170 2831 1229 2874 nec
1252 2810 1413 2893 disputare
1441 2832 1500 2873 neo
1521 2811 1667 2874 scribere.
1713 2813 1772 2876 His

442 2911 547 2967 autern
570 2904 658 2968 libris
681 2907 827 2989 exposita
848 2913 922 2969 sunt
944 2925 997 2980 ea,
1020 2924 1102 2989 quae
1124 2924 1142 2967 a
1164 2904 1256 2968 nohis
1279 2925 1351 2967 cum
1374 2903 1582 2967 familiaribus
1602 2905 1722 2968 nostris
1738 2907 1772 2969 in

442 2999 623 3062 Tusculano
645 3007 736 3063 erant
757 2999 926 3085 disputata.
964 3000 1026 3062 Sed
1050 2998 1202 3082 quoniam
1225 2998 1347 3061 duobus
1370 2998 1588 3080 superioribus
1610 2996 1650 3060 de
1668 3005 1771 3063 morte

441 3100 473 3156 et
494 3092 534 3156 de
558 3092 668 3157 dolore
690 3095 811 3157 dietum
834 3103 896 3169 est,
919 3093 1032 3157 tertius
1055 3093 1123 3156 dies
1146 3090 1371 3174 disputationis
1394 3092 1456 3154 hoc
1478 3092 1606 3156 tertium
1623 3094 1771 3159 volumen

403 3183 567 3251 mcificiet.
610 3185 640 3250 7.
663 3188 703 3251 Ut
730 3189 813 3251 enim
843 3188 876 3250 in
897 3187 1101 3251 Academiam
1122 3194 1262 3248 nostram
1285 3185 1507 3249 descendimus
1530 3186 1683 3250 inclinato
1705 3188 1770 3251 iam

441 3282 474 3344 in
503 3281 786 3363 postmeridianum
817 3291 940 3365 tempus
970 3281 1036 3356 die,
1065 3280 1198 3365 poposci
1226 3299 1334 3342 eorum
1363 3279 1519 3364 aliquem,
1548 3281 1604 3363 qui
1626 3280 1770 3357 aderant,

441 3393 567 3437 oausam
590 3376 775 3440 disserendi.
812 3378 892 3439 Tum
915 3396 966 3438 res
987 3384 1058 3438 acta
1079 3376 1125 3438 sic
1148 3382 1205 3437 est.

525 3470 576 3530 iv.
598 3470 635 3532 A.
658 3470 791 3532 Videtur
818 3468 895 3530 mihi
924 3467 1037 3530 cadere
1060 3468 1093 3529 in
1115 3468 1290 3551 sapientem
1312 3466 1490 3549 aegritudo.
1526 3467 1569 3531 M.
1591 3468 1673 3529 Num
1695 3467 1770 3531 reli·

440 3580 523 3644 quae
546 3582 675 3645 quoque
705 3561 956 3644 perturbationes
991 3561 1104 3636 animi,
1134 3559 1335 3633 formidines,
1368 3559 1528 3635 libidines,
1557 3559 1768 3623 iracundiae?

402 3653 518 3718 achaeo
541 3655 626 3718 euim
649 3654 715 3718 iere
737 3662 811 3718 sunt
832 3655 901 3717 eius
925 3654 1027 3730 modi,
1050 3675 1133 3738 quae
1149 3653 1260 3716 Graeci
1284 3652 1372 3731 πάθη
1394 3652 1572 3735 appellantz
1595 3674 1653 3736 ego
1677 3662 1768 3737 pote·

439 3767 504 3812 ram
527 3748 686 3819 morbos,
709 3758 741 3812 ot
763 3749 796 3810 id
812 3748 941 3812 verbum
964 3755 1078 3811 essete
1097 3747 1204 3821 verbo,
1227 3745 1282 3809 sed
1299 3747 1331 3808 in
1349 3746 1609 3809 consuetudinem
1626 3756 1768 3811 nostram

439 3860 504 3903 non
526 3841 662 3905 caderet
700 3845 778 3905 Nam
800 3841 956 3915 misereri,
978 3842 1137 3916 invidere,
1159 3842 1292 3924 gestire,
1315 3839 1442 3913 laetari,
1464 3841 1542 3902 haec
1562 3841 1669 3903 omnia
1683 3860 1768 3905 mor·

438 3934 497 3998 hos
520 3934 631 4000 Graeci
653 3937 830 4019 appellant,
853 3921 957 3999 motus
972 3936 1071 3998 animi
1087 3934 1200 3998 rationi
1217 3954 1280 3996 non
1296 3933 1562 4015 obtemperantis:
1585 3954 1643 3997 nos
1660 3942 1768 3998 antem

438 4028 497 4092 hos
520 4029 648 4094 eosdem
672 4038 775 4094 motus
798 4029 946 4093 concitati
966 4030 1061 4092 animi
1079 4038 1180 4103 recte,
1204 4035 1238 4090 ut
1253 4028 1384 4109 opinor,
1407 4027 1662 4109 perturbationes
1678 4029 1769 4092 dixe-

401 4125 553 4198 torimus,
586 4124 711 4187 morbos
741 4135 847 4189 autem
876 4144 940 4186 non
970 4125 1044 4186 satis
1077 4124 1210 4196 usitate,
1244 4123 1305 4185 nisi
1335 4124 1411 4206 quid
1443 4122 1527 4186 aliud
1552 4124 1608 4185 tibi
1631 4123 1767 4186 ridetur.

437 4215 467 4279 8.
490 4219 526 4281 A.
548 4218 627 4282 hlihi
650 4239 724 4281 vero
747 4220 809 4282 isto
826 4218 932 4281 modo.
961 4220 1004 4281 M.
1018 4218 1159 4280 Haecine
1174 4218 1268 4299 igitur
1283 4216 1395 4279 cadere
1411 4217 1444 4280 in
1460 4217 1632 4299 sapientem
1649 4220 1767 4300 putas?

502 4442 527 4491 8.
545 4441 597 4490 Hoc
613 4443 696 4502 -ipso
713 4440 797 4489 Bake:
816 4441 840 4491 ht
853 4442 926 4503 -ipsi
943 4442 994 4491 CO
1014 4468 1040 4477 -
1059 4441 1184 4489 solicitant
1201 4437 1269 4489 G¹lt¹
1281 4466 1313 4475 -
1330 4438 1354 4487 3.
1373 4438 1475 4487 Animus
1492 4452 1568 4502 ceper
1583 4452 1680 4501 sentper
1695 4443 1769 4489 mut

436 4529 515 4579 nepte
529 4517 581 4577 poti
594 4517 686 4579 (potiri)
699 4529 777 4578 neque
790 4517 886 4578 perpeti
903 4517 968 4565 Potts
984 4521 1018 4566 est
1032 4551 1113 4564 .....
1127 4527 1217 4575 cupere
1233 4525 1370 4574 numquam
1387 4513 1475 4561 6434444
1491 4512 1618 4563 Ribbeck.
1635 4538 1661 4549 -
1682 4515 1707 4563 6.
1721 4528 1768 4564 cu-

435 4589 541 4653 pinnati
559 4592 588 4641 lt¹
607 4617 633 4625 —
659 4592 683 4640 ’4.
702 4592 783 4653 ipsam
800 4592 834 4639 C:
857 4592 909 4652 ipss
927 4590 983 4649 alti,
1008 4590 1079 4654 quod
1100 4589 1194 4653 probat
1211 4588 1280 4638 Bake
1299 4587 1315 4637 l.
1335 4587 1351 4637 l.
1372 4602 1397 4652 p.
1417 4588 1457 4637 88.
1480 4614 1505 4622 -
1528 4589 1552 4636 8.
1571 4589 1650 4637 omnis
1668 4589 1717 4638 Glt
1738 4615 1767 4626 -

437 4666 461 4717 9.
474 4668 523 4716 sint
533 4666 696 4730 Tregderus:
714 4671 770 4715 snnt
783 4667 801 4716 C
812 4667 840 4716 0.
860 4666 925 4715 Vide
939 4666 972 4715 ad
985 4667 993 4714 l
1007 4666 1021 4728 5
1034 4668 1073 4714 55.
1093 4693 1116 4701 -
1131 4666 1206 4714 ettam
1219 4665 1327 4714 damnat
1338 4664 1407 4713 Bake
1420 4662 1436 4711 4.
1451 4661 1467 4711 Ι.
1482 4676 1506 4726 p.
1521 4664 1561 4713 88.
1577 4689 1603 4699 -
1619 4662 1659 4713 43.
1671 4663 1770 4713 einins

436 4740 544 4791 seclusit
561 4740 723 4804 Tregderus:
744 4739 795 4790 acl.
816 4738 924 4804 Philipp.
942 4742 974 4799 X,
993 4742 1033 4788 ti.
1053 4739 1132 4790 Multo
1149 4741 1205 4788 veri
1223 4738 1333 4789 similius
1351 4742 1392 4787 est
1409 4737 1539 4787 excidisse
1555 4736 1596 4787 vel
1613 4745 1689 4799 atque
1703 4739 1768 4802 (oc),

436 4818 466 4866 ut
481 4816 564 4866 voluit
580 4814 691 4877 Bentley
709 4814 750 4877 (ci.
771 4813 785 4877 5
803 4815 835 4863 86
853 4816 964 4863 mnibus
980 4815 1076 4866 utribus
1093 4821 1169 4876 utque
1185 4815 1278 4876 opibus.
1298 4814 1377 4863 Attio.
1392 4813 1456 4872 xiv,
1471 4810 1511 4872 44,
1525 4812 1540 4861 6
1557 4813 1625 4861 ornns'
1635 4826 1681 4874 opo
1691 4818 1770 4874 otqns

436 4904 520 4954 opero.
544 4891 626 4942 Plaut.
647 4892 722 4940 hiost.
741 4889 771 4948 ll,
794 4891 815 4947 4,
831 4891 840 4937 4
862 4890 965 4937 sommis
981 4891 1067 4951 opibus
1078 4895 1153 4952 atque
1170 4888 1305 4947 industriis)
1319 4887 1360 4937 vel
1371 4900 1418 4949 qne
1430 4886 1559 4949 (additum
1577 4886 1603 4935 iu
1616 4885 1676 4936 edd.
1690 4890 1766 4947 ναις

436 4965 469 5016 cl.
488 4967 503 5030 5
520 4967 552 5016 86
569 4966 630 5015 ostis
647 4965 778 5028 remisque.
798 4963 840 5013 Sil.
861 4963 915 5013 ital.
930 4966 953 5021 4,
970 4966 1018 5015 668
1035 4966 1110 5014 mnis
1126 4964 1241 5025 uelisque.
1261 4962 1342 5011 Plaut.
1358 4962 1428 5011 Asin.
1443 4962 1462 5017 4,
1476 4960 1500 5021 8,
1514 4963 1529 5010 s
1541 4960 1645 5024 resntgio
1655 4961 1766 5023 nemque

435 5040 469 5090 de
487 5040 560 5090 Ollio.
579 5042 625 5098 444,
644 5040 700 5087 446.
722 5039 773 5086 liv.
794 5038 824 5096 V,
843 5037 874 5087 87
892 5040 961 5099 equis
977 5040 1094 5101 virisque.
1115 5040 1184 5101 virg.
1203 5041 1268 5087 Aen.
1288 5038 1330 5092 lll.
1349 5037 1398 5085 666
1415 5036 1490 5084 remts
1505 5036 1639 5097 amiteque.
1659 5036 1767 5086 Terent.

434 5115 515 5165 Andr.
535 5117 554 5175 4,
575 5116 598 5176 4,
617 5113 665 5164 484
681 5113 797 5162 munitos
810 5113 971 5176 pedibusque]
988 5114 1029 5164 vel
1047 5119 1071 5163 st
1089 5114 1169 5177 (quod
1182 5113 1245 5162 dett.
1260 5111 1359 5174 aliquot
1375 5110 1452 5159 codd.
1467 5109 1579 5168 habent;
1598 5109 1631 5159 cl.
1646 5109 1720 5160 Olflc.
1734 5112 1766 5171 44,

434 5189 467 5241 84
483 5192 563 5239 sannis
578 5194 601 5238 et
617 5189 715 5237 castris.
735 5186 823 5237 Femil.
844 5188 886 5248 441,
904 5188 928 5248 7,
947 5188 1254 5250 accesibilitatem),
1274 5199 1336 5237 uam
1354 5186 1380 5235 in
1398 5188 1453 5249 ipsa
1471 5185 1616 5248 archetypi
1633 5186 1767 5249 scriptura

435 5262 550 5316 nonnihil
572 5263 682 5314 offendit
704 5262 851 5325 asyndeton
874 5262 937 5314 illud
955 5277 1016 5314 curn
1041 5268 1150 5328 propter
1167 5263 1320 5312 adiunctum
1338 5261 1451 5311 omnibus
1469 5259 1543 5322 (alius
1560 5261 1666 5324 generis
1684 5263 1726 5311 est
1745 5262 1766 5322 4,

435 5340 467 5391 64
489 5341 597 5405 (omnio,
621 5351 714 5401 supero
735 5338 831 5400 infero,
851 5338 938 5400 primo
960 5339 1050 5389 ultimo
1069 5339 1176 5402 medio),
1202 5342 1259 5388 tum
1278 5351 1340 5387 vero
1358 5337 1444 5401 quod,
1473 5341 1502 5386 ιιι
1519 5335 1630 5387 Wolfius
1646 5336 1766 5398 videbat,

434 5415 502 5465 haec
519 5415 625 5465 nonita
642 5412 816 5476 proverbialis
833 5410 930 5462 locutio
948 5412 1008 5470 luit,
1028 5416 1057 5463 ut
1074 5412 1147 5464 illae:
1170 5416 1240 5476 equis
1255 5412 1317 5461 otiis
1335 5410 1432 5472 (Famil.
1451 5411 1493 5472 lX,
1508 5411 1532 5470 7,
1547 5412 1575 5470 ι;
1598 5410 1631 5460 ol.
1651 5409 1763 5476 Philipp.

433 5490 577 5555 vi11‚2i),
598 5491 677 5539 centia
697 5491 772 5537 remis
793 5487 896 5551 (famil.
915 5489 975 5548 ΧΠ,
994 5490 1034 5548 85,
1054 5490 1096 5550 3),
1119 5489 1234 5538 omnibns
1253 5487 1357 5549 pedibus
1374 5488 1486 5549 (Terent.
1505 5484 1587 5535 Andr.
1606 5485 1648 5547 iv,
1668 5487 1692 5544 4,
1711 5484 1765 5548 448),

433 5570 483 5616 4οιο
499 5578 604 5628 corpore
620 5570 695 5625 nono
711 5564 823 5613 onnibm
839 5565 940 5628 unquis
957 5565 1042 5625 (Tusc.
1055 5565 1128 5628 Disp.
1142 5564 1173 5622 ll,
1189 5564 1243 5625 664,
1264 5564 1289 5612 in
1308 5575 1387 5626 quas,
1408 5563 1435 5611 ut
1453 5561 1495 5621 64,
1514 5559 1627 5611 celerius
1643 5572 1767 5624 pronun-

433 5643 510 5691 tiatas
527 5639 643 5690 brevitas
660 5638 700 5689 illa
719 5639 824 5689 dicendi
841 5638 1043 5690 conveniebat.»
1062 5639 1104 5687 W.
1120 5665 1146 5674 -
1167 5638 1207 5687 49.
1227 5638 1328 5699 dictum]
1347 5635 1409 5700 Syll.
1428 5637 1468 5686 dic
1484 5649 1499 5685 a
1517 5637 1665 5686 recentiore
1684 5648 1720 5687 m.
1736 5635 1763 5685 in

433 5716 533 5765 maiore
550 5727 643 5765 rasura
660 5714 778 5765 habetli
798 5741 824 5750 -
844 5715 885 5764 80.
904 5715 1070 5764 incedentium
1087 5715 1131 5773 G¹;
1152 5712 1351 5763 tnochodemiani
1369 5714 1387 5761 it
1409 5739 1434 5748 —
1455 5713 1495 5762 84.
1514 5712 1624 5773 uttqnem
1640 5711 1685 5773 qni
1701 5710 1764 5761 ode·

432 5795 492 5839 rost
509 5803 577 5840 corr.
591 5803 624 5840 ex
641 5791 739 5853 aliquid
755 5792 815 5852 qnid
831 5790 984 5839 acheronte
999 5814 1025 5825 -
1045 5788 1085 5837 88.
1101 5788 1278 5837 Personarum
1295 5787 1368 5849 sigua
1384 5785 1481 5836 desunt
1497 5785 1523 5835 in
1541 5786 1592 5836 GR
1606 5812 1633 5822 -
1652 5784 1693 5836 si.
1706 5784 1765 5836 titt-

433 5864 501 5913 dtnes
517 5876 652 5928 superscr.
666 5867 708 5917 est
717 5866 784 5915 iutra
799 5861 897 5915 lineam
908 5875 945 5914 m.
958 5859 1091 5921 secunda,
1110 5860 1159 5911 sed
1170 5863 1287 5926 antiqua,
1306 5863 1332 5912 iu
1345 5864 1365 5911 G
1379 5887 1406 5897 -
1420 5863 1460 5912 86.
1477 5860 1582 5923 panse
1599 5888 1623 5898 -
1645 5863 1685 5913 st.
1701 5861 1763 5913 boso

433 5937 460 5985 tn
476 5949 490 5988 s
508 5939 538 5987 6.
