4342 7459
440 1233 501 1300 lbb
722 1237 777 1302 llll
797 1238 954 1302 FlNlBllS
976 1236 1173 1303 bonolium
1194 1238 1247 1301 ΕΤ
1268 1237 1468 1303 MALORUM

440 1411 489 1468 est
510 1404 717 1481 elaboratum,
739 1413 843 1470 tamen
865 1427 884 1470 a
905 1411 1032 1471 Zenone
1051 1407 1158 1471 minus
1179 1406 1278 1470 multo
1301 1427 1394 1492 quam
1409 1408 1449 1470 ab
1463 1408 1619 1491 antiquis:
1642 1409 1757 1473 abhoc

439 1506 544 1562 autem
576 1491 731 1584 quaedam
763 1522 827 1564 non
860 1503 974 1565 melius
1003 1521 1097 1586 quam
1125 1507 1262 1575 veteres,
1295 1501 1449 1584 quaedam
1479 1504 1608 1566 omniuo
1637 1504 1757 1566 relicta.

440 1588 490 1655 l0.
514 1593 655 1676 Cumque
677 1597 759 1659 duae
781 1598 845 1660 sint
866 1604 962 1671 artes,
985 1596 1101 1681 quibus
1124 1594 1261 1679 perfecte
1281 1596 1363 1659 ratio
1387 1602 1418 1658 et
1439 1596 1538 1659 oratio
1554 1596 1757 1679 compleatur,

438 1705 501 1750 una
523 1687 723 1764 inveniendi,
744 1690 843 1754 altera
865 1691 1057 1765 disserendi,
1079 1690 1161 1753 bano
1183 1688 1391 1772 posteriorem
1414 1696 1445 1751 et
1466 1689 1565 1752 Stoici
1586 1696 1618 1753 et
1632 1691 1759 1773 Peripa·

415 1782 542 1857 stetici,
569 1784 706 1868 priorem
732 1791 838 1849 autem
859 1784 906 1848 illi
929 1785 1054 1867 egregie
1075 1783 1288 1857 tradiderunt,
1317 1782 1350 1845 hi
1374 1783 1504 1846 omniuo
1527 1804 1566 1846 ne
1588 1786 1759 1867 attigerunt

439 1874 577 1960 quidem.
612 1879 691 1941 Nam
712 1897 730 1940 e
752 1879 867 1960 quibus
894 1877 972 1941 locis
995 1878 1085 1962 quasi
1113 1875 1271 1941 thesauris
1293 1884 1477 1958 argumenta
1499 1878 1760 1959 depromerentur

436 1970 534 2033 vestri
555 1990 596 2033 ne
618 1970 768 2055 suspicati
791 1973 918 2055 quidem
940 1980 1031 2044 sunt,
1057 1970 1237 2054 superiores
1260 1978 1364 2032 autem
1385 1967 1516 2033 artificio
1539 1978 1570 2033 et
1591 1972 1641 2034 via
1663 1972 1759 2035 tradi-

438 2062 561 2126 derunt
600 2062 688 2139 Quae
714 2066 844 2148 quidem
865 2085 915 2128 res
938 2061 1034 2128 efficit
1054 2085 1095 2128 ne
1117 2085 1246 2128 neeesse
1268 2065 1311 2127 sit
1332 2063 1433 2128 isdem
1455 2063 1496 2127 de
1517 2064 1611 2128 rebus
1634 2086 1760 2150 semper

439 2160 531 2241 quasi
554 2158 667 2223 dictata
689 2161 857 2224 decantare
879 2180 983 2245 neque
1001 2178 1021 2222 a
1037 2157 1303 2222 commentariolis
1318 2159 1383 2221 suis
1398 2157 1572 2221 discedere.
1608 2162 1685 2224 Nam
1702 2160 1758 2245 qoi

402 2275 429 2320 to
439 2254 518 2317 sciet
539 2254 592 2316 ubi
616 2254 757 2339 quidque
778 2257 917 2338 positum
939 2255 981 2318 sit
1002 2273 1129 2338 quaque
1151 2272 1189 2316 eo
1210 2253 1332 2326 veniat,
1365 2252 1405 2326 is,
1437 2252 1532 2316 otiam
1554 2252 1581 2315 si
1605 2252 1682 2337 quid
1704 2254 1759 2316 ob·

438 2354 543 2410 rutum
573 2347 647 2422 erit,
677 2349 793 2430 poterit
820 2368 930 2412 eruere
959 2366 1148 2431 semperque
1177 2366 1246 2409 esse
1268 2347 1301 2410 in
1324 2346 1515 2430 disputando
1537 2367 1623 2411 snus.
1665 2348 1757 2423 Quod

438 2441 498 2504 etsi
519 2441 653 2523 ingeniis
675 2442 796 2524 magnis
817 2442 952 2526 praediti
974 2442 1102 2525 quidam
1125 2440 1250 2504 dicendi
1273 2442 1394 2525 copiam
1416 2442 1483 2503 sine
1505 2442 1627 2505 ratione
1649 2462 1759 2506 conse·

438 2541 569 2607 cuntur,
591 2553 640 2597 ars
663 2540 769 2599 tamen
785 2544 834 2599 est
848 2538 915 2601 dux
929 2539 1044 2599 certior
1060 2556 1155 2618 quam
1170 2544 1289 2598 natura.
1323 2536 1417 2599 aliud
1434 2543 1481 2600 est
1497 2537 1579 2600 enim
1595 2544 1758 2620 poetarum

437 2646 526 2690 more
548 2629 643 2690 verba
665 2629 814 2704 tundere,
835 2631 920 2694 aliud
942 2651 991 2706 ea,
1016 2651 1098 2716 quae
1121 2630 1218 2704 dicas,
1240 2631 1364 2695 ratione
1387 2638 1417 2693 et
1439 2639 1505 2694 arte
1527 2632 1730 2713 distinguere.

402 2743 430 2790 ts
523 2723 559 2785 V.
583 2717 632 2783 ll.
656 2723 778 2787 Similia
799 2724 861 2789 dici
884 2734 1018 2809 possunt
1040 2726 1079 2787 de
1103 2724 1315 2807 explicatione
1335 2732 1481 2799 naturae,
1505 2743 1566 2808 qua
1580 2724 1614 2787 bi
1628 2733 1761 2788 utuntur

439 2822 471 2878 et
494 2816 605 2892 vestri,
627 2837 732 2901 neque
754 2838 829 2882 vero
851 2820 890 2882 ob
914 2819 991 2882 duas
1014 2820 1107 2882 modo
1130 2836 1255 2891 causas,
1278 2837 1340 2901 quo
1362 2817 1457 2880 modo
1472 2818 1609 2900 Epicuro
1625 2819 1759 2895 ridetur,

437 2917 474 2973 ut
502 2910 638 2992 pellatur
666 2913 774 2976 mortis
803 2923 835 2977 et
860 2914 1022 2997 religionis
1054 2920 1169 2986 metus,
1199 2910 1255 2974 sed
1278 2911 1371 2973 ctiam
1394 2910 1579 2974 modestiam
1601 2914 1760 2996 quandam

439 3005 578 3086 cognitio
600 3026 704 3069 rerum
727 3008 909 3072 caelestium
931 3009 1022 3071 allert
1042 3008 1099 3080 iis,
1132 3006 1187 3089 qui
1211 3003 1337 3068 videant
1359 3013 1475 3088 quanta
1497 3006 1539 3067 sit
1560 3006 1653 3070 etiam
1676 3006 1760 3089 apud

438 3098 515 3163 deos
537 3101 727 3175 moderatio,
750 3111 887 3188 quantus
909 3102 1005 3176 ordo,
1028 3111 1059 3165 et
1080 3099 1328 3183 magnitudinem
1351 3099 1449 3161 animi
1472 3099 1604 3163 deorum
1619 3121 1715 3184 opera
1730 3109 1761 3164 et

401 3190 519 3258 soiaota
541 3196 758 3271 cernentibus,
780 3198 931 3260 iustitiam
946 3197 1050 3270 etiam,
1073 3216 1145 3258 cum
1161 3194 1320 3276 cognitum
1335 3192 1468 3266 habeas,
1491 3195 1576 3276 quod
1591 3196 1632 3258 sit
1646 3196 1761 3258 summi

437 3289 569 3351 rectoris
596 3310 633 3353 ac
661 3290 781 3353 domini
810 3312 940 3365 numen,
972 3291 1058 3374 quod
1089 3289 1268 3361 consilium,
1299 3305 1379 3370 quae
1409 3287 1569 3350 voluntas:
1605 3289 1695 3352 cuius
1722 3289 1760 3351 ad

438 3390 580 3445 naturam
603 3392 676 3466 apta
697 3385 776 3448 ratio
793 3404 865 3448 vera
887 3385 941 3448 illa
957 3393 989 3448 et
1003 3403 1126 3447 summa
1141 3384 1192 3444 lex
1206 3401 1224 3443 a
1241 3380 1438 3462 pbilosophis
1454 3381 1577 3444 dicitur.
1611 3378 1661 3444 lb.
1676 3384 1763 3444 lnest

437 3475 471 3537 in
494 3477 603 3540 eadem
627 3479 839 3561 explicatione
862 3489 991 3543 naturae
1013 3477 1202 3542 insatiabilis
1218 3474 1372 3559 quaedam
1389 3495 1406 3538 e
1422 3475 1651 3557 cognoscendis
1665 3475 1761 3538 rebus

438 3570 598 3653 voluptas,
624 3573 658 3635 in
687 3593 750 3656 qua
776 3594 840 3636 una
861 3573 1011 3637 conlectis
1032 3574 1127 3636 rebus
1146 3570 1335 3634 'necessariis
1356 3569 1447 3632 vacui
1470 3571 1605 3651 negotiis
1627 3569 1760 3632 honeste

400 3682 475 3729 abac
495 3663 667 3728 liberaliter
688 3668 844 3749 possimus
866 3669 982 3731 vivere.
1011 3670 1099 3750 lirgo
1120 3668 1154 3731 in
1176 3665 1235 3727 hac
1256 3663 1379 3726 ratione
1401 3671 1465 3726 tota
1481 3662 1520 3725 de
1535 3662 1680 3726 maximis
1695 3662 1760 3726 iere

393 3779 398 3789 ·
438 3758 531 3821 rebus
554 3759 652 3822 Stoici
674 3760 747 3823 illos
768 3762 867 3825 secuti
890 3769 979 3836 sunt,
1000 3770 1035 3825 ut
1054 3769 1086 3823 et
1101 3760 1177 3822 deos
1192 3778 1263 3821 esse
1279 3765 1472 3840 etquattuor
1489 3778 1529 3820 ex
1545 3759 1639 3820 rebus
1654 3759 1762 3822 omnia

438 3860 583 3916 constare
605 3853 756 3917 dicerent.
794 3855 871 3918 (lum
893 3865 997 3919 autem
1020 3863 1225 3938 quaereretur
1246 3872 1296 3914 res
1318 3851 1486 3914 admodum
1510 3849 1661 3925 difficilis,
1684 3871 1760 3915 num

438 3946 549 4028 quinta
570 3949 724 4030 quaedam
745 3957 857 4013 natura
879 3950 1036 4014 videretur
1057 3969 1141 4023 esso,
1164 3967 1204 4010 ex
1227 3967 1290 4029 qua
1311 3947 1391 4008 ratio
1408 3954 1439 4008 st
1461 3946 1677 4028 intellegentia
1697 3947 1762 4010 ori-

437 4050 539 4115 retur,
562 4041 595 4103 in
617 4062 681 4125 quo
703 4043 795 4105 etiam
819 4043 858 4105 de
880 4044 1011 4117 animis,
1034 4045 1125 4107 cuius
1147 4044 1271 4126 generis
1294 4049 1414 4115 essent,
1437 4049 1652 4124 quaereretur,
1676 4042 1760 4103 Zeno

401 4134 470 4197 nid
493 4136 572 4198 dixit
594 4156 663 4199 esse
685 4137 807 4219 ignem:
830 4157 895 4200 non
917 4138 1002 4201 nulla
1025 4138 1140 4201 deinde
1162 4137 1269 4210 aliter,
1292 4135 1348 4198 sed
1372 4157 1408 4198 ea
1430 4155 1544 4219 paura:
1568 4135 1606 4197 de
1623 4135 1761 4197 maximo

438 4240 541 4295 autem
563 4251 598 4294 re
620 4231 732 4295 eodem
754 4231 864 4307 modo,
894 4231 1000 4295 divina
1027 4241 1132 4295 mente
1154 4240 1247 4315 atque
1270 4239 1381 4293 natura
1404 4229 1554 4292 mundum
1579 4232 1760 4293 universnm

438 4333 533 4408 atque
562 4326 629 4388 eius
660 4326 809 4387 maximas
839 4328 936 4408 partis
965 4326 1184 4390 administrari.
1230 4320 1278 4387 t3.
1310 4326 1471 4387 Materiam
1498 4343 1573 4388 vero
1602 4344 1707 4387 rerum
1729 4333 1761 4387 et

439 4421 561 4502 copiam
583 4418 666 4503 apud
688 4420 747 4483 bos
763 4420 888 4494 exilem,
910 4420 993 4502 apud
1009 4420 1082 4481 illos
1101 4417 1288 4481 uberrimam
1304 4419 1510 4501 reperiemus.
1544 4419 1646 4493 Quam
1662 4420 1760 4482 multa

439 4514 537 4575 abiis
561 4514 736 4596 conquisita
758 4521 790 4576 et
812 4513 943 4576 collecta
972 4522 1046 4576 sunt
1069 4512 1108 4574 de
1130 4513 1270 4576 omnium
1292 4512 1498 4575 animantium
1521 4532 1651 4594 genere,
1678 4520 1759 4584 ortu,

401 4607 603 4681 trimembris,
626 4608 798 4671 aetatibus!
827 4629 921 4689 quam
944 4607 1043 4671 multa
1065 4606 1105 4668 de
1127 4607 1221 4669 rebus
1244 4608 1298 4681 iis,
1324 4626 1405 4688 quae
1428 4606 1600 4687 gignuntur
1621 4627 1638 4668 e
1661 4606 1759 4669 terrai

440 4723 534 4785 quam
564 4702 680 4765 multae
702 4723 860 4787 quamque
888 4703 927 4765 de
950 4701 1043 4764 variis
1066 4703 1159 4765 rebus
1182 4710 1214 4764 et
1235 4722 1363 4776 causae,
1393 4721 1449 4764 cur
1471 4702 1611 4783 quidque
1633 4699 1702 4773 liat,
1731 4709 1762 4762 et

438 4795 739 4870 demonstrationes,
773 4817 868 4879 quem
901 4796 941 4859 ad
972 4796 1100 4858 modum
1129 4795 1270 4879 quidque
1298 4792 1367 4858 fiatl
1401 4813 1464 4878 qua
1492 4815 1532 4856 ex
1560 4795 1645 4856 omui
1669 4794 1762 4876 copia

438 4889 571 4973 plurima
593 4897 626 4951 et
646 4890 820 4953 certissima
842 4899 1025 4972 argumenta
1047 4900 1214 4953 sumuntur
1235 4889 1275 4952 ad
1297 4890 1451 4970 cuiusque
1473 4890 1518 4951 rei
1541 4896 1682 4950 naturam
1706 4908 1761 4949 er-

439 4982 637 5065 plioandam›
664 4983 745 5065 Ergo
767 4983 884 5057 adbuc,
907 4991 1061 5067 quantum
1083 4984 1233 5067 equidem
1255 4985 1419 5067 intellego,
1442 5003 1536 5046 causa
1558 5002 1622 5045 non
1637 4981 1762 5045 videtur

401 5074 538 5139 soluisse
567 5077 710 5141 mutandi
736 5077 890 5141 nominis:
920 5097 985 5141 non
1015 5079 1116 5154 enim,
1145 5080 1173 5142 si
1195 5080 1300 5143 omnia
1321 5099 1385 5142 non
1407 5080 1612 5163 sequebatur,
1641 5075 1760 5139 idcirco

503 5417 527 5466 t.
546 5415 637 5478 tornea]
655 5420 708 5464 tum
724 5415 743 5465 Β
763 5438 789 5451 -
810 5414 834 5464 3.
851 5414 962 5477 perfecto
979 5416 1012 5472 l·3;
1028 5411 1138 5476 perlectis
1154 5416 1213 5466 Β-
1233 5416 1257 5466 8.
1276 5428 1316 5464 res
1332 5427 1385 5464 orn.
1399 5417 1420 5464 Α
1433 5441 1460 5451 -
1479 5415 1553 5478 efficit
1569 5416 1632 5465 AB:
1651 5414 1760 5477 effecito

440 5516 467 5526 —
481 5503 511 5540 ns
522 5503 575 5539 om.
589 5490 672 5539 BE·
694 5491 733 5540 ts.
746 5489 933 5552 consequitarll
944 5514 971 5523 —
991 5488 1030 5538 43.
1044 5496 1078 5539 est
1090 5493 1151 5539 ante
1163 5491 1216 5538 dus
1227 5502 1280 5539 om.
1294 5490 1313 5538 B
1325 5514 1351 5523 -
1372 5490 1411 5538 lb.
1425 5490 1525 5548 ouobic
1536 5491 1571 5547 a;
1590 5490 1686 5553 quetis
1698 5489 1757 5546 BE;

438 5564 730 5627 marcinannus
753 5590 779 5600 -
804 5564 843 5614 46.
861 5577 910 5624 quo
925 5564 999 5612 modo
1015 5566 1051 5613 A:
1075 5566 1126 5625 qod
1144 5564 1164 5612 B
1183 5563 1224 5625 tel.
1244 5565 1259 5627 5
1276 5565 1316 5613 36.
1335 5564 1390 5624 33);
1415 5565 1480 5625 quod
1501 5565 1554 5614 llo
1573 5590 1600 5599 -
1626 5564 1665 5613 ll.
1683 5564 1719 5624 ot]
1736 5569 1760 5613 st

438 5643 504 5692 Ε-
523 5642 563 5692 23.
583 5642 644 5691 eb:
676 5653 729 5690 om.
749 5640 782 5696 B;
801 5638 831 5703 [e]
849 5641 874 5690 ltl
891 5666 923 5676 -
948 5640 989 5690 at.
1007 5639 1119 5703 negotiis]
1142 5652 1186 5688 nse
1207 5641 1267 5688 ociis
1284 5641 1347 5697 ΑΒ;
1374 5646 1397 5689 et
1413 5640 1508 5689 ocitsE
1528 5664 1555 5676 -
1582 5642 1623 5690 25.
1640 5640 1760 5702 possimus

438 5717 500 5767 Ab:
517 5730 647 5781 possennus
663 5716 683 5765 Ο
702 5742 729 5751 -
753 5716 794 5766 26.
812 5727 862 5765 esse
883 5718 943 5777 quic
964 5720 1034 5780 quot.
1054 5716 1072 5764 B
1097 5741 1124 5750 -
1148 5716 1188 5765 28.
1208 5716 1274 5764 rodo
1291 5720 1314 5763 et
1330 5715 1502 5779 intellegentia]
1519 5721 1542 5764 st
1557 5714 1720 5779 intelligendo
1736 5718 1759 5762 ct

438 5794 509 5841 rocio
526 5793 545 5842 B
563 5794 625 5854 (non
643 5793 670 5853 El
691 5818 717 5827 -
737 5792 778 5841 32.
796 5798 872 5853 otque
887 5791 947 5855 eius]
965 5797 988 5841 et
1004 5792 1056 5840 cius
1072 5791 1092 5840 B
1105 5816 1132 5825 -
1152 5790 1192 5840 dl.
1211 5790 1249 5853 tis]
1266 5791 1304 5838 bis
1320 5790 1399 5840 ΑΒΟ
1413 5815 1439 5826 -
1459 5791 1525 5839 omni
1543 5792 1561 5840 B
1576 5816 1602 5825 -
1622 5790 1661 5839 36.
1679 5788 1759 5837 mutto

438 5878 577 5929 equumque
592 5868 671 5918 ABE
690 5894 716 5902 -
735 5867 816 5916 maiis
831 5867 904 5916 rebus
921 5867 1013 5917 ABE:
1031 5866 1103 5914 robus
1118 5865 1199 5914 sortis
1216 5863 1269 5913 lto
1284 5890 1310 5899 -
1329 5865 1450 5927 quidquid
1463 5866 1505 5927 flet
1522 5864 1570 5914 BE
1584 5888 1609 5898 —
1629 5863 1669 5913 37.
1684 5862 1757 5926 pssid-

438 5942 595 6004 qsettota:
615 5942 870 6007 quicqutdpotltlb
888 5942 1079 6005 quoequeflont
1096 5942 1115 5991 0
1135 5966 1162 5976 -
1181 5938 1221 5989 33.
1240 5938 1311 5989 cutm
1327 5940 1364 5989 ret
1380 5939 1409 5990 B.
