4342 7459
694 1248 764 1310 ns.
784 1247 824 1311 n
854 1244 1445 1333 cn.xx1v-xxv.ssae-so.
1689 1246 1731 1314 aa

409 1417 497 1503 qnod
518 1415 643 1501 percipi
662 1424 782 1497 posset.
819 1415 904 1491 Quid
926 1435 1001 1499 ergo
1023 1415 1056 1479 id
1079 1419 1188 1480 esset?
1217 1418 1344 1493 Visum,
1365 1418 1469 1483 medo.
1512 1417 1616 1494 Quale
1636 1417 1734 1501 igitur

405 1514 531 1575 vuum?
554 1512 635 1573 'ium
656 1508 747 1572 illum
768 1510 812 1573 ita
833 1506 1000 1585 delinisse,
1023 1530 1064 1573 cx
1086 1530 1142 1585 eo,
1165 1510 1252 1596 quod
1274 1519 1374 1587 esset,
1396 1511 1477 1577 sicut
1496 1522 1590 1589 esset,
1610 1514 1734 1598 inpres-

407 1626 478 1670 sum
499 1611 533 1669 et
552 1604 712 1687 signatum
728 1609 761 1667 et
775 1604 926 1668 cilicium.
958 1604 1035 1667 Post
1047 1604 1250 1688 requisitum,
1273 1604 1426 1680 etiamne,
1448 1607 1476 1670 si
1491 1606 1634 1671 eiusdem
1647 1607 1734 1673 modi

407 1704 494 1763 esset
515 1699 618 1763 visum
640 1718 767 1773 verum,
789 1698 884 1781 quale
905 1698 956 1762 vei
977 1697 1104 1761 laisum.
1146 1697 1207 1761 Hic
1228 1701 1389 1762 Zenonem
1410 1699 1528 1763 vidisse
1550 1709 1642 1764 acute
1664 1700 1735 1764 nui·

408 1792 473 1855 lum
497 1812 567 1857 esse
589 1791 693 1855 visum
715 1791 803 1876 quod
823 1791 945 1876 percipi
966 1799 1094 1875 posset,
1124 1790 1152 1854 si
1173 1789 1206 1853 id
1229 1792 1291 1855 tale
1315 1791 1459 1856 essetab
1481 1813 1537 1868 eo,
1561 1795 1648 1878 quod
1671 1801 1757 1868 est,o

407 1895 444 1950 ut
469 1887 613 1951 eiusdem
640 1884 728 1949 modi
758 1885 798 1948 ab
829 1906 885 1961 eo,
914 1886 1002 1969 quod
1023 1905 1089 1947 non
1111 1892 1174 1960 est,
1202 1892 1311 1967 posset
1332 1906 1412 1949 esse.
1454 1887 1548 1951 Recte
1573 1889 1736 1952 consensit

407 1981 581 2055 Arcesilam
612 1980 653 2043 ad
682 1975 902 2044 definitionem
931 1979 1092 2044 additum:
1125 1998 1229 2062 neque
1257 1980 1341 2042 enim
1362 1979 1476 2043 laisum
1498 1981 1618 2065 percipi
1639 2002 1734 2065 posse

408 2093 514 2157 neque
535 2092 663 2149 verum,
692 2074 720 2137 si
747 2081 832 2137 esset
860 2074 939 2148 tale,
968 2072 1062 2155 quale
1084 2072 1136 2136 vel
1163 2071 1288 2136 laisum.
1331 2074 1478 2138 Incubuit
1499 2082 1604 2138 autem
1625 2075 1659 2138 in
1681 2096 1735 2140 eas

408 2166 656 2250 disputationes,
684 2175 719 2231 ut
748 2165 875 2229 doceret
899 2166 1023 2231 nullum
1046 2167 1109 2231 tale
1131 2186 1202 2229 esse
1224 2167 1325 2230 visum
1348 2187 1367 2231 a
1388 2187 1480 2242 vero,
1506 2170 1628 2232 utnon
1650 2170 1735 2234 eius-

409 2261 479 2327 dcm
501 2262 589 2326 modi
611 2263 706 2326 etiam
727 2280 748 2323 a
766 2259 847 2323 iaiso
869 2268 978 2344 posset
999 2280 1080 2324 esse.
1123 2258 1174 2323 78.
1195 2261 1283 2325 ilaec
1305 2270 1353 2324 est
1374 2281 1438 2325 una
1459 2264 1629 2338 contentio,
1651 2279 1772 2347 quaeso

408 2356 510 2420 adbuc
540 2355 756 2439 permanserit.
800 2356 880 2417 Nam
909 2352 1005 2427 iilud,
1034 2354 1113 2416 nulli
1143 2356 1189 2418 rei
1219 2355 1428 2419 adsensurum
1457 2375 1527 2420 esse
1549 2357 1733 2440 sapientem,

408 2450 488 2513 nibil
509 2449 550 2513 ad
571 2450 654 2513 banc
676 2448 921 2511 controversiam
943 2447 1131 2531 pertinebat.
1163 2449 1294 2513 Licebat
1315 2449 1400 2513 enim
1421 2448 1502 2512 nibil
1523 2450 1687 2534 percipere
1703 2457 1735 2514 et

409 2552 514 2606 tamen
535 2541 676 2627 opinari,
697 2541 785 2624 quod
807 2560 827 2604 a
849 2539 1010 2604 Carneade
1033 2538 1149 2605 dicitur
1169 2543 1353 2626 probatum:
1375 2542 1523 2626 equidem
1539 2545 1734 2609 Clitomacho

408 2636 479 2719 pius
502 2656 597 2718 quam
619 2635 744 2698 Philoni
765 2640 820 2697 aut
840 2634 1020 2697 Metrodoro
1043 2636 1193 2713 credens,
1214 2637 1275 2700 hoc
1297 2637 1396 2720 magis
1418 2638 1457 2700 ab
1479 2658 1518 2701 eo
1541 2638 1733 2721 disputatum

410 2748 504 2813 quam
527 2729 692 2815 probatum
712 2736 799 2814 puto.
837 2726 899 2791 Sed
920 2728 953 2791 id
976 2728 1166 2793 omittamus.
1202 2730 1284 2796 lliud
1306 2739 1391 2795 certe
1405 2731 1590 2816 opinatione
1610 2738 1643 2796 et
1663 2747 1772 2815 per-ss

409 2824 555 2906 ceptione
576 2822 701 2887 sublata
722 2822 884 2906 sequitur,
912 2822 1053 2885 omnium
1075 2824 1298 2888 adsensionum
1319 2825 1471 2900 retentio,
1500 2834 1552 2902 ut,
1579 2825 1606 2887 si
1629 2833 1735 2889 osten-

410 2916 486 2980 dero
508 2916 589 2980 nibil
610 2937 705 3000 posse
727 2916 867 3001 percipi,
888 2922 922 2978 tu
945 2916 1102 2980 concedas
1123 2939 1297 3002 numquam
1319 2918 1526 2983 adsensurum
1547 2939 1628 2983 esse.
1686 2995 1691 3000 .

492 3010 593 3073 XXV.
615 3007 667 3074 79.
690 3011 776 3086 Quid
799 3030 873 3093 ergo
895 3018 945 3073 est
967 3011 1053 3093 quod
1074 3013 1195 3096 percipi
1216 3014 1334 3096 possit,
1358 3014 1386 3076 si
1407 3033 1448 3076 ne
1470 3034 1583 3077 sensus
1605 3012 1734 3098 quidem

409 3123 484 3168 vera
505 3104 674 3168 nuntianti
698 3125 778 3189 quos
799 3112 850 3177 tu,
873 3103 1022 3179 Luculle,
1045 3106 1203 3168 communi
1224 3106 1294 3169 loco
1316 3105 1478 3171 defendis:
1503 3108 1590 3189 quod
1612 3127 1653 3172 nc
1675 3103 1733 3191 [id]

409 3197 513 3261 lacere
534 3217 664 3281 posses,
685 3198 803 3261 idcirco
826 3197 895 3261 heri
917 3216 982 3259 non
1005 3199 1183 3262 necessario
1205 3198 1277 3263 loco
1300 3208 1411 3264 contra
1431 3219 1543 3264 sensus
1559 3206 1622 3264 tam
1636 3201 1775 3280 multare

409 3291 561 3355 dixeram.
598 3293 647 3354 Tu
669 3300 775 3355 autem
797 3300 829 3355 te
851 3311 949 3374 negas
971 3289 1105 3354 infracto
1127 3311 1215 3356 remo
1238 3313 1343 3377 neque
1364 3294 1529 3358 columbae
1550 3294 1635 3357 collo
1649 3314 1736 3359 com·

409 3385 539 3449 moveri.
575 3385 715 3449 Primum
737 3388 816 3449 curi
838 3388 916 3449 Nam
939 3386 1024 3448 etin
1046 3404 1134 3448 remo
1156 3388 1260 3451 sentio
1282 3407 1347 3450 non
1365 3408 1435 3452 esse
1456 3386 1507 3463 id,
1530 3387 1615 3472 quod
1630 3387 1736 3451 videa·

409 3487 474 3554 tur,
504 3487 537 3542 ei
561 3480 595 3542 in
625 3479 772 3543 columba
800 3479 900 3563 pluris
926 3478 1026 3542 videri
1054 3478 1177 3543 colores
1206 3500 1265 3544 nec
1295 3501 1364 3544 esse
1393 3482 1466 3565 plus
1497 3501 1571 3544 uno.
1613 3481 1735 3545 Deinde

409 3572 531 3637 nibilna
553 3581 719 3657 praeterea
740 3573 902 3637 diximus?
916 3606 959 3620 -
975 3573 1125 3637 Maneant
1146 3574 1202 3638 ilia
1223 3576 1343 3650 omnia,
1366 3575 1520 3657 J[lacerat
1540 3576 1601 3639 ista
1622 3595 1736 3639 causa:

409 3668 527 3731 veracis
556 3687 632 3731 suos
660 3687 731 3729 esse
760 3688 873 3731 sensus
905 3666 1055 3730 dicit-
1084 3667 1185 3750 Igitur
1205 3688 1330 3753 semper
1350 3677 1511 3733 auctorem
1531 3668 1629 3733 babes
1651 3682 1772 3746 eum,se

410 3763 466 3845 qui
495 3781 609 3844 magno
631 3780 690 3824 suo
718 3759 859 3845 periculo
880 3780 1008 3824 causam
1030 3767 1111 3843 agat.
1147 3762 1194 3823 Eo
1217 3763 1302 3825 enim
1323 3781 1390 3826 rem
1412 3761 1549 3827 demittit
1567 3763 1736 3846 Epicurus,

410 3855 437 3917 si
465 3874 549 3917 unus
580 3874 693 3918 sensus
720 3853 817 3917 semel
845 3855 879 3917 in
901 3854 965 3917 vita
987 3855 1135 3917 mentitus
1156 3855 1212 3929 sit,
1240 3854 1320 3918 nulli
1341 3875 1492 3937 umquam
1514 3876 1584 3919 esse
1606 3856 1736 3920 creden·

411 3946 495 4012 dum.
539 3945 591 4011 80.
613 3948 683 4011 lloo
711 3956 761 4012 est
788 3968 897 4011 verum
926 3968 1012 4023 esse,
1042 3944 1201 4011 conlidere
1231 3948 1297 4011 suis
1326 3947 1459 4012 testibus
1481 3949 1504 4031 ᾧ
1526 3956 1558 4012 ei
1578 3949 1737 4033 inportata

474 4200 499 4250 3.
517 4200 626 4263 effictam
643 4199 786 4249 Manutius:
806 4200 919 4262 effectum
935 4201 969 4258 C,
989 4197 1021 4248 cl.
1042 4198 1109 4261 548,
1123 4226 1156 4235 -
1172 4200 1279 4248 etiamne
1294 4199 1316 4247 ri
1332 4199 1439 4248 eimdem
1454 4199 1522 4248 modi
1532 4202 1642 4253 Davies:
1661 4203 1736 4252 ctiam

410 4277 457 4325 abi
472 4275 629 4326 eiusmodic
650 4302 675 4311 -
698 4272 722 4323 i.
740 4274 781 4322 uel
797 4275 871 4337 quote
886 4274 905 4337 s.
926 4273 956 4323 li*
975 4300 1002 4310 -
1028 4276 1051 4323 6.
1070 4280 1098 4323 ut
1115 4288 1168 4323 om.
1188 4272 1277 4324 ABV¹
1296 4301 1323 4310 —
1347 4275 1454 4324 eiiam
1470 4274 1579 4327 Davies:
1597 4279 1686 4329 eiusC
1707 4305 1734 4316 -

410 4352 544 4413 qaodaoa
566 4352 817 4409 ateetporsctessc
838 4351 872 4407 Α,
900 4346 947 4397 sed
969 4348 1468 4410 omdnmuiaiposmeiaras.
1491 4374 1517 4385 -
1543 4353 1733 4402 estomb—

411 4427 434 4475 7.
450 4426 586 4489 priimum
604 4425 632 4473 B¹
652 4448 679 4457 -
704 4423 743 4471 ld.
760 4429 841 4484 posset
858 4423 976 4472 Ernesti:
996 4425 1074 4484 possit
1097 4424 1147 4474 CO
1165 4450 1192 4459 -
1216 4424 1276 4473 iaec
1293 4429 1376 4473 caim
1393 4423 1413 4473 E
1436 4448 1464 4458 -
1491 4422 1530 4474 li.
1545 4425 1651 4486 philioai
1667 4427 1688 4475 V
1706 4451 1734 4461 -

412 4502 449 4549 is.
468 4498 653 4578 oppiaeticnerp
669 4497 703 4558 B,
722 4497 793 4546 idem
811 4504 835 4547 et
847 4512 947 4561 percep.
961 4511 1019 4563 sup.
1034 4497 1078 4548 lin.
1093 4496 1176 4548 habet
1191 4524 1217 4533 -
1236 4499 1276 4547 47.
1295 4498 1330 4561 tu}
1343 4502 1365 4547 te
1379 4495 1496 4547 malebat
1508 4497 1604 4550 Davies
1617 4525 1644 4534 -
1663 4500 1703 4549 48.
1716 4500 1737 4548 si

413 4592 432 4640 V
449 4606 519 4644 corr.
537 4606 570 4642 er
585 4604 611 4640 sc
627 4617 660 4627 -
677 4590 718 4640 te.
729 4591 857 4640 cummuni
872 4588 903 4640 A¹
918 4617 944 4625 .„
963 4591 1055 4640 idom.
1069 4592 1209 4651 Manutius,
1227 4596 1256 4641 tu
1267 4591 1335 4641 coni.
1348 4589 1452 4651 bamba
1471 4603 1625 4653 quanquam
1636 4606 1666 4642 ae
1678 4591 1706 4643 id
1716 4594 1736 4656 s.

409 4680 491 4728 mares
507 4668 577 4716 coni.
596 4663 703 4714 [iurand
721 4666 746 4714 in
767 4677 823 4714 cur.
842 4677 897 4715 sec.
921 4691 945 4700 -
965 4666 1006 4714 ²2.
1025 4680 1091 4727 quur
1107 4666 1128 4714 V
1147 4693 1173 4701 —
1194 4665 1235 4717 si.
1253 4666 1348 4716 lecerat
1365 4667 1428 4715 AV:
1451 4666 1542 4716 iecerat
1558 4668 1590 4727 ss;
1609 4668 1691 4718 iaceat
1702 4668 1735 4727 0;

412 4743 488 4791 loiret
505 4740 538 4800 b,
557 4739 629 4805 quod
646 4739 768 4805 probavit
785 4740 954 4789 licrmannus
973 4754 998 4803 p.
1017 4741 1078 4799 i69;
1099 4741 1206 4790 blaterat
1222 4739 1267 4790 iste
1283 4745 1365 4790 waren
1383 4745 1406 4790 et
1421 4754 1522 4791 caecas
1539 4740 1606 4791 coni.
1626 4742 1737 4802 Davies;

413 4816 471 4866 tort.
489 4815 575 4865 Moero
591 4821 626 4865 cst
642 4815 691 4864 isto
707 4828 793 4863 cuasa.
820 4815 964 4877 Madvigius
976 4816 999 4873 1,
1019 4815 1066 4865 tii
1077 4828 1137 4880 sqq.
1152 4814 1292 4865 lectionem
1308 4815 1404 4875 iaceat,
1424 4819 1452 4864 ut
1469 4818 1511 4867 cst
1526 4819 1552 4865 in
1564 4815 1660 4866 Davisii
1677 4816 1738 4867 cod.

413 4892 491 4953 liegio
509 4892 536 4939 et
553 4888 677 4939 cantabr.
696 4902 750 4940 sec.
767 4902 858 4948 manu,
877 4890 911 4938 ita
923 4889 1134 4939 commendavit:
1155 4892 1237 4940 «Cum
1251 4891 1344 4940 Cicero
1361 4893 1453 4939 contra
1465 4890 1566 4940 Stoicos
1577 4890 1739 4954 disputasset

414 4965 496 5015 allatis
512 4967 689 5028 argumentis,
709 4978 741 5014 er
759 4964 856 5027 quibus
872 4967 1070 5028 perspiceretur
1082 4977 1210 5015 sensuum
1224 4964 1285 5014 visis
1298 4977 1346 5014 nos
1357 4977 1438 5027 saepe
1451 4963 1552 5029 decipi,
1571 4963 1739 5015 adversarios

413 5041 518 5105 ancipiti
535 5037 704 5089 conclusione
721 5042 806 5100 urget.
834 5040 919 5099 Negas
937 5042 961 5086 te
980 5038 1021 5087 bis
1038 5040 1152 5096 moveam
1172 5037 1269 5088 nihilne
1286 5041 1426 5103 praeterea
1444 5038 1579 5089 diximus?
1605 5040 1654 5089 Fac
1672 5041 1739 5090 haec

414 5128 536 5176 manere,
556 5110 721 5163 concedetur
737 5112 803 5162 haec
821 5111 855 5161 de
872 5125 1000 5162 sensuum
1018 5114 1094 5174 quasi
1111 5112 1218 5163 laliaciis
1236 5128 1250 5161 a
1269 5127 1311 5163 me
1324 5114 1394 5162 diota
1407 5127 1459 5163 non
1471 5112 1593 5169 relutari;
1612 5115 1666 5163 inm
1677 5128 1740 5165 con·

414 5190 484 5239 cidct
506 5191 556 5239 ista
578 5201 673 5247 causa;
698 5201 792 5237 verum
813 5190 942 5252 repugnat
959 5186 1142 5247 adversarius;
1165 5201 1260 5238 sensus
1277 5202 1341 5239 suos
1358 5202 1468 5239 veraces
1486 5201 1546 5237 esse
1563 5188 1634 5239 dicit.
1660 5190 1738 5253 Ergo,

414 5267 440 5312 tu
457 5277 518 5313 cum
536 5263 588 5312 hoc
604 5264 684 5321 uicis,
708 5264 801 5313 incidis
819 5264 846 5313 in
863 5264 950 5324 idem,
975 5265 1000 5313 in
1018 5263 1091 5326 quod
1109 5263 1250 5326 Epicurus,
1270 5268 1297 5312 ct
1313 5278 1376 5314 cum
1393 5277 1425 5314 co
1442 5277 1614 5316 communem
1630 5277 1739 5315 causam

414 5338 496 5388 babes
513 5351 609 5400 magno
626 5352 689 5388 sane
707 5352 769 5388 cum
788 5336 930 5401 periculo.»
950 5363 976 5373 -
995 5340 1036 5387 25.
1054 5340 1153 5387 uerear
1168 5351 1212 5387 uos
1228 5351 1280 5387 esse
1295 5338 1317 5388 V
1331 5366 1357 5375 —
1377 5338 1444 5402 dicit]
1463 5342 1537 5388 erant
1554 5340 1600 5403 qui
1616 5339 1741 5402 Epicurus

414 5413 511 5462 addere
530 5411 635 5461 veilent.
657 5439 682 5449 -
701 5413 774 5463 babes
790 5419 813 5463 ct
829 5427 886 5463 eam
902 5414 958 5473 ΑΒ,
979 5414 1049 5462 unde
1069 5414 1172 5476 Madvig
1190 5425 1215 5476 p.
1228 5413 1275 5462 476
1293 5414 1361 5463 coni.
1379 5414 1450 5463 babet
1466 5427 1531 5463 cam.
1558 5413 1683 5464 «Videtur
1695 5411 1739 5462 oli·

414 5501 466 5550 quo
488 5488 568 5538 modo
591 5488 653 5538 ierri
674 5502 754 5553 posse
772 5490 881 5539 mutatio
904 5502 1034 5552 personae
1057 5489 1116 5537 dicit
1128 5486 1225 5536 -icbcs
1243 5488 1323 5550 [prius
1340 5492 1381 5538 est
1398 5490 1469 5539 enim
1487 5489 1622 5538 Ciceronis
1638 5487 1672 5537 de
1690 5487 1740 5537 ad·

415 5565 530 5613 versario
547 5563 685 5625 lingentis,
704 5562 818 5613 alterum
836 5565 911 5627 quasi
928 5563 1036 5627 propius
1053 5561 1205 5613 accedentis
1223 5566 1250 5611 et
1267 5564 1404 5625 urgentisi:
1424 5562 1588 5627 praeferrem
1600 5565 1698 5623 mmen,
1717 5562 1739 5612 si

416 5640 541 5703 scriptum
559 5640 585 5689 in
603 5638 681 5687 codd.
696 5641 768 5688 esset
783 5638 880 5688 iubes.»
894 5663 921 5673 -
941 5640 981 5687 ²6.
1001 5639 1101 5688 dimittit
1118 5640 1207 5688 ΑΒ-
1227 5639 1267 5687 77.
1286 5651 1406 5702 amquam
1423 5642 1457 5697 A,
1475 5636 1524 5688 sed
1540 5651 1584 5686 aaa
1600 5637 1627 5686 in
1644 5650 1697 5687 ras.
1708 5662 1735 5672 -

415 5713 455 5762 aa.
472 5727 559 5763 om
574 5726 625 5762 esse
641 5713 785 5777 Madvigius
803 5714 829 5763 in
847 5713 957 5763 Emend.
978 5715 1001 5774 l,
1022 5714 1067 5763 477
1086 5714 1125 5763 sic
1142 5713 1255 5777 explieat
1272 5718 1301 5764 ut
1316 5726 1390 5764 cerae
1406 5715 1427 5764 is
1445 5712 1547 5762 dentur
1564 5712 1609 5775 qui
1627 5714 1661 5761 sit
1676 5713 1739 5763 sim·

416 5786 475 5851 pier
495 5793 523 5838 et
540 5788 617 5840 nullis
634 5787 667 5837 ad
685 5791 845 5838 sententiam
862 5786 1035 5838 obtinendam
1053 5787 1210 5850 ambagibus
1227 5792 1329 5848 utatur;
1352 5791 1445 5853 postea
1467 5789 1556 5837 umen
1573 5789 1600 5837 in
1617 5801 1660 5852 ep.
1679 5791 1737 5839 crit.

417 5861 450 5911 ad
467 5861 591 5913 Oreliium
610 5878 636 5928 p.
656 5864 703 5914 t³9
720 5877 761 5928 sq.
780 5862 896 5914 malebat
911 5866 995 5914 viram
1011 5878 1074 5924 esre,
1093 5864 1152 5914 tort.
1171 5871 1265 5914 cerium
1281 5877 1332 5913 erse
1349 5888 1377 5899 -
1395 5863 1526 5926 inportata
1543 5863 1631 5913 CGv:
1650 5864 1740 5927 inpor-

418 5941 473 5990 tare
488 5939 570 5992 rEO.
597 5939 664 5999 Quid
681 5937 762 5991 lateat
778 5940 805 5991 in
821 5941 951 6004 scriptura
967 5940 1110 6003 inportata,
1128 5936 1185 5990 aliis
1201 5937 1362 5991 acutioribus
1379 5936 1413 5989 ad
1425 5934 1597 5989 divinandum
1609 5935 1739 6004 relinqui·
