4342 7459
348 5976 368 6022 Χ

437 1216 500 1284 848
673 1317 679 1327 1
767 1216 1088 1290 TUSCULANARUbl
1108 1226 1438 1292 DISPUTATIONUbl

437 1380 542 1446 adbuc
563 1382 721 1447 neminem
744 1385 881 1465 cognovi
902 1392 1028 1467 potitam
1052 1384 1095 1467 (at
1114 1388 1191 1450 milri
1210 1386 1272 1452 tuit
1286 1407 1357 1450 cum
1372 1387 1512 1471 Aquinio
1527 1383 1687 1467 amicitia),
1709 1386 1765 1471 qui

438 1475 498 1540 sibi
521 1496 585 1540 non
599 1483 746 1559 optamus
761 1478 938 1554 rideretur3
962 1482 1006 1544 sic
1021 1502 1055 1544 se
1070 1501 1122 1544 res
1136 1481 1248 1546 habet:
1265 1489 1295 1545 te
1311 1489 1375 1556 tua,
1390 1502 1441 1544 me
1458 1480 1619 1545 delectant
1632 1500 1703 1545 mea
1714 1503 1766 1543 -s

439 1569 495 1633 sed
522 1579 558 1636 ut
585 1570 625 1634 ad
652 1571 838 1657 Dionysium
869 1573 1053 1648 redeamus,
1081 1576 1168 1638 omni
1199 1575 1285 1639 cultu
1313 1584 1345 1639 et
1366 1577 1450 1639 rictu
1473 1577 1611 1639 humano
1632 1574 1768 1639 carebat.

438 1663 573 1728 Vivebat
602 1685 674 1729 cum
699 1666 855 1749 fugitivis,
889 1690 960 1732 cum
988 1668 1193 1744 facinerosis,
1220 1690 1292 1732 cum
1319 1669 1477 1733 barbaris:
1511 1670 1681 1744 nemiuem,
1712 1671 1768 1754 qui

414 1753 660 1822 anatthemate
682 1758 797 1844 diguus
819 1771 905 1825 esset
925 1770 980 1827 aut
1001 1763 1095 1826 vellet
1117 1765 1246 1827 omniuo
1268 1764 1348 1827 liber
1369 1785 1455 1839 esse,
1481 1762 1541 1827 sibi
1564 1765 1698 1828 amicum
1721 1784 1771 1827 ar-

437 1849 620 1915 bitrabatur.

523 1946 641 2009 Xlllll.
663 1944 714 2010 ot.
744 1949 816 2012 Non
844 1969 903 2032 ego
934 1953 995 2015 iam
1024 1971 1095 2015 cum
1125 1950 1219 2015 buius
1241 1954 1320 2027 vita,
1349 1974 1412 2035 qua
1440 1953 1585 2027 taetrius,
1614 1954 1771 2027 miserius,

376 2041 382 2053 “
440 2035 659 2104 detestabilius
682 2044 862 2126 excogitare
885 2045 962 2109 nihil
984 2066 1130 2128 possum,
1152 2046 1291 2128 Platonis
1312 2056 1369 2110 aut
1389 2047 1546 2131 Archytae
1570 2047 1664 2110 vitam
1686 2068 1772 2112 com-

439 2133 569 2215 parabo,
591 2133 756 2200 doctorum
778 2137 940 2203 hominum
956 2148 988 2203 et
1002 2139 1097 2222 plana
1112 2140 1321 2223 sapientium:
1344 2161 1385 2203 ex
1399 2140 1508 2204 eadem
1524 2140 1602 2204 urbe
1618 2141 1772 2204 humilem

401 2225 666 2292 sohomunculum
695 2248 714 2293 a
744 2231 875 2313 pulvere
903 2240 936 2296 et
962 2234 1051 2296 radio
1073 2234 1234 2307 excitabo,
1265 2236 1319 2319 qui
1348 2235 1456 2298 multis
1486 2235 1577 2298 annis
1601 2243 1675 2317 post
1699 2232 1772 2308 fuit,

437 2319 670 2386 Archimedem.
705 2323 800 2388 Cuius
831 2345 891 2409 ego
920 2336 1072 2411 quaestor
1099 2327 1276 2410 ignoratum
1299 2325 1339 2391 ab
1362 2328 1584 2412 Syracusanis,
1607 2347 1677 2391 cum
1700 2348 1772 2391 esse

439 2414 567 2479 omniuo
589 2426 755 2498 negarent,
784 2428 927 2504 saeptum
950 2422 1091 2505 undique
1117 2430 1149 2485 et
1171 2422 1317 2485 vestitum
1339 2422 1489 2504 vepribus
1510 2430 1541 2484 et
1563 2421 1700 2484 dumetis
1723 2422 1772 2483 iu-

439 2507 551 2591 dagavi
581 2511 794 2594 sepulchrum.
836 2514 996 2578 Teneham
1025 2515 1109 2578 euim
1135 2515 1290 2599 quosdam
1320 2516 1510 2589 senariolos,
1542 2534 1624 2599 qnos
1645 2517 1678 2578 in
1700 2515 1772 2578 eius

441 2611 645 2667 monumento
667 2626 737 2669 esse
759 2606 928 2691 inscriptos
950 2628 1152 2691 acceperam,
1177 2610 1232 2694 qui
1256 2609 1458 2672 declarabant
1478 2611 1509 2672 in
1526 2630 1649 2673 summo
1666 2608 1773 2692 sepul-

402 2694 516 2758 thchro
538 2697 704 2781 sphaeram
727 2720 797 2763 esse
820 2704 953 2784 positam
975 2723 1047 2766 cum
1071 2702 1226 2785 cylindro.
1262 2702 1313 2766 65.
1336 2706 1404 2786 Ego
1427 2711 1550 2777 autem,
1572 2724 1644 2768 cam
1664 2703 1773 2767 omnia

440 2793 667 2860 conlustrarem
690 2798 850 2861 oculis-
869 2807 918 2861 est
939 2799 1023 2861 enim
1046 2797 1085 2859 ad
1109 2806 1216 2879 portas
1239 2798 1431 2881 Agragianas
1458 2818 1571 2881 magua
1591 2795 1775 2880 frequentia

439 2889 680 2971 sepulchrorum
695 2926 752 2966 -,
775 2892 914 2955 animum
937 2891 1059 2955 adverti
1083 2890 1284 2954 columellam
1307 2911 1372 2953 non
1395 2891 1526 2954 multum
1543 2909 1561 2952 a
1576 2891 1680 2953 dumis
1695 2890 1774 2951 emi·

439 2990 581 3058 nentem,
604 2986 636 3047 in
658 3006 722 3068 qua
744 2987 845 3049 iuerat
866 2986 1018 3068 sphaerae
1040 2986 1142 3067 figura
1164 2994 1196 3047 et
1218 2984 1363 3068 cylindri.
1396 2989 1500 3068 Atque
1516 3003 1575 3065 ega
1594 2981 1698 3045 statim
1715 2984 1774 3067 Sy·

439 3079 602 3141 racusanis
617 3112 659 3126 -
673 3089 762 3143 eraut
775 3088 880 3143 autem
898 3082 1057 3165 principes
1073 3099 1196 3142 mecum
1215 3114 1251 3126 -—
1266 3080 1333 3141 dixi
1350 3099 1399 3141 mc
1415 3078 1492 3141 illud
1508 3079 1610 3162 ipsum
1626 3077 1773 3141 arbitrari

401 3177 510 3234 ”esse
532 3173 618 3255 quod
641 3194 837 3256 quaererem.
878 3176 1001 3238 lnmissi
1023 3195 1096 3236 cum
1118 3173 1251 3236 falcibus
1274 3173 1362 3235 multi
1393 3180 1565 3255 purgarunt
1588 3178 1619 3233 et
1641 3189 1774 3253 aperue-

439 3272 514 3327 runt
544 3265 658 3329 locum.
696 3266 748 3330 66.
773 3268 846 3343 Quo
869 3290 941 3332 cum
968 3268 1144 3353 patefactas
1166 3276 1250 3330 esset
1272 3267 1392 3341 aditus,
1422 3268 1461 3329 ad
1484 3266 1648 3330 adversam
1670 3265 1772 3327 basim

439 3360 638 3423 accessimus.
671 3363 851 3446 Apparebat
872 3364 1064 3446 epigramma
1087 3362 1191 3425 exesis
1218 3361 1448 3443 posterioribus
1469 3360 1611 3442 partibus
1633 3356 1773 3421 versica-

439 3454 542 3517 lorum
572 3454 742 3519 dimidiatis
772 3456 849 3520 iere.
891 3460 939 3520 lta
965 3457 1164 3519 nobilissima
1186 3455 1336 3518 Graeciae
1364 3456 1488 3528 civitas,
1514 3451 1676 3537 quondam
1698 3471 1772 3515 raro

440 3550 535 3613 etiam
558 3551 756 3622 doctissima,
779 3553 829 3614 sui
851 3552 929 3615 civis
949 3552 1044 3614 unius
1058 3552 1233 3614 acutissimi
1247 3558 1485 3613 mouumentum
1500 3549 1686 3631 ignorasset,
1708 3546 1771 3609 uisi

402 3643 481 3705 ”ab
506 3644 636 3707 homine
658 3645 802 3726 Arpinati
825 3644 1000 3708 didicisset.
1036 3644 1098 3706 Sed
1128 3644 1236 3707 redeat
1257 3644 1342 3705 unda
1364 3640 1525 3706 aberravit
1547 3641 1660 3704 oratio.
1691 3640 1773 3716 Quis

441 3745 491 3799 est
512 3738 668 3812 omnium,
699 3740 755 3823 qui
780 3740 873 3804 modo
895 3760 966 3802 cum
988 3740 1105 3813 blusis,
1135 3738 1166 3801 id
1190 3746 1238 3802 est
1258 3758 1329 3801 cum
1352 3737 1545 3800 humanitate
1568 3740 1692 3799 etcum
1716 3735 1773 3799 do·

441 3830 558 3906 ctrina,
585 3832 702 3895 haheat
730 3833 861 3917 aliquod
889 3834 1130 3907 commercium,
1160 3833 1215 3917 qui
1243 3853 1278 3895 sc
1307 3852 1371 3895 non
1400 3831 1485 3893 hunc
1516 3829 1771 3894 mathematicum

441 3925 531 3988 malit
552 3946 648 4008 quam
673 3927 762 3989 illum
792 3931 982 4011 tyrannum?
1016 3927 1048 3990 Si
1071 3929 1154 3991 vitae
1183 3928 1312 3990 modum
1334 3926 1556 4008 actionemque
1580 3926 1774 4008 quaerimus,

441 4020 572 4083 alterius
594 4040 682 4084 mens
705 4022 880 4084 rationibus
901 4022 1059 4104 agitandis
1081 4020 1354 4104 exquirendisque
1376 4019 1522 4081 alebatur
1543 4038 1615 4080 cum
1634 4018 1775 4081 oblecta·

402 4114 527 4177 ³⁰tione
550 4114 725 4189 sollertiae,
754 4116 809 4198 qui
832 4124 984 4178 estuans
1006 4115 1212 4178 suavissimus
1234 4121 1341 4198 pastus
1365 4114 1554 4186 animorum,
1587 4114 1720 4176 alterius
1742 4114 1773 4176 in

441 4207 538 4272 caede
561 4216 594 4271 et
615 4210 648 4269 in
665 4210 787 4272 iniuriis
810 4230 882 4273 cum
905 4217 937 4272 et
958 4208 1073 4272 diurno
1097 4219 1129 4273 ct
1151 4217 1305 4272 nocturno
1323 4215 1418 4270 metu.
1452 4211 1518 4290 Age
1534 4206 1643 4270 confer
1658 4208 1775 4269 Demo·

442 4302 565 4375 critum,
581 4303 799 4385 Pythagoram,
816 4306 1051 4385 Anaxagoramz
1077 4323 1159 4386 quaa
1175 4322 1282 4383 regna,
1298 4322 1377 4386 quas
1395 4322 1473 4384 opes
1488 4300 1601 4364 studiis
1617 4321 1727 4363 corum
1743 4310 1776 4364 et

442 4396 708 4460 delectationibus
731 4400 928 4481 antepones?
963 4394 1013 4457 67.
1036 4398 1160 4460 Etenim
1184 4416 1266 4477 quae
1289 4416 1361 4478 pars
1380 4405 1507 4478 optuma
1524 4404 1573 4458 est
1588 4396 1621 4457 iu
1637 4395 1775 4471 bomine,

445 4535 1773 4571 -...--—-—-—-———-b-——-—-——.-

509 4662 532 4708 4.
551 4659 649 4723 Aquino
667 4660 686 4709 0
705 4685 732 4694 -
753 4658 776 4708 3.
796 4659 937 4719 dyonisium
953 4660 1002 4709 Gli
1023 4683 1049 4694 -
1072 4657 1097 4710 4.
1114 4658 1262 4718 Ιαοίηονοείε
1279 4658 1328 4708 440
1349 4683 1375 4695 -
1396 4658 1420 4708 8.
1439 4658 1559 4719 archntas
1574 4658 1642 4708 uitae
1657 4658 1738 4709 uitam
1756 4662 1775 4710 6

444 4734 500 4798 (sed
518 4736 545 4784 in
562 4735 581 4783 B
599 4735 668 4784 aitae
680 4732 824 4784 delendum
838 4732 1008 4797 significatur]
1024 4759 1049 4768 -
1070 4733 1109 4781 ti.
1123 4738 1219 4795 septam
1237 4734 1285 4782 Gli
1301 4759 1327 4769 —
1348 4733 1388 4782 th.
1407 4746 1451 4796 eqo
1468 4733 1555 4782 dacem
1571 4747 1629 4783 carn
1646 4735 1777 4784 omnia·-

442 4815 531 4874 partas
548 4810 661 4860 Gaianas
677 4810 776 4859 Nonius
794 4823 820 4872 p.
834 4809 891 4859 335.
909 4835 935 4844 -
956 4808 996 4857 46.
1014 4809 1079 4857 enirn
1097 4813 1200 4870 apertas
1217 4809 1275 4858 C·
1298 4810 1456 4872 agragianas
1468 4810 1502 4859 C:
1521 4808 1709 4858 Achradinaso
1728 4822 1777 4858 «ex

443 4885 527 4937 Ursini
544 4884 650 4944 codice,
668 4885 685 4933 i.
704 4897 728 4933 e.
748 4886 911 4934 contectura.
938 4881 1024 4933 Malim
1043 4884 1077 4932 ita
1096 4882 1189 4944 scribi,
1208 4886 1237 4933 ut
1253 4884 1279 4933 in
1292 4883 1351 4933 cod.
1365 4884 1512 4947 archetypo
1524 4883 1584 4942 tuit,
1603 4884 1776 4948 Agraqianas.

443 4962 536 5024 Neque
558 4960 630 5009 enim
647 4958 793 5009 admodum
810 4960 867 5009 veri
888 4956 973 5009 simile
992 4960 1033 5007 est
1049 4959 1088 5009 sic
1104 4959 1260 5008 Achradinas
1281 4960 1307 5009 in
1324 4960 1509 5023 antiquissimo
1526 4958 1619 5008 codice
1637 4971 1697 5008 esse
1715 4971 1778 5007 cor·

443 5039 561 5098 ruptam,
575 5047 662 5097 neque
676 5033 751 5083 lacile
765 5047 799 5084 en
810 5034 954 5084 Achradina
967 5033 1011 5094 (de
1024 5045 1077 5094 qua
1092 5034 1283 5095 Syracusarum
1297 5036 1372 5098 parte
1386 5045 1463 5083 muro
1478 5034 1565 5082 cincta
1582 5032 1616 5084 cl.
1630 5034 1685 5083 Cic.
1700 5033 1775 5083 verr.

443 5109 483 5171 lv,
495 5110 551 5159 449.
566 5110 618 5159 liv.
632 5108 720 5168 lllllV,
733 5110 765 5158 ti
777 5120 837 5172 sqq.
850 5108 926 5167 XXV,
939 5107 971 5158 il
983 5108 1053 5170 sqq.)
1068 5105 1228 5157 adiectivum
1241 5108 1397 5157 Achradinae
1407 5107 1463 5157 lieri
1482 5108 1567 5171 potuit
1579 5108 1640 5169 (liv.
1654 5108 1732 5169 XXV,
1745 5110 1777 5159 45

444 5185 640 5236 Achradinae
654 5189 756 5246 portas,
786 5196 838 5233 non
855 5183 1023 5243 Achradinas,
1042 5181 1069 5230 34
1088 5183 1170 5243 portis
1185 5182 1398 5244 Achradinae)
1416 5194 1504 5245 neque
1521 5194 1575 5230 ana
1591 5182 1725 5245 quaedam
1744 5196 1776 5233 er

444 5256 564 5325 pluribus
586 5258 751 5308 Achradinae
771 5259 854 5322 portis
874 5261 935 5322 apte
953 5258 991 5307 sic
1009 5257 1068 5307 dici.
1096 5258 1257 5322 Aqraqianas
1274 5258 1360 5322 ipsum
1378 5270 1473 5307 verum
1489 5257 1523 5306 sit
1539 5269 1573 5305 an
1590 5254 1660 5306 aliud
1678 5255 1777 5320 aliquid

445 5335 525 5385 lateat
542 5333 695 5393 (Lambinus
712 5335 828 5384 coniecit
845 5334 980 5395 adportas
996 5334 1181 5397 Acraqanas
1201 5334 1217 5382 i.
1236 5347 1260 5383 e.
1280 5335 1315 5383 ad
1331 5338 1502 5395 compertam
1518 5332 1776 5396 [portas=portarn,

445 5408 478 5461 ci.
493 5416 609 5473 portae
625 5410 739 5469 Ciliciae,
764 5409 882 5470 Caspiae,
904 5404 1014 5470 ailad,
1042 5422 1095 5472 qua
1111 5410 1156 5457 oia
1172 5414 1228 5458 erat
1244 5410 1277 5458 ad
1293 5411 1470 5473 Aqriqentum,
1496 5407 1776 5458 Camerarius'usitata

445 5486 568 5538 adieetivi
585 5484 669 5535 torma
686 5485 895 5547 Acraqantinas),
914 5484 1039 5548 equidem
1059 5486 1084 5533 in
1103 5484 1191 5533 medio
1208 5482 1355 5547 relinquo.»
1371 5485 1414 5533 W.
1431 5511 1457 5520 -
1479 5484 1517 5533 tl.
1530 5483 1697 5532 animadverti
1713 5483 1733 5532 0
1748 5510 1775 5519 -

446 5563 487 5615 itt.
505 5564 587 5623 ipsren
602 5561 664 5609 iliad
681 5561 700 5610 0
721 5585 748 5596 -
773 5561 812 5609 40,
832 5561 929 5609 inmissi
945 5560 1010 5624 man]
1028 5562 1055 5609 in
1070 5561 1194 5609 musicam
1212 5562 1230 5609 C
1251 5586 1278 5595 -
1303 5561 1343 5609 44.
1359 5559 1515 5621 patriacham
1531 5560 1581 5608 644
1601 5584 1627 5593 -
1651 5557 1735 5606 aditus
1751 5558 1777 5606 ln

445 5650 537 5688 rasura
556 5635 638 5685 hahet
655 5638 674 5685 G
694 5661 720 5670 -
740 5635 831 5684 hesdin
847 5638 897 5686 Gli
916 5662 943 5671 -
962 5635 1003 5685 2³.
1022 5634 1171 5698 dimidiatis]
1195 5636 1307 5698 primam
1330 5633 1459 5697 syllabam
1478 5633 1524 5698 (di)
1541 5635 1568 5684 in
1585 5645 1677 5683 rasura
1696 5631 1777 5681 hahet

446 5715 479 5772 44,
502 5712 550 5762 sed
569 5712 665 5760 eadem
684 5723 718 5761 m.
740 5736 768 5747 ·-
790 5712 832 5760 25.
850 5711 967 5772 Arpinati
986 5712 1017 5760 W
1042 5708 1114 5773 (coll.
1133 5709 1147 5771 g
1165 5708 1205 5758 74.
1232 5712 1308 5771 legg.
1327 5710 1351 5768 l,
1370 5708 1393 5759 4.
1413 5709 1447 5758 ad
1465 5710 1494 5769 0.
1514 5708 1545 5759 ir.
1565 5709 1610 5764 lll,
1630 5709 1653 5755 4.
1672 5705 1718 5757 ubi
1737 5711 1778 5757 ter

445 5788 564 5851 legiturit
581 5787 703 5848 Arpinate
720 5786 783 5836 CO.
803 5785 868 5835 Vide
886 5787 966 5835 etiam
985 5785 1019 5835 ad
1037 5785 1068 5834 444
1087 5784 1102 5846 s
1119 5783 1143 5833 ³.
1159 5810 1186 5819 -
1205 5783 1308 5832 reddeat
1325 5785 1345 5833 44
1362 5785 1390 5843 et
1407 5784 1545 5847 (expuncta
1564 5774 1653 5847 priore
1670 5784 1694 5844 d)
1713 5783 1732 5831 6
1748 5809 1775 5818 -

445 5862 487 5911 49.
506 5862 737 5924 eaquaerendisqae
754 5862 783 5911 lit
796 5885 824 5897 -
843 5859 886 5911 34.
904 5862 931 5910 in
942 5860 996 5911 duo
1008 5860 1087 5912 codd.
1100 5860 1277 5911 oxonienses:
1297 5871 1350 5910 om.
1365 5859 1414 5909 CO
1428 5884 1456 5897 -
1475 5858 1516 5908 33.
1529 5858 1556 5908 in
1574 5859 1672 5908 homine
1682 5882 1697 5893 -
1707 5882 1721 5894 -
1733 5870 1778 5907 ne-

445 5949 509 5989 cesse
525 5942 561 5988 est
575 5949 630 5988 om.
652 5939 697 5988 Gt.
