4342 7459
448 1247 539 1313 286.
727 1244 730 1249 ¹
764 1252 1099 1318 'tuscunsnnntttt
1120 1249 1450 1316 DlSPllTATIONUhl

448 1408 607 1484 dolorem,
630 1410 693 1473 sint
714 1429 839 1493 semper
860 1410 965 1473 omnia
986 1410 1109 1473 homini
1131 1410 1269 1494 humana
1285 1410 1441 1474 meditata.
1476 1411 1516 1472 Et
1533 1411 1680 1476 nimirum
1696 1412 1777 1478 haec

447 1511 495 1566 est
517 1504 571 1567 illa
593 1512 755 1587 praestans
779 1511 810 1566 et
832 1504 937 1566 divina
960 1505 1116 1586 sapientia
1138 1512 1170 1567 et
1192 1512 1354 1587 perceptas
1378 1505 1552 1586 penituset
1571 1514 1777 1588 pertractatas

446 1618 496 1660 res
518 1597 671 1660 humanas
692 1597 826 1671 hahere,
849 1598 928 1660 nihil
944 1597 1092 1661 admirari
1107 1619 1179 1660 cum
1194 1599 1361 1671 acciderit,
1385 1598 1464 1660 nihil
1478 1606 1569 1673 ante,
1592 1620 1688 1684 quam
1703 1621 1779 1665 eve·

446 1692 543 1764 uerit,
567 1712 629 1754 nun
654 1691 780 1753 evenire
802 1710 897 1773 posse
919 1692 1072 1754 arhitrari.

421 1799 436 1842 s
532 1785 651 1860 Quam
679 1785 834 1847 obrem
863 1787 1010 1859 omnis,
1032 1805 1116 1847 eum
1145 1783 1345 1848 secundae
1374 1806 1436 1848 res
1467 1793 1559 1848 sunt
1580 1806 1778 1863 maxume,

1006 1887 1087 1941 tum
1110 1898 1298 1943 maxume

530 1971 713 2035 Meditari
736 1992 869 2034 secum
892 1980 1072 2053 oportet,
1097 1992 1172 2054 qno
1193 1973 1777 2053 pactoadversamacrumnam

1004 2064 1152 2129 lerant.

530 2158 706 2232 Pericle,
730 2157 866 2221 damna
888 2180 1054 2241 peregre
1077 2160 1240 2222 rediens
1264 2179 1421 2241 semper
1449 2179 1586 2222 secum
1614 2162 1777 2241 cogitet,

528 2255 599 2316 Aut
621 2252 684 2315 titi
706 2260 910 2334 peccatum
932 2264 999 2315 aut
1021 2255 1152 2316 uxoris
1175 2261 1341 2316 mortem
1363 2263 1429 2316 aut
1452 2254 1627 2316 morbum
1649 2253 1777 2329 tiliae,

530 2347 752 2411 Communia
781 2368 867 2410 esse
894 2347 1003 2421 haee,
1030 2367 1074 2409 ne
1101 2346 1196 2429 quid
1229 2349 1366 2409 horum
1399 2367 1581 2432 umquam
1612 2348 1777 2412 accidat

1003 2460 1130 2503 animo
1152 2461 1311 2503 novum:

407 2555 435 2601 so
530 2534 738 2618 Quicquid
761 2543 920 2618 praeter
940 2555 1046 2616 spem
1070 2534 1251 2607 eveniat,
1274 2554 1381 2597 omne
1404 2535 1442 2596 id
1467 2533 1666 2618 deputare
1689 2556 1775 2599 esse

1002 2629 1041 2689 in
1064 2628 1193 2691 lucro.

527 2720 595 2782 XV.
617 2716 668 2781 31.
691 2721 775 2803 Ergo
796 2721 857 2783 hoc
872 2723 1038 2783 Terentius
1061 2741 1079 2783 a
1103 2720 1304 2803 philosophia
1326 2728 1484 2804 sumptum
1508 2742 1579 2783 cum
1603 2729 1667 2785 tam
1689 2742 1776 2786 eom·

443 2814 534 2877 mode
557 2814 685 2888 dixerit,
711 2835 785 2887 nos,
814 2834 990 2897 equorum
1014 2815 1155 2877 lontibus
1177 2812 1209 2875 id
1233 2814 1378 2877 haustum
1402 2822 1468 2886 est,
1491 2833 1555 2877 non
1579 2822 1610 2876 et
1632 2816 1775 2879 dicemus

441 2909 502 2971 hoc
533 2907 644 2970 melius
671 2916 702 2971 et
731 2910 925 2971 constantius
954 2909 1149 2971 sentiemus?
1179 2909 1238 2970 Hic
1261 2916 1310 2970 est
1331 2907 1416 2970 enim
1442 2908 1495 2970 ille
1518 2908 1623 2973 voltus
1645 2928 1775 2990 semper
1826 2900 1830 2905 ’

441 3004 539 3076 idem,
563 3021 655 3085 quem
683 3002 797 3065 dicitur
820 3004 999 3087 Xanthippe
1022 3001 1207 3084 praedicare
1229 3002 1322 3064 solita
1348 3002 1379 3063 in
1403 3002 1472 3064 viro
1494 3022 1553 3065 suo
1575 3001 1674 3065 luisse
1699 2998 1773 3085 [So-

404 3092 554 3181 sscrate],
586 3096 698 3159 eodem
726 3115 852 3177 semper
874 3117 908 3159 se
930 3096 1046 3160 vidisse
1074 3104 1244 3159 exeuntem
1267 3095 1355 3158 illum
1380 3094 1475 3158 domo
1498 3103 1530 3157 et
1551 3103 1772 3160 revertentem.

439 3194 504 3254 Nec
526 3210 603 3253 veru
627 3210 663 3253 ea
695 3189 780 3253 huns
804 3198 887 3264 erat,
917 3210 998 3274 quae
1022 3193 1062 3252 Μ.
1088 3190 1190 3253 Crassi
1213 3190 1300 3251 illius
1322 3189 1455 3262 veteris,
1486 3210 1582 3271 quem
1604 3187 1705 3250 semel
1727 3189 1773 3252 ait

439 3286 470 3347 in
494 3286 579 3348 omni
602 3287 664 3347 vita
687 3284 793 3347 risisse
817 3284 974 3357 Lucilius,
997 3284 1053 3347 sed
1076 3283 1245 3366 tranquilla
1262 3291 1295 3346 et
1315 3303 1446 3359 serena3
1471 3284 1516 3346 sic
1539 3282 1624 3346 enim
1646 3283 1772 3365 accepi·

439 3401 520 3443 mus.
556 3381 626 3443 lure
648 3387 753 3441 autem
778 3386 846 3440 erat
860 3396 984 3461 semper
998 3378 1081 3440 idem
1099 3377 1217 3451 vultus,
1241 3397 1312 3440 cum
1328 3380 1453 3450 mentis,
1476 3398 1493 3440 a
1510 3397 1574 3460 qna
1589 3378 1615 3439 is
1632 3373 1772 3460 lingitur,

439 3475 526 3537 nulla
553 3474 645 3536 tieret
675 3472 815 3534 mutatio.
856 3471 927 3545 Qua
954 3492 989 3534 re
1014 3472 1138 3553 accipio
1164 3471 1312 3553 equidem
1334 3491 1353 3533 a
1377 3471 1558 3555 Cyrenaicis
1580 3471 1660 3534 haec
1682 3491 1771 3535 arma

400 3574 547 3631 incontra
578 3585 670 3628 casus
702 3572 733 3627 et
766 3572 914 3637 eventus,
946 3564 1061 3647 quihus
1091 3585 1199 3627 eorum
1229 3564 1434 3627 advenientes
1462 3566 1598 3648 impetus
1620 3565 1771 3629 diuturna

438 3660 718 3744 praemeditatione
741 3657 935 3739 frangantur,
958 3657 1117 3740 simulque
1139 3656 1245 3719 iudico
1268 3658 1384 3720 malum
1406 3658 1486 3721 illud
1507 3659 1666 3741 opinionis
1687 3679 1770 3741 esse,

438 3774 501 3816 non
525 3762 675 3827 naturac3
699 3752 833 3814 sienim
857 3751 888 3813 in
911 3771 944 3812 re
967 3758 1066 3824 asset,
1090 3771 1146 3813 cur
1168 3747 1278 3813 fierent
1300 3752 1426 3833 provisa
1447 3750 1591 3815 leviora?
1627 3748 1679 3814 32.
1703 3753 1767 3817 Sed

500 4072 526 4120 i.
545 4074 568 4119 st
585 4070 646 4118 ante
659 4071 791 4129 perceptus
807 4077 861 4116 om.
878 4065 1019 4115 Manutius.
1034 4091 1060 4100 -
1080 4065 1105 4115 3.
1123 4065 1247 4114 humanos
1262 4067 1338 4116 reso
1360 4094 1385 4105 -
1406 4068 1542 4116 ammirari
1558 4067 1607 4117 uti
1627 4092 1655 4103 -
1674 4068 1700 4117 6.
1720 4069 1769 4117 od·

435 4141 1065 4202 uersumli-ernmnomC-t.pnicutcC
1088 4168 1114 4176 -
1139 4141 1265 4204 &attic
1287 4141 1768 4205 -tt.hoacG¹-cum]comsu-

435 4233 535 4285 perscr.
554 4233 572 4267 n
589 4221 623 4276 ῦς
647 4216 698 4267 del.
719 4217 835 4268 Ursinus.
857 4242 882 4251 -
910 4214 948 4265 tt.
967 4220 1094 4264 sonatum
1115 4216 1157 4272 (3¹,
1181 4219 1295 4263 socraten
1318 4216 1349 4263 Ga
1367 4217 1411 4274 (m.
1430 4214 1560 4277 antiqua),
1584 4223 1708 4266 socratem
1731 4220 1765 4275 ti:

433 4301 530 4345 mats
546 4306 622 4343 erasa
640 4295 700 4356 post
716 4305 729 4341 s
746 4290 830 4340 littera
849 4292 882 4344 B:
902 4289 999 4340 delevit
1016 4290 1085 4341 Bake
1104 4287 1120 4337 Ι.
1140 4288 1156 4337 Ι.
1176 4302 1202 4351 p.
1221 4288 1261 4335 ΙΙΙ.
1281 4289 1409 4337 Socratem
1426 4288 1530 4339 videtur
1547 4289 1634 4353 glossa
1646 4291 1680 4341 ad
1695 4292 1768 4342 ittam

434 4371 538 4424 addita;
558 4371 646 4429 itaque
665 4380 761 4416 nomen
780 4365 946 4416 seclusimus.
968 4393 995 4401 -
1016 4366 1055 4414 te.
1075 4366 1110 4414 ΙΙ.
1129 4376 1183 4413 om.
1203 4363 1261 4411 G¹B
1281 4392 1307 4400 -
1326 4364 1365 4412 te.
1384 4366 1439 4425 tisri
1456 4367 1486 4415 G¹
1499 4368 1525 4414 et
1542 4378 1676 4428 superscr.
1689 4366 1767 4425 suerit

434 4448 452 4496 B
472 4473 498 4483 -
519 4447 618 4508 quidem
634 4444 663 4491 G¹
683 4468 709 4476 -
729 4443 769 4491 tt.
788 4441 925 4503 frangetur
942 4439 970 4489 ΙΙΙ
989 4468 1015 4476 -
1035 4440 1131 4487 motam
1147 4438 1209 4485 iliud
1228 4438 1407 4500 (aegritudinis
1425 4437 1465 4488 vel
1482 4439 1555 4501 qnod
1571 4438 1766 4502 aegritudinem

434 4521 517 4581 allert)
536 4520 737 4582 apinianicae,
755 4531 805 4565 non
822 4515 938 4578 omarus]
958 4516 1012 4565 act.
1032 4513 1105 4577 §tlt
1126 4514 1169 4562 Est
1185 4526 1281 4561 conso
1297 4514 1377 4561 omnis
1394 4513 1579 4578 (aegritudinis)
1596 4515 1624 4563 in
1640 4516 1765 4576 nemone.

433 4597 464 4661 55
482 4597 521 4646 tt.
541 4597 585 4644 65:
608 4594 677 4643 Vides
693 4593 816 4653 opinionis
833 4604 895 4649 esse,
919 4605 968 4639 non
985 4595 1095 4638 naturae
1111 4590 1232 4636 matum.
1263 4588 1278 4651 5
1296 4588 1339 4636 ll:
1363 4602 1412 4637 non
1430 4590 1460 4638 in
1476 4596 1586 4650 muro,
1607 4590 1693 4639 sedin
1709 4590 1768 4652 opi-

433 4674 504 4721 nions
524 4683 574 4720 essa
596 4668 785 4731 namnudincm.
813 4665 828 4729 5
846 4666 889 4716 80:
910 4666 1028 4726 quicquid
1044 4670 1104 4713 esset
1126 4664 1153 4710 in
1169 4662 1327 4725 aegritudine
1342 4664 1431 4724 moli,
1456 4665 1487 4712 id
1503 4678 1554 4714 non
1570 4664 1689 4713 actarde
1705 4677 1765 4726 sess,

431 4748 472 4797 ssd
484 4774 520 4784 --
532 4745 654 4808 opinionis
670 4755 757 4791 errore
772 4746 938 4789 contractum.
962 4741 978 4803 5
996 4740 1054 4788 82»
1073 4738 1115 4786 W.
1136 4763 1163 4771 -
1189 4737 1229 4785 ΙΙ.
1249 4740 1327 4785 essent
1344 4737 1373 4786 c.
1398 4738 1472 4801 «ligo
1490 4752 1522 4788 er
1539 4739 1677 4797 Beruensi,
1697 4737 1764 4799 eliis,

431 4820 533 4872 scribo:
552 4822 573 4869 si
589 4817 697 4869 enimin
713 4829 742 4865 rs
758 4822 835 4864 essct
855 4818 900 4875 isc.
920 4815 982 4863 ittud
998 4814 1095 4861 motum
1111 4836 1140 4859 =
1156 4813 1177 4860 si
1193 4816 1303 4861 noturus
1319 4816 1390 4868 sssst;
1410 4812 1442 4862 ct.
1463 4813 1494 4876 ἐξ
1513 4811 1553 4862 tt.
1568 4814 1614 4863 et:
1632 4827 1683 4863 non
1699 4827 1766 4864 ram

430 4899 529 4958 ipsum
545 4906 650 4943 consoni
666 4898 740 4953 atquc
754 4892 848 4952 sontem
864 4903 914 4939 esso
930 4890 1088 4938 macroris
1106 4889 1122 4936 i.
1142 4900 1166 4935 e.
1184 4887 1412 4948 aegritudinis.
1437 4886 1451 4950 5
1470 4887 1515 4937 ii:
1534 4888 1597 4937 nihil
1613 4900 1664 4938 οπο
1679 4888 1714 4937 in
1728 4902 1767 4941 re

430 4971 528 5032 moti),
546 4982 592 5017 cur
607 4970 693 5030 tierent
709 4967 811 5027 provisa
828 4965 940 5026 (proviso
957 4963 1124 5013 substantive
1143 4963 1257 5025 positum
1270 4964 1297 5010 et
1308 4960 1466 5024 generaliter
1479 4961 1577 5012 dictum
1590 4988 1620 5012 =
1631 4978 1678 5021 sn,
1699 4977 1766 5025 quae

428 5046 532 5107 proviso
548 5046 638 5101 essent,
657 5053 726 5103 quac
742 5040 812 5088 muto
829 5051 889 5089 esse
907 5051 968 5087 cum
986 5051 1019 5087 cr
1037 5040 1089 5086 tota
1109 5035 1285 5099 disputatione
1309 5040 1364 5085 tum
1388 5050 1419 5086 ex
1437 5038 1500 5086 ittnd
1515 5040 1611 5087 mum
1627 5037 1703 5088 tacite
1722 5040 1765 5088 in·

430 5118 567 5182 telligitur;
587 5115 619 5165 cl.
640 5115 654 5178 ᾗ
672 5115 716 5163 28:
739 5114 855 5161 videntur
871 5113 956 5161 omnio
979 5112 1146 5172 repentino
1162 5111 1293 5173 grcmoro.
1318 5110 1348 5173 ἐξ
1367 5111 1407 5161 30.
1427 5113 1473 5160 ti:
1498 5114 1577 5174 qnod
1598 5113 1765 5174 provisum

429 5199 487 5244 unta
503 5206 552 5241 noo
569 5191 623 5249 sit,
642 5190 669 5237 id
684 5188 761 5248 scrire
775 5187 948 5236 vehementius.
975 5185 1049 5235 ibid:
1069 5186 1155 5234 omnio
1171 5186 1251 5234 videri
1267 5184 1374 5234 snhitn
1389 5188 1499 5236 maiora.
1526 5186 1540 5249 5
1558 5189 1603 5237 ss:
1621 5188 1671 5235 isto
1687 5199 1764 5236 nsc-

428 5270 557 5332 opinntn
574 5263 637 5328 cet.)
659 5261 776 5311 leniora?
801 5264 828 5311 ln
853 5263 954 5310 ratione
976 5259 1127 5317 afferenda,
1151 5273 1200 5309 cur
1217 5259 1345 5309 indicaret
1366 5261 1462 5310 nidum
1481 5262 1544 5310 ittud
1560 5261 1684 5322 wionis
1701 5272 1763 5321 sess,

428 5358 479 5394 non
494 5348 616 5399 naturus,
636 5335 697 5387 nihil
716 5336 763 5387 tuit
780 5350 828 5386 cur
846 5337 940 5386 Cicero
957 5338 982 5385 in
1001 5335 1171 5399 hypothetica
1190 5336 1321 5385 sententia
1340 5337 1401 5398 (qua
1420 5335 1492 5385 idem
1509 5334 1668 5398 tingebatur,
1687 5332 1763 5395 quod

428 5422 489 5469 ante
508 5416 659 5479 negaverat)
678 5413 779 5461 mutato
796 5409 908 5460 subiecti
929 5422 1041 5459 numero
1059 5423 1091 5459 ex
1108 5410 1204 5458 motum
1221 5409 1305 5458 audiri
1322 5411 1392 5459 mdo
1409 5409 1496 5460 uellet.
1524 5411 1590 5459 Nam
1607 5407 1699 5456 Klotsii
1715 5420 1764 5457 ra-

338 5504 341 5510 ·
427 5497 541 5551 tionem,
560 5490 606 5554 qui
622 5488 651 5537 Si
666 5487 733 5536 anim
744 5512 780 5522 ·-
791 5484 909 5534 tsaioro?
925 5497 939 5534 a
957 5486 1040 5533 iudico
1051 5491 1089 5522 -'-
1100 5489 1209 5533 noturus
1225 5483 1347 5532 distrahit
1363 5488 1493 5546 essentque
1505 5481 1539 5531 ad
1552 5493 1640 5530 «cosin
1650 5486 1673 5529 st
1684 5492 1763 5531 cosn-

427 5575 480 5619 tns»
498 5566 592 5623 retert.
611 5562 675 5615 satis
693 5562 742 5610 erit
760 5571 1000 5609 commemorasse:
1020 5561 1064 5622 qui
1077 5559 1148 5623 quod
1166 5559 1262 5608 mutum
1279 5559 1388 5621 propius
1400 5571 1460 5608 esse
1473 5559 1524 5618 ait,
1543 5570 1624 5621 qnam
1635 5559 1665 5605 ut
1677 5553 1762 5605 llhra-

427 5644 480 5692 rins
502 5642 643 5706 qnisquam
665 5642 741 5687 assent
760 5650 807 5700 pro
825 5641 884 5685 esset
900 5635 1021 5685 scrihere
1042 5637 1170 5700 potuerit.
1190 5632 1268 5683 velim
1287 5632 1374 5682 videat
1392 5635 1426 5693 ΙΙ,
1445 5634 1476 5683 et
1494 5633 1554 5696 (quo
1570 5633 1635 5681 sint
1650 5632 1763 5691 conso-

425 5714 592 5781 piendam).
620 5714 662 5773 ΙΙΙ,
681 5712 713 5764 {ll
730 5710 1075 5777 (ousian-sonantur).
1105 5711 1137 5759 stt
1155 5708 1226 5772 (torst
1242 5707 1437 5767 incommodam,
1462 5707 1505 5768 qut
1521 5705 1760 5769 cognoverint).

427 5791 513 5850 1V.³9
531 5791 581 5855 (res
598 5790 684 5839 emeno
699 5786 868 5850 moneant).
887 5786 919 5835 65
934 5786 971 5848 (in
987 5790 1040 5834 totu
1056 5785 1155 5833 rationo
1171 5796 1215 5843 co,
1234 5781 1498 5845 conspuissent).
1517 5782 1577 5840 Η
1594 5782 1762 5844 (monnio--

426 5862 674 5926 transmisisset).
698 5862 729 5912 tt
746 5861 835 5926 (sagus
850 5865 886 5910 est
901 5860 990 5920 nuum,
1008 5859 1075 5921 qnod
1091 5870 1141 5906 non
1157 5857 1193 5906 ito
1209 5855 1367 5920 vigeant),
1385 5855 1491 5919 altaque
1509 5852 1641 5905 eiusmodi
1660 5852 1762 5905 menda

427 5950 442 5988 a
459 5937 594 6002 tregdero
610 5937 673 6003 px
690 5934 816 5997 cohaeta,
834 5936 864 5984 ut
880 5936 970 5984 noetm
988 5931 1047 5984 loco
1062 5931 1202 5995 nonam
1219 5931 1292 5994 (lit).-
1310 5930 1353 5981 W.
