4342 7459
708 1249 776 1313 Lan.
791 1249 816 1312 Ι.
846 1248 921 1312 Car.
936 1244 1197 1310 xvii-xviii.
1225 1242 1272 1329 §s
1287 1242 1437 1311 ἰδ’-30.
1676 1242 1735 1311 iii

407 1412 540 1477 solitum
562 1427 640 1476 esne
655 1409 779 1497 dicere,
793 1410 901 1494 possit
915 1407 1000 1475 idem
1018 1408 1061 1474 de
1075 1428 1115 1474 se
1130 1407 1337 1492 praedicare,
1352 1425 1526 1495 numquam
1536 1400 1541 1489 Ι
1551 1425 1590 1474 se
1613 1400 1738 1488 [pilo.

408 1516 484 1598 plus
504 1531 607 1604 agere
630 1531 727 1598 quam
749 1512 830 1577 nibil
852 1531 925 1578 oum
948 1518 1077 1597 ageret,
1101 1530 1275 1597 numquam
1297 1514 1406 1577 minus
1426 1512 1532 1577 solum
1550 1528 1627 1577 esse
1641 1529 1739 1599 quam

407 1638 480 1686 eum
508 1619 601 1683 aolus
627 1622 731 1682 esset·
786 1613 850 1681 28.
882 1612 968 1696 Quia
998 1618 1085 1680 enlm
1112 1620 1233 1698 putare
1259 1633 1342 1682 vere
1373 1617 1488 1700 potest
1520 1615 1596 1701 plus
1625 1617 1740 1705 egisse

408 1721 605 1809 Dionysium
627 1724 712 1804 tum,
741 1738 815 1786 eum
844 1720 953 1786 omniu
983 1719 1147 1785 moliendo
1170 1721 1331 1806 eripuerit
1352 1721 1483 1786 civibus
1503 1721 1575 1786 suis
1594 1720 1739 1789 libertas·

408 1831 491 1906 tem,
513 1844 608 1911 quam
631 1827 703 1891 eins
724 1828 830 1891 eirena
853 1810 1104 1894 Archimedem}
1126 1841 1199 1889 eum
1222 1825 1319 1890 istam
1340 1822 1536 1909 sphaeram,
1562 1822 1642 1888 nibil
1664 1837 1763 1893 eume

407 1947 510 2016 agere
539 1928 713 1992 videretur
743 1917 809 2009 [de
831 1945 895 2012 qna
918 1924 1016 1990 modo
1041 1916 1256 2015 dicebatur],
1287 1918 1466 1993 effecerit?
1515 1924 1600 2006 Quis
1627 1930 1739 1992 auten

408 2053 473 2101 nan
497 2028 608 2121 maigis
629 2035 721 2098 solos
743 2050 836 2115 esse,
858 2033 912 2117 qui
935 2034 971 2095 in
993 2032 1068 2095 toro
1091 2033 1255 2115 turbaque
1277 2032 1408 2115 quicum
1429 2030 1586 2115 eonioqui
1606 2020 1652 2111 [p.
1665 2020 1738 2089 iii.

407 2140 510 2203 libeat
531 2158 599 2203 non
621 2137 778 2216 habeant,
801 2156 897 2220 quam
921 2138 975 2219 qui
998 2137 1090 2200 nullo
1112 2136 1239 2202 arbitro
1261 2135 1318 2200 vel
1340 2152 1452 2201 seeum
1473 2135 1537 2220 ipsi
1558 2133 1739 2219 loquantur

406 2244 461 2308 vei
486 2242 580 2327 qimsl
603 2239 867 2306 doctissimorum
890 2237 1056 2303 hominurn
1080 2240 1114 2301 tn
1135 2239 1280 2305 eoneiilo
1301 2236 1430 2321 adsint,
1452 2254 1661 2303 cumeorum
1683 2238 1739 2302 ln-

407 2348 520 2411 ventls
548 2345 749 2426 seribtlsque
776 2361 814 2408 se
843 2335 1045 2408 obiectent?
1090 2340 1174 2422 Quis
1205 2361 1287 2408 vero
1322 2341 1510 2407 divitiorem
1544 2356 1777 2427 quemquamne

407 2454 503 2535 putet
532 2467 628 2535 quam
658 2468 747 2535 eum,
770 2449 822 2513 eui
845 2446 925 2512 nibil
948 2447 1050 2531 desit,
1072 2445 1161 2531 quod
1184 2444 1315 2531 quidem
1336 2449 1457 2512 natura
1479 2443 1659 2525 desideret,
1680 2447 1740 2509 aut

407 2554 629 2637 potentiorem
653 2569 748 2636 quam
771 2553 871 2634 illum,
894 2554 949 2636 qui
972 2553 1080 2615 omnia
1104 2568 1189 2636 quae
1204 2543 1349 2636 expeltat
1364 2553 1599 2636 consequatur,
1614 2540 1738 2631 [plia.

407 2662 466 2720 art
489 2658 668 2721 beatiorem
691 2672 788 2739 quam
817 2656 872 2740 qul
901 2656 945 2719 sit
969 2656 1055 2719 omni
1077 2655 1332 2738 perturbatione
1352 2655 1451 2719 animi
1472 2654 1651 2736 liberatus,
1679 2657 1739 2718 aut

408 2759 549 2823 firmiore
570 2759 707 2823 fortuna
729 2776 825 2842 quam
849 2757 903 2841 qui
927 2776 967 2822 ea
991 2755 1178 2840 possideat,
1201 2773 1286 2842 quae
1307 2772 1435 2839 mum,
1456 2757 1494 2821 ut
1515 2757 1620 2841 alunt,
1640 2756 1696 2821 vel
1718 2774 1739 2822 e

408 2863 586 2951 naufragio
615 2863 722 2946 possit
751 2853 909 2926 ecferre?
953 2858 1051 2941 Quod
1081 2862 1192 2925 autem
1220 2860 1407 2945 imperium,
1434 2860 1489 2943 qul
1510 2858 1775 2949 magistratusue

408 2965 496 3049 qnod
531 2982 670 3053 regnum
705 2966 820 3048 potest
852 2980 929 3029 esse
965 2964 1194 3046 praestantius
1226 2979 1322 3046 quam
1357 2960 1596 3046 despicientem
1629 2963 1739 3033 omnia

408 3066 549 3132 bumana
571 3073 607 3133 et
628 3067 790 3132 interiora
811 3067 978 3151 sapientia
1000 3064 1176 3130 dueentem
1199 3064 1279 3130 nibil
1301 3083 1452 3149 umquam
1473 3066 1538 3130 nisi
1558 3067 1740 3151 sempiter-

408 3190 483 3235 num
505 3174 543 3236 et
563 3169 710 3236 divinum
732 3171 841 3235 animo
859 3164 866 3247 Ι
885 3162 1068 3235 volutaret
1090 3171 1142 3236 eui
1159 3186 1355 3254 persuasum
1370 3172 1415 3235 sit
1428 3170 1593 3255 appellari
1613 3161 1739 3252 [plffl.

407 3278 541 3339 eeteros
563 3273 722 3354 bomines,
745 3292 821 3340 esse
842 3273 934 3338 solos
955 3292 1025 3357 eoa,
1047 3274 1103 3357 qni
1125 3277 1241 3338 essent
1262 3274 1359 3357 politi
1375 3274 1510 3359 propris
1523 3272 1739 3346 humanitatis

407 3370 564 3444 artibus?
607 3372 672 3442 29.
692 3381 730 3444 ut
752 3375 828 3441 mibi
851 3376 1005 3443 Platonis
1025 3377 1111 3457 ilint,
1132 3395 1194 3444 seu
1216 3378 1292 3461 quis
1311 3376 1397 3442 dixit
1418 3378 1514 3459 allus,
1534 3378 1777 3467 perelegansro

408 3500 484 3547 esse
507 3479 682 3565 videatur,
711 3498 806 3565 quem
833 3498 906 3546 cum
929 3499 972 3545 ex
994 3480 1063 3544 alto
1087 3482 1224 3569 ignotas
1245 3479 1289 3544 ad
1312 3482 1421 3546 terras
1443 3484 1627 3566 tempestas
1646 3484 1682 3546 et
1699 3482 1739 3547 in

409 3582 578 3649 desertum
604 3584 686 3649 litua
715 3584 910 3669 detulisset,
942 3583 1136 3648 timentibus
1166 3584 1291 3649 eeteris
1322 3586 1463 3669 propter
1493 3584 1740 3673 ignoratione!

408 3688 573 3773 loeorurn‚
603 3684 882 3752 animadvertisse
911 3684 1027 3752 dicuni
1055 3686 1091 3750 ln
1116 3703 1220 3751 arena
1239 3687 1465 3775 geometricas
1485 3686 1611 3754 fornas
1633 3705 1740 3774 quaa-

410 3789 485 3854 dam
507 3807 584 3855 esse
605 3788 806 3875 descriptas,
823 3784 829 3867 Ι
849 3808 933 3875 quaa
953 3794 991 3856 ut
1011 3790 1166 3876 vidisset,
1188 3790 1432 3857 exclamavisse
1449 3795 1487 3856 ut
1501 3792 1590 3859 bono
1611 3783 1740 3874 [piae.

408 3895 525 3957 essent
544 3894 671 3979 enlmo;
697 3893 815 3960 videre
843 3896 929 3960 enlm
950 3914 989 3961 se
1012 3892 1177 3959 bominum
1198 3895 1366 3984 vestigia:
1395 3912 1481 3980 quae
1500 3893 1661 3963 videlieet
1682 3895 1779 3962 illesi

409 4014 477 4061 non
506 4014 550 4061 en
580 3997 654 4085 agri
682 3998 873 4079 consitum,
903 4016 999 4082 quam
1029 3997 1209 4082 cernebat,
1241 3996 1303 4063 sed
1331 4015 1374 4064 ex
1405 3996 1580 4066 doetrinae
1607 3996 1741 4066 indietis

408 4101 703 4183 interpretabatur.
747 4097 852 4179 Quam
875 4101 1025 4184 obrem,
1047 4099 1197 4185 Tubero,
1219 4118 1352 4186 semper
1372 4101 1449 4167 mibi
1472 4103 1508 4167 et
1528 4100 1683 4168 doctrine
1703 4105 1740 4168 et

409 4202 528 4268 eruditi
551 4202 701 4269 homines
722 4208 756 4270 et
778 4210 837 4269 tua
860 4206 926 4270 ista
948 4204 1059 4270 studia
1082 4206 1290 4290 placuerunt.

495 4305 626 4372 xviii.
658 4303 722 4372 30.
757 4305 839 4373 'ium
862 4308 1015 4373 Laelius:
1047 4306 1123 4373 Non
1145 4306 1254 4373 audeo
1277 4306 1426 4394 quidem,
1454 4309 1578 4393 inquit,
1597 4307 1641 4373 ad
1663 4309 1739 4381 ista,

408 4406 541 4496 Selplo,
562 4408 693 4495 dicere,
716 4428 823 4495 neque
847 4413 913 4474 tam
935 4413 970 4476 te
990 4412 1051 4475 aut
1074 4408 1203 4475 Philum
1225 4415 1285 4476 aut
1306 4409 1481 4477 Manilium
1500 4402 1531 4461 ἥ
1544 4403 1575 4461 ἢ
1590 4402 1619 4461 b
1747 4420 1777 4469 ao

832 4506 1064 4594 [Desiderontar
1078 4511 1212 4594 popinae
1232 4507 1331 4596 duna]

410 4610 438 4666 ἕ
453 4607 482 4666 ἕ
498 4609 547 4694 *l
570 4617 603 4682 in
637 4616 742 4703 ipsius
776 4622 918 4700 paterno
950 4635 1078 4707 genere
1112 4617 1176 4683 luit
1204 4621 1321 4684 noster
1349 4617 1406 4684 ille
1434 4617 1577 4704 amiens,
1610 4608 1740 4698 [peso.

412 4721 535 4811 dignus
549 4720 626 4787 huie
648 4721 691 4786 ad
713 4719 915 4819 lmltandum,

473 4902 499 4952 2.
517 4903 578 4967 post
593 4902 701 4966 operat
694 4916 721 4952 m
739 4902 759 4954 c
777 4914 855 4953 vva
838 4915 977 4967 umqum
992 4916 1019 4955 ae
1031 4904 1090 4968 pior
1106 4917 1182 4971 opere
1203 4904 1316 4972 repetita
1333 4902 1383 4955 sed
1399 4904 1506 4971 punctis
1522 4906 1612 4955 notata
1630 4906 1737 4956 sunt-

409 4978 663 5028 lim-annuc
693 4978 880 5029 baiulorum
896 4991 1048 5037 neoniae
1049 4993 1189 5030 roroeorcri
1175 4981 1297 5039 aruum
1325 4992 1370 5030 vv.
1393 4978 1742 5043 depaomododieobutar

408 5050 538 5114 (debebat
554 5049 648 5102 saltem
666 5064 726 5104 esse
744 5053 838 5104 rotun
854 5053 898 5116 eati
915 5054 936 5105 0
953 5055 1153 5105 Steinaeierum
1170 5058 1280 5107 secutus
1297 5056 1358 5122 post
1374 5055 1455 5119 ipsun
1471 5054 1605 5119 spitum
1624 5051 1740 5106 eolioea·

408 5127 454 5189 vit,
472 5126 521 5178 sed
539 5140 569 5177 ea
587 5128 675 5192 potius
692 5140 724 5178 er
742 5127 903 5193 glossemate
920 5128 1024 5181 adiecta
1043 5142 1104 5180 essa
1123 5129 1176 5180 lam
1193 5132 1278 5183 sensu
1288 5130 1423 5194 ileinrleb
1436 5131 1555 5197 apertius
1565 5130 1631 5182 dixit
1641 5130 1739 5184 Osann

411 5200 533 5252 -nco
522 5204 693 5319 ¹'amoenae
712 5204 967 5257 bmammroc—
994 5205 1203 5257 tl.s-srmrc
1223 5206 1508 5272 immmenso·
1475 5205 1738 5257 -orrerrnrffl-

410 5324 450 5374 tr.
469 5336 535 5381 oum
521 5338 611 5375 nrorun
598 5340 662 5377 euna
648 5286 886 5378 mCdeletialiLt
905 5340 1030 5377 nrou-
1055 5327 1277 5378 mucrarc-
1302 5328 1343 5378 49.
1361 5327 1535 5378 sonoerosc.
1559 5328 1741 5381 biniusoer·

409 5402 536 5463 punctam
555 5413 615 5453 esse
634 5403 743 5463 notavit,
762 5416 795 5452 en
813 5414 865 5467 que
883 5415 897 5454 s
914 5403 1036 5455 iacienda
1054 5405 1136 5465 esset,
1155 5415 1236 5467 quam
1254 5400 1471 5456 emendationem
1488 5404 1603 5455 Duiiieu
1619 5403 1742 5467 senegart

409 5522 566 5575 vidisae—
590 5525 639 5575 aiat
656 5524 741 5582 naim
759 5526 820 5575 etv
822 5525 978 5577 .Dieiriobii
995 5528 1110 5589 quassit
1130 5537 1243 5589 mmm.
1261 5524 1378 5591 p.··i0
1349 5527 1439 5578 -ῖῖ,
1457 5525 1611 5586 oruc·
1583 5524 1672 5575 -bb
1690 5537 1740 5584 ona

410 5599 476 5646 c·
495 5598 537 5649 il.
555 5601 884 5652 immurmurare·
903 5605 928 5652 ot
943 5601 1060 5651 ἀοσϋῖυυ
1075 5601 1168 5651 sauia
1184 5599 1409 5652 eonlssoaer-
1435 5597 1740 5663 rannemirus

412 5745 440 5756 -
458 5719 500 5771 bb.
519 5721 632 5783 molera
647 5719 709 5773 mai.
722 5721 811 5774 iioser
829 5746 857 5758 —
875 5735 962 5781 menno
979 5723 999 5775 c
1019 5750 1046 5761 -
1064 5722 1106 5773 3⁰.
1125 5727 1170 5773 out
1180 5721 1232 5787 lib]
1245 5734 1388 5781 eruamur
1406 5723 1426 5775 c
1445 5720 1540 5773 deletis
1556 5734 1591 5780 oo
1606 5724 1635 5773 et
1649 5723 1739 5787 priore

410 5809 427 5845 a
456 5822 484 5833 -
516 5796 557 5846 ³³.
574 5795 733 5862 ῖεῖῖιυεὰιι]
758 5798 809 5857 Qui
830 5798 952 5862 seqnitur
967 5799 995 5849 in
1012 5799 1062 5850 CO
1082 5810 1179 5850 versus
1195 5798 1272 5850 Ennii
1295 5799 1417 5863 adempto
1431 5798 1551 5849 cordulae
1565 5800 1652 5861 borso,
1668 5804 1742 5851 eatae

409 5869 718 6009 mssffizffium
739 5883 772 5923 ex
793 5870 997 5938 interpolatione
1019 5872 1065 5925 hio
1087 5872 1219 5926 insenum
1240 5885 1302 5927 esse
1325 5872 1434 5926 Debree
1455 5874 1484 5926 iu
1498 5873 1612 5927 Adaeus.
1633 5875 1671 5939 ll,
1689 5874 1739 5927 eti
