4342 7459
743 1246 813 1310 no.
829 1246 869 1310 11.
896 1246 970 1310 cn.
984 1247 1147 1312 vr-vn.
1172 1243 1218 1331 ss
1240 1242 1385 1312 tr-st.
1662 1245 1726 1312 eso
1785 1200 1790 1213 ’

406 1404 504 1487 igitur
532 1404 657 1487 cognito
686 1404 854 1468 dicendum
886 1414 951 1481 est,
980 1425 1120 1490 quonam
1147 1406 1241 1470 modo
1267 1407 1431 1471 bominum
1453 1406 1557 1470 studia
1578 1406 1618 1471 ad
1639 1407 1726 1472 ntili·

406 1506 487 1562 tates
515 1507 639 1561 nostras
668 1498 795 1562 allicere
825 1509 922 1584 atque
952 1502 1091 1564 excitare
1113 1500 1282 1585 possimus.
1325 1501 1415 1577 Quae
1438 1502 1465 1564 ei
1487 1499 1612 1583 longior
1629 1499 1728 1565 luerit

407 1592 507 1654 oratio
529 1612 600 1654 cnm
621 1592 838 1675 magnitudine
860 1593 1006 1658 utilitatis
1028 1603 1242 1680 comparetur:
1265 1595 1309 1658 ita
1329 1594 1464 1658 sonasse
1486 1594 1580 1657 etiam
1602 1595 1728 1659 brevior

406 1682 572 1748 ridebitur.

491 1774 543 1841 2l.
566 1778 794 1864 Quaecumque
814 1782 909 1863 igitur
930 1781 1075 1846 homines
1097 1781 1218 1846 bomini
1240 1780 1380 1845 tribuunt
1400 1780 1441 1845 ad
1457 1801 1530 1846 eum
1545 1782 1750 1866 augendum⁵

406 1880 501 1958 atque
531 1873 784 1948 honestandam,
814 1883 868 1939 aut
896 1875 1137 1940 benevolentiae
1159 1875 1259 1958 gratia
1286 1874 1423 1949 faciunt,
1455 1896 1527 1939 cum
1555 1873 1728 1962 aliquado

407 1986 502 2030 causa
529 1967 712 2050 quempiam
740 1968 893 2051 diligunt,
927 1977 982 2032 aut
1011 1970 1158 2043 honoris,
1191 1968 1218 2032 si
1247 1969 1338 2032 cuius
1371 1970 1518 2033 virtutem
1553 1970 1729 2054 suspiciunt

407 2080 565 2145 quemque
587 2061 718 2145 dignum
741 2061 869 2125 lonnna
891 2083 985 2145 quam
1007 2064 1201 2147 amplissima
1222 2070 1343 2147 putant,
1365 2071 1421 2126 eut
1434 2064 1486 2126 cui
1499 2062 1595 2127 iidem
1610 2063 1730 2126 babent

407 2161 440 2218 et
460 2154 541 2218 bene
562 2154 656 2218 rebus
678 2155 744 2218 suis
766 2155 932 2220 consulere
955 2158 1162 2234 arbitrantur,
1190 2165 1245 2220 eut
1266 2157 1356 2220 cuius
1384 2177 1462 2240 opes
1484 2165 1645 2233 metuunt,
1674 2163 1730 2220 aut

407 2257 532 2323 contra,
554 2268 572 2311 a
595 2248 712 2332 quibus
734 2249 853 2332 aliquid
876 2260 1069 2334 exspectant,
1091 2259 1127 2314 ut
1149 2271 1218 2315 cum
1240 2270 1331 2333 reges
1351 2251 1562 2335 popularesve
1582 2251 1728 2315 bomiues
1738 2257 1766 2303 ⁴⁰

408 2342 592 2424 largitiones
614 2343 736 2426 aliquas
757 2353 949 2426 proponunt,
971 2352 1026 2408 aut
1047 2354 1207 2428 postremo
1229 2345 1333 2428 pretio
1351 2364 1388 2408 ac
1402 2343 1546 2408 mercede
1562 2343 1729 2417 ducuntur,

408 2454 491 2518 quae
513 2435 732 2499 sordidissima
754 2443 802 2499 est
822 2437 876 2500 illa
898 2438 1026 2521 quidem
1048 2439 1185 2518 ratioet
1206 2437 1461 2521 inquinatissima
1482 2436 1591 2511 etiis,
1613 2438 1668 2521 qui
1691 2455 1730 2501 ea

408 2536 571 2601 tenentur,
601 2536 633 2591 et
652 2528 731 2603 illis,
760 2530 815 2612 qui
844 2529 883 2592 ad
911 2550 981 2593 eam
1008 2532 1176 2614 confugere
1199 2536 1363 2594 conantur.
1405 2525 1459 2591 22.
1483 2529 1566 2593 blale
1588 2530 1673 2593 enim
1695 2550 1730 2593 se

407 2641 459 2685 ree
481 2618 590 2696 babet,
619 2641 707 2696 cum,
737 2623 825 2705 quod
847 2625 963 2687 virtute
989 2621 1070 2687 effici
1097 2623 1206 2698 debet,
1234 2622 1266 2687 id
1289 2630 1459 2707 temptatur
1479 2624 1624 2707 pecunia.
1667 2622 1730 2687 Sed

408 2716 559 2798 quoniam
581 2733 646 2778 non
668 2734 840 2799 numquam
861 2716 923 2779 boc
941 2716 1119 2781 subsidium
1133 2715 1347 2780 necessarium
1362 2724 1419 2790 est,
1435 2735 1530 2800 quern
1545 2715 1585 2780 ad
1602 2715 1769 2779 modumtt

408 2808 449 2870 sit
475 2807 626 2871 utendum
654 2829 692 2872 eo
715 2807 874 2884 dicemus,
906 2810 932 2872 si
955 2812 1042 2892 prius
1064 2812 1104 2874 iis
1127 2811 1166 2874 de
1188 2810 1301 2884 rebus,
1331 2829 1412 2893 quae
1435 2810 1540 2874 virtuti
1563 2811 1730 2894 propiores

408 2911 496 2976 snnt,
522 2901 706 2965 dixerimus.
748 2904 852 2986 Atque
874 2904 968 2967 etiam
991 2904 1151 2967 subiciunt
1172 2923 1206 2967 se
1227 2903 1372 2967 bomines
1392 2904 1525 2987 imperio
1547 2903 1677 2967 alteriue
1699 2909 1732 2967 et

407 2995 557 3076 potestati
583 2994 623 3059 de
645 2995 749 3060 causis
772 2994 927 3079 pluribus.
970 2999 1136 3061 Ducuntur
1157 2997 1241 3061 enim
1264 3003 1318 3059 aut
1339 2996 1559 3060 benevolentia
1581 3005 1614 3060 et
1634 2997 1732 3061 bene·

409 3084 552 3151 liciorum
584 3088 800 3172 magnitudine
832 3097 889 3153 aut
919 3090 1081 3173 dignitatis
1113 3091 1305 3174 praestantia
1338 3097 1392 3153 aut
1420 3109 1477 3173 spe
1506 3089 1566 3153 sibi
1592 3089 1626 3153 id
1654 3091 1731 3154 utile

408 3180 548 3244 buturum
579 3191 634 3246 aut
661 3189 746 3245 metu
776 3203 818 3246 ne
841 3183 870 3245 vi
894 3203 1005 3267 parere
1028 3192 1180 3267 cogantur
1200 3191 1255 3248 aut
1276 3202 1333 3266 spe
1354 3183 1531 3268 largitionis
1552 3185 1770 3267 promissis-xo
1867 3262 1872 3269 Ι

409 3294 471 3357 que
493 3276 576 3358 capti
598 3284 654 3338 aut
675 3284 848 3359 postremo,
869 3284 904 3340 ut
926 3297 1021 3361 saepe
1043 3279 1076 3341 in
1099 3285 1205 3342 nostre
1220 3298 1254 3341 re
1268 3277 1396 3359 publica
1410 3276 1570 3353 ridemus,
1585 3277 1731 3341 mercede

407 3367 582 3443 conducti.
618 3369 686 3432 vlt.
714 3365 765 3431 23.
794 3369 942 3434 Omnium
964 3379 1069 3435 summ
1091 3392 1195 3435 rerum
1218 3390 1277 3435 nec
1299 3369 1405 3452 aptius
1427 3376 1475 3433 eet
1496 3370 1664 3454 quicquam
1690 3369 1731 3434 ad

409 3480 486 3543 opes
507 3459 641 3525 tuendas
663 3481 701 3526 ac
722 3464 875 3528 tenendas
898 3483 992 3547 quam
1014 3463 1105 3549 diligi
1126 3484 1186 3529 nee
1207 3463 1343 3527 alienius
1365 3481 1461 3546 quam
1482 3463 1596 3526 timeri.
1638 3464 1733 3527 Prae·

408 3553 492 3618 clare
514 3554 598 3618 enim
620 3556 760 3621 Enniusz

577 3648 695 3725 Quem
723 3659 894 3717 metuunt
921 3651 1102 3717 oderunt:
1134 3672 1244 3738 quem
1270 3650 1437 3735 quisque
1464 3649 1547 3713 odit
1568 3648 1770 3733 periissem

1118 3739 1122 3750 '
1316 3744 1479 3828 expetit.

408 3836 581 3901 blultornm
609 3846 714 3902 autem
744 3839 827 3904 odiis
854 3842 960 3905 nullas
982 3859 1060 3926 opes
1081 3859 1179 3924 porse
1201 3838 1370 3912 obsistere,
1400 3837 1425 3901 ei
1448 3843 1541 3901 antea
1561 3835 1622 3899 init
1642 3837 1732 3920 igno·

409 3937 489 4006 tum,
511 3952 613 4015 nuper
635 3940 683 3995 est
704 3935 876 4016 cognitum.
919 3937 984 3998 Nec
1007 3953 1082 3997 vero
1105 3933 1199 3996 buius
1221 3932 1348 4015 tyranni
1370 3930 1490 4006 solum,
1520 3948 1616 4013 quem
1637 3930 1732 3993 menis

408 4044 560 4109 oppressa
580 4024 710 4111 pertulit
731 4028 840 4091 civitas
861 4036 1015 4112 paretque
1037 4047 1109 4090 cum
1131 4026 1267 4090 maxime
1289 4032 1431 4101 mortno,
1457 4024 1606 4089 interitus
1628 4023 1734 4087 deela-

409 4127 470 4193 rat,
494 4128 646 4202 quantum
670 4121 779 4185 odium
801 4121 964 4185 bominum
988 4121 1091 4184 valeat
1113 4119 1154 4183 ad
1176 4127 1312 4202 pestem,
1328 4119 1384 4182 sed
1400 4119 1595 4204 reliquorum
1611 4117 1772 4181 similesne

409 4212 515 4275 exitus
537 4220 755 4295 tyrannorum,
777 4235 912 4298 quorum
935 4214 1020 4277 baud
1043 4213 1109 4276 lere
1132 4213 1301 4296 quisquam
1324 4211 1417 4276 talem
1436 4211 1597 4276 interitum
1612 4211 1731 4292 etlugit.

408 4305 510 4368 blalus
532 4308 616 4370 enirn
639 4316 687 4371 eet
710 4317 815 4371 eustos
837 4308 1054 4372 diuturnitatis
1076 4316 1180 4370 metus
1203 4312 1373 4389 contraque
1394 4302 1615 4368 benevolentia
1628 4303 1731 4368 fidelis

409 4399 459 4461 rel
481 4400 521 4462 ad
543 4402 796 4484 perpetuitatem.
847 4398 898 4464 et.
930 4403 992 4465 Sed
1014 4403 1068 4476 iis,
1097 4400 1152 4482 qui
1175 4400 1204 4461 vi
1227 4417 1394 4481 oppressos
1417 4398 1551 4481 imperio
1573 4405 1732 4473 coercent,

409 4492 450 4556 sit
470 4513 546 4557 eane
567 4494 746 4558 adhibenda
769 4496 910 4571 saevitia,
932 4502 969 4559 ut
991 4495 1053 4558 eris
1074 4494 1107 4556 in
1128 4492 1275 4566 lamulos,
1297 4492 1324 4555 si
1346 4491 1438 4555 aliter
1457 4492 1558 4556 teneri
1579 4511 1644 4557 non
1658 4511 1733 4575 pos·

409 4595 502 4651 sunt:
536 4590 592 4672 qni
619 4609 694 4653 vero
723 4589 757 4651 in
783 4589 883 4652 libera
911 4589 1035 4654 civitate
1063 4588 1106 4650 ita
1136 4607 1171 4650 se
1200 4585 1377 4660 instruunt,
1406 4594 1442 4648 nt
1468 4594 1663 4661 metuantur,
1691 4585 1770 4653 iisse

408 4680 489 4744 nibil
511 4689 616 4765 potest
637 4702 707 4747 esee
729 4681 917 4747 dementius.
955 4680 1107 4758 Quamvis
1129 4681 1212 4744 enim
1234 4680 1298 4743 sint
1318 4678 1481 4743 demersae
1495 4678 1582 4762 leges
1596 4681 1732 4744 alicuius

474 4971 498 5021 t.
516 4984 566 5034 quo
580 4972 654 5022 modo
670 4969 700 5021 u¹
719 4996 746 5008 -
774 4970 799 5028 t.
816 4971 917 5021 uidetur
933 4982 948 5020 o
974 4995 1001 5007 -
1028 4970 1053 5021 b.
1071 4967 1250 5020 beetuoteeuae
1267 4967 1286 5019 C
1305 4968 1353 5031 (sic
1363 4965 1474 5032 ubique)
1493 4990 1522 5006 -
1550 4969 1575 5021 7.
1593 4970 1731 5034 mopiam

408 5042 510 5098 s¹use
529 5072 555 5082 -
576 5048 617 5096 tt.
632 5052 757 5109 postremo
770 5047 852 5108 pretio
868 5051 915 5096 out
929 5046 1039 5095 mercede
1054 5045 1181 5095 ducuntur
1197 5043 1297 5094 Nonius
1313 5056 1339 5108 p.
1350 5043 1408 5094 283.
1422 5066 1451 5080 -
1470 5043 1510 5094 tx.
1529 5045 1602 5111 quoe]
1612 5048 1655 5097 sed
1671 5059 1686 5097 e
1701 5076 1728 5088 -

408 5120 520 5183 etbtss,
538 5122 649 5183 etbdsc
669 5146 695 5156 -
715 5120 824 5172 temes
841 5132 870 5171 o:
889 5120 1036 5171 meuse
1055 5143 1083 5156 -
1105 5118 1321 5177 tuttsttlleb,
1339 5117 1418 5179 bijso
1436 5122 1625 5182 -propriores
1642 5120 1729 5184 lietu

406 5194 535 5256 morere
564 5221 591 5232 -
620 5195 812 5245 lubecenses
828 5200 912 5246 eutem
928 5200 1009 5244 aute
1036 5219 1062 5230 -
1091 5199 1114 5243 et
1130 5195 1244 5243 Peerce:
1263 5196 1309 5242 out
1325 5193 1367 5242 Co
1394 5215 1423 5229 ·-
1449 5192 1488 5242 to.
1504 5195 1683 5260 prorsustsqse
1699 5209 1728 5247 e:

406 5269 625 5331 promissionisque
641 5269 746 5326 ΒΗιὴς
762 5269 1014 5332 promissionibusque
1030 5267 1081 5317 alii.
1101 5292 1128 5303 -
1152 5268 1194 5317 tt.
1211 5270 1240 5316 ut
1255 5278 1329 5329 soepe
1339 5290 1376 5303 -·
1386 5265 1500 5316 conducti
1516 5267 1617 5320 Nouius
1633 5282 1660 5334 p.
1671 5269 1729 5322 sat.

411 5341 1731 5406 -tuueuesoeunenusmseeeeoaseetueeoestt-xe.onerumC:eeerec-peruse

410 5419 429 5468 C
449 5442 475 5452 -
494 5417 536 5468 26.
548 5418 649 5482 sepelit]
660 5419 729 5481 cupit
745 5431 760 5469 o
779 5444 807 5457 -
826 5421 867 5471 27.
877 5433 949 5483 posse
966 5433 1019 5471 om.
1034 5431 1049 5469 ο
1067 5444 1100 5456 -
1116 5418 1363 5469 resalutemus
1373 5429 1445 5480 quem
1460 5418 1574 5481 (teteritas
1584 5420 1730 5484 supersor.)

409 5492 426 5541 b
443 5519 475 5529 -
491 5492 531 5543 29.
543 5499 664 5556 paretque
679 5506 737 5544 urm
753 5495 864 5545 numme
878 5500 978 5545 mortuo
995 5506 1009 5544 o
1028 5496 1062 5557 (in
1074 5506 1127 5556 quo
1139 5495 1230 5543 tamen
1246 5492 1314 5543 baec
1331 5490 1414 5542 verbe
1432 5504 1469 5543 m.
1481 5503 1537 5541 sec.
1551 5489 1638 5542 deleta
1648 5495 1729 5556 sonti:

409 5570 613 5631 superacutus
628 5581 747 5618 mosmos
763 5571 855 5619 emrtut
876 5571 908 5629 b;
932 5567 1135 5633 opporetmuiue
1150 5568 1264 5617 mommo
1275 5568 1363 5629 portui
1378 5566 1469 5625 Btte;
1488 5576 1519 5614 os
1532 5570 1607 5627 paret
1622 5580 1679 5617 cusu
1694 5582 1728 5619 se.

408 5642 651 5694 mortuotlatmius.
672 5669 699 5679 -
719 5643 1135 5694 commemorasses
1154 5666 1181 5677 -
1199 5642 1390 5703 musone
1407 5665 1435 5677 -
1459 5639 1500 5689 et.
1517 5639 1621 5702 beuta,
1639 5648 1685 5693 out
1701 5644 1730 5694 lt¹

412 5743 439 5753 -
466 5718 541 5768 tutem
556 5719 683 5769 interitum
706 5717 742 5767 C:
769 5718 897 5768 ummo
913 5719 978 5782 (om.
991 5717 1078 5780 tcum)
1096 5730 1129 5781 p3
1155 5717 1283 5767 leterittms
1300 5715 1392 5780 [tobes]
1417 5726 1432 5765 o
1461 5739 1488 5751 -
1517 5712 1558 5764 et.
1577 5721 1733 5781 sonusquee

409 5790 571 5843 beniuolentia
582 5793 818 5855 --perpetuttotem
834 5794 934 5843 Nontos
951 5806 977 5858 p.
988 5793 1046 5844 527.
1065 5817 1092 5828 -
1112 5792 1152 5842 ³3.
1170 5790 1218 5840 lette
1235 5792 1267 5853 tl,
1284 5791 1323 5840 bie
1337 5802 1364 5851 e,
1382 5790 1460 5851 btjso
1480 5809 1507 5825 -·
1526 5787 1653 5840 cobercesst
1669 5793 1731 5843 ebe

412 5891 439 5902 -
458 5866 498 5918 tt.
516 5873 545 5917 ut
559 5868 610 5917 erte
630 5881 691 5918 nos:
714 5871 742 5915 ut
757 5868 818 5917 eriis
833 5868 867 5929 li,
890 5874 960 5918 utere
974 5869 1006 5917 tls
1021 5869 1053 5929 b,
1076 5874 1147 5918 utere
1161 5865 1209 5916 biit
1225 5866 1263 5929 ll,
1286 5868 1356 5917 utere
1371 5863 1409 5914 bis
1429 5875 1460 5926 a,
1480 5868 1587 5913 mestar
1602 5864 1639 5916 eie
1653 5876 1683 5930 o,
1704 5872 1733 5917 ut

408 5940 505 5991 tertso
532 5967 559 5978 -
587 5940 1002 6006 tubislillmbttebmvso.

456 6038 546 6089 um
565 6040 593 6088 r.
608 6041 648 6092 tr.
1476 6028 1518 6096 tt
