4342 7459
455 1241 476 1307 c
656 1192 660 1201 ’
866 1244 1191 1313 acronurconuu
1212 1244 1394 1311 rnrorou

455 1440 541 1485 mum
562 1421 597 1484 in
619 1418 816 1483 Clitomacho
837 1416 898 1482 luit
918 1417 1118 1481 -declarat
1139 1416 1310 1481 multitudo
1333 1417 1486 1480 librorum
1500 1448 1559 1492 -,
1581 1417 1700 1500 ingenii
1722 1437 1787 1483 non

453 1516 561 1580 minus
581 1517 615 1580 in
636 1515 806 1597 Hagnone,
828 1514 862 1577 in
885 1512 1061 1578 Charmada
1082 1511 1302 1597 eloquentiae,
1324 1510 1357 1573 in
1379 1509 1551 1574 Melanthio
1569 1511 1692 1574 Rhodio
1715 1532 1788 1577 aua-

451 1607 570 1672 ritatis.
604 1611 691 1671 Bene
713 1615 819 1671 autern
842 1627 937 1671 nosse
961 1607 1145 1670 Carneaden
1163 1605 1379 1669 Stratoniceus
1394 1605 1594 1669 Metrodorus
1608 1605 1788 1689 putabatur.

452 1697 504 1765 47.
526 1702 591 1766 larn
621 1702 817 1766 Clitomacho
845 1702 937 1766 Philo
966 1709 1071 1765 vester
1098 1720 1227 1784 operam
1250 1700 1367 1763 multos
1389 1719 1491 1763 annos
1513 1700 1611 1763 dedit.
1653 1701 1787 1765 Philone

428 1802 558 1859 cautem
585 1796 658 1859 vivo
685 1796 895 1879 patrocinium
923 1796 1111 1860 Academiae
1143 1814 1207 1857 non
1239 1794 1349 1857 defuit.
1394 1794 1455 1857 Sed
1490 1793 1577 1878 quod
1604 1814 1664 1859 nos
1686 1795 1790 1860 lacere

452 1911 538 1956 nunc
558 1892 769 1975 ingredimur,
792 1900 829 1955 ut
849 1900 962 1956 contra
975 1889 1182 1955 Academicos
1205 1889 1417 1961 disseramus,
1439 1888 1471 1950 id
1495 1889 1624 1971 quidam
1646 1908 1664 1952 e
1686 1888 1790 1973 pbilo-

453 1984 581 2068 sophis,
610 1992 642 2049 et
663 1986 686 2050 ii
708 1985 838 2070 quidem
859 2007 926 2050 non
948 1986 1140 2060 mediocres,
1169 1983 1353 2047 faciundum
1377 1983 1505 2044 omnino
1529 2003 1593 2047 non
1617 1985 1789 2067 putabant3

452 2098 513 2142 nec
541 2098 616 2142 nero
639 2099 709 2143 esse
731 2080 828 2143 ullam
850 2082 1006 2145 rationem
1034 2080 1196 2162 disputare
1218 2098 1290 2140 cum
1319 2076 1374 2150 iis,
1404 2077 1459 2159 qui
1488 2076 1567 2140 nihil
1597 2078 1788 2160 probarent3

454 2172 717 2258 Antipatrumque
741 2175 900 2247 Stoicum,
923 2173 978 2258 qui
1000 2174 1119 2236 multus
1142 2174 1175 2236 in
1198 2192 1236 2234 eo
1258 2170 1386 2244 luisset,
1416 2170 1707 2251 reprehendebant,
1729 2193 1790 2237 uec

415 2283 445 2333 io
455 2264 579 2332 deliniri
604 2268 732 2331 aiebant
759 2287 889 2347 necesse
912 2286 997 2340 esse,
1027 2266 1105 2351 quid
1128 2274 1212 2329 esset
1232 2264 1372 2347 cognitio
1395 2271 1449 2326 aut
1477 2266 1636 2349 perceptio
1658 2274 1730 2342 aut,
1763 2270 1789 2332 si

454 2362 585 2428 verbum
609 2381 626 2427 e
648 2362 746 2427 verbo
777 2362 941 2436 volumus,
971 2360 1219 2444 conprehensio,
1250 2379 1345 2444 quam
1373 2352 1564 2438 κατάληψιν
1591 2358 1638 2421 illi
1660 2369 1790 2436 vocante

455 2475 591 2541 eosque,
614 2456 670 2540 qni
692 2455 884 2540 persuadere
906 2456 1043 2532 vellent,
1066 2476 1137 2520 esse
1151 2454 1271 2539 aliquid
1288 2454 1373 2538 quod
1390 2454 1608 2536 conprehendi
1624 2462 1656 2518 et
1669 2457 1790 2540 percipi

454 2558 581 2636 posset,
613 2551 786 2614 inscienter
817 2550 921 2614 facere
951 2549 1114 2623 dicebant,
1149 2555 1316 2630 propterea
1342 2546 1428 2631 qnod
1457 2546 1536 2611 nihil
1570 2555 1654 2611 esset
1675 2549 1791 2614 clarius

455 2644 623 2733 ἐναργείᾳ,
646 2652 682 2708 ut
703 2644 835 2708 Graeci:
856 2645 1115 2727 perspicuitatem
1138 2650 1193 2705 ant
1214 2642 1404 2705 evidentiam
1427 2661 1506 2716 nos,
1536 2642 1563 2704 si
1585 2643 1703 2725 placet,
1734 2664 1792 2707 no·

419 2740 611 2805 reminemus
632 2737 901 2824 fabricemurque,
931 2740 958 2803 si
981 2759 1062 2821 opus
1084 2738 1159 2811 erit,
1186 2735 1298 2809 rerba,
1329 2755 1370 2797 ne
1391 2734 1444 2797 hic
1466 2735 1526 2799 sibi
1549 2769 1588 2783 -
1611 2757 1660 2799 me
1682 2738 1792 2822 appel·

456 2834 542 2898 labat
562 2833 671 2897 iocans
692 2866 734 2878 —
755 2832 816 2896 hoc
837 2833 931 2897 licere
954 2834 1013 2896 soli
1035 2841 1144 2917 putet:
1178 2830 1235 2895 sed
1262 2837 1366 2893 tamen
1390 2832 1566 2894 orationem
1587 2832 1708 2896 nullam
1733 2854 1793 2916 pu·

456 2927 566 2992 tabant
586 2926 802 2990 inlustriorem
824 2928 894 3011 ipsa
909 2928 1069 2991 evidentia
1093 2925 1224 3010 reperiri
1246 2945 1358 3009 posse,
1381 2945 1441 2988 nec
1457 2945 1508 2998 ea,
1533 2945 1615 3009 quae
1629 2935 1692 2990 tarn
1708 2927 1792 2991 clara

456 3028 577 3095 essent,
601 3017 780 3084 definienda
803 3021 984 3085 censebant.
1020 3020 1082 3083 Alii
1104 3030 1209 3083 autern
1232 3019 1391 3101 negabant
1412 3038 1446 3083 se
1469 3040 1525 3102 pro
1549 3020 1608 3083 bac
1630 3021 1790 3085 evidentia

457 3117 628 3201 quicquam
649 3116 773 3199 priores
794 3115 892 3179 inisse
915 3115 1066 3189 dicturos,
1089 3114 1145 3178 sed
1160 3114 1199 3177 ad
1215 3134 1269 3189 ea,
1293 3134 1375 3198 quae
1390 3123 1500 3177 contra
1515 3116 1704 3190 dicerentur,
1728 3116 1792 3180 dici

418 3218 605 3294 aooporterc
627 3209 794 3293 putabant,
817 3230 858 3273 ne
883 3210 939 3294 qui
961 3209 1156 3273 fallerentur.
1191 3204 1243 3270 l8.
1265 3208 1413 3292 Plerique
1428 3217 1532 3270 tamen
1548 3216 1579 3271 et
1593 3208 1792 3274 definitiones

455 3306 596 3388 ipsarum
627 3304 722 3367 etiam
752 3304 946 3369 evidentium
977 3324 1083 3366 rerum
1111 3321 1176 3365 non
1197 3302 1387 3384 inprobant,
1417 3310 1449 3364 et
1469 3323 1534 3365 rem
1557 3302 1721 3379 idoneam,
1754 3305 1793 3368 dc

457 3417 521 3483 qua
541 3405 725 3481 quaeratur,
748 3406 779 3461 et
800 3390 946 3462 homines
969 3397 1098 3480 dignos,
1121 3396 1310 3480 quibuscum
1333 3395 1522 3470 disseratur,
1545 3405 1667 3479 putant.
1700 3397 1792 3463 Philo

456 3498 576 3565 autem,
606 3490 682 3553 dum
710 3511 793 3555 nova
821 3492 975 3576 quaedam
1006 3496 1201 3564 commovet,
1232 3489 1318 3573 quod
1340 3508 1377 3551 ea
1401 3490 1558 3552 sustinere
1580 3490 1635 3553 vix
1658 3500 1791 3576 poterat,

457 3604 539 3670 quae
567 3592 676 3648 contra
701 3586 960 3648 Academicorum
986 3585 1190 3669 pertinaciam
1217 3584 1421 3658 dicebantur,
1449 3594 1481 3647 et
1501 3594 1609 3669 aperte
1631 3588 1792 3664 mentitur,

419 3688 492 3752 aaut
514 3689 562 3744 est
581 3680 794 3762 reprehensus
817 3700 835 3742 a
858 3687 945 3761 patre
961 3679 1088 3752 Catulo,
1112 3686 1159 3752 et,
1182 3685 1218 3740 ut
1237 3677 1347 3740 docuit
1363 3678 1556 3754 Antiochus,
1578 3679 1611 3741 in
1634 3681 1665 3744 id
1687 3682 1792 3764 ipsum

457 3794 492 3838 sc
514 3774 635 3847 induit,
658 3773 745 3856 quod
768 3773 909 3836 timebat.
956 3773 1033 3836 Cum
1057 3774 1142 3835 enirn
1167 3774 1210 3835 ita
1232 3781 1380 3854 negaret,
1403 3775 1571 3857 quicquam
1594 3794 1683 3849 esse,
1706 3774 1792 3858 quod

457 3868 685 3951 comprehendi
699 3877 807 3951 posset
816 3901 857 3915 -
868 3869 901 3931 id
915 3870 996 3932 enim
1011 3868 1156 3932 volumus
1169 3888 1239 3930 esse
1252 3861 1487 3946 ἀκατάληπτον
1500 3900 1551 3944 -,
1564 3868 1590 3929 si
1606 3867 1685 3932 illud
1698 3876 1792 3944 esset,

457 3964 540 4027 sicut
561 3965 647 4025 Zeno
671 3959 832 4037 deliniret,
855 3962 918 4025 talc
943 3964 1044 4025 visum
1060 3963 1185 4024 —iam
1209 3962 1292 4024 enim
1315 3962 1376 4024 boc
1399 3983 1456 4046 pro
1475 3963 1646 4052 φαντασίᾳ
1661 3964 1792 4026 verbum

457 4060 533 4122 satis
554 4057 705 4120 hesterno
727 4077 874 4119 sermone
896 4058 1040 4119 trivimus
1063 4087 1122 4129 -,
1146 4057 1247 4118 risum
1270 4055 1364 4137 igitur
1387 4056 1563 4139 inpressum
1587 4056 1792 4139 effictumque

419 4172 500 4226 mex
521 4170 571 4224 eo,
593 4151 678 4213 unde
701 4158 794 4223 esset,
818 4149 911 4233 quale
934 4170 1004 4213 esse
1026 4172 1091 4214 non
1114 4157 1238 4235 posset,
1262 4170 1303 4212 ex
1319 4169 1368 4223 eo,
1392 4151 1477 4213 unde
1499 4172 1562 4215 non
1579 4159 1676 4214 esset:
1698 4185 1738 4195 -
1760 4153 1791 4214 id

457 4264 518 4308 noa
539 4265 558 4307 a
579 4245 706 4308 Zenone
735 4240 897 4306 delinitum
927 4245 1102 4307 rectissime
1127 4244 1278 4316 dicimus;
1311 4245 1366 4327 qui
1389 4246 1471 4306 enim
1494 4253 1598 4329 potest
1622 4246 1791 4330 quicquam

457 4338 691 4422 conprehendi,
720 4345 756 4400 ut
782 4338 877 4422 plane
908 4335 1048 4402 confidas
1080 4347 1264 4422 perceptum
1293 4337 1325 4399 id
1348 4339 1571 4423 cognitumque
1595 4358 1679 4413 esse,
1707 4338 1790 4420 quod

458 4439 505 4496 est
520 4432 599 4507 tale,
615 4433 710 4517 quale
725 4433 775 4496 rel
790 4432 905 4496 salsum
921 4453 991 4497 esse
1006 4434 1132 4516 possit?
1149 4466 1190 4477 -
1212 4433 1273 4496 hoc
1287 4453 1359 4495 cnm
1375 4431 1510 4496 infirmat
1526 4434 1674 4518 tollitque
1689 4434 1791 4508 Philo,

522 4678 547 4727 2.
566 4677 592 4726 in
609 4677 728 4740 Hagnone
745 4677 844 4727 Christ:
864 4677 891 4726 in
906 4677 954 4727 bac
969 4691 1050 4727 nonne
1067 4678 1111 4737 1³¹,
1129 4678 1156 4726 in
1173 4677 1222 4726 bac
1238 4678 1325 4726 Nonne
1341 4677 1378 4733 V;
1396 4678 1423 4726 in
1440 4632 1487 4726 bdc
1507 4690 1583 4741 quam
1595 4680 1630 4738 A,
1649 4677 1698 4727 sed
1715 4691 1792 4739 quam

457 4765 495 4803 m.
513 4753 529 4803 2
547 4752 572 4801 in
590 4764 659 4807 res.;
677 4753 704 4801 in
720 4753 765 4801 boc
782 4765 859 4815 quam
876 4750 920 4810 n²;
943 4754 970 4801 in
987 4781 1018 4806 ..
1035 4754 1069 4811 03
1090 4753 1116 4801 in
1133 4754 1210 4802 Bionc
1227 4752 1334 4811 Lamb.;
1360 4754 1387 4801 in
1403 4753 1508 4801 Acmona
1525 4750 1682 4807 Guilelmus:
1701 4754 1728 4803 in
1743 4756 1792 4805 Ae-

456 4828 538 4878 scbine
554 4828 659 4878 Davies.
688 4829 771 4878 Acute
789 4826 853 4877 vidit
869 4827 958 4877 Christ
974 4828 1001 4876 in
1019 4826 1133 4877 lectione
1150 4829 1175 4876 in
1194 4829 1323 4877 bacncnne
1340 4841 1392 4877 non
1411 4826 1480 4876 aliud
1499 4840 1597 4878 nornen
1615 4828 1665 4877 nisi
1681 4828 1708 4877 in
1722 4828 1793 4892 Hag-

456 4901 633 4963 consistere,
653 4914 816 4967 quamquam
834 4902 963 4952 memoria
981 4903 1059 4953 buius
1076 4900 1386 4969 philosophiintercidit.
1402 4930 1429 4939 -
1449 4902 1593 4952 Cbamnada
1605 4904 1638 4951 V:
1657 4905 1793 4955 marmade

457 4980 490 5038 B;
508 4979 635 5048 comode
649 4980 670 5028 A
689 5002 716 5013 -
735 4977 877 5039 logumtiae
892 4975 922 5027 1³¹
943 5003 969 5013 —
987 4979 1059 5027 radic
1077 4977 1167 5028 ABv¹
1184 5005 1210 5015 -
1229 4978 1253 5028 3.
1273 4978 1428 5028 Carneadem
1446 4977 1495 5026 VO
1510 5004 1536 5013 -
1555 4979 1707 5028 tratooiceus
1722 4977 1789 5029 1³¹-

457 5052 483 5105 l.
498 5053 607 5117 abitione
624 5053 643 5101 Β
662 5078 690 5090 -
712 5052 737 5101 8.
756 5064 818 5115 quas
834 5063 878 5099 nos
895 5048 925 5100 A¹
944 5076 970 5086 -
996 5051 1020 5101 6.
1038 5052 1210 5115 inegredimur
1227 5053 1302 5111 ΑΨ,
1326 5055 1490 5116 aggredimur
1505 5050 1539 5101 V*
1558 5081 1585 5091 -
1607 5059 1636 5103 ut
1652 5054 1704 5104 AV
1720 5067 1789 5105 corr.

459 5143 492 5182 ex
509 5136 532 5180 et
545 5154 571 5165 -
592 5128 703 5190 modam
718 5125 750 5176 A¹
767 5127 879 5189 (cumam
893 5126 1030 5188 philosophi
1045 5126 1147 5189 bamb.)
1163 5151 1188 5164 -
1209 5128 1234 5178 7.
1253 5129 1311 5177 biv
1326 5156 1351 5164 -
1371 5128 1395 5179 8.
1414 5142 1458 5176 nec
1474 5130 1566 5178 ueroA
1580 5129 1637 5187 (sed
1648 5143 1663 5179 o
1674 5131 1700 5179 in
1712 5131 1790 5189 rael:

457 5218 503 5255 nec
522 5215 612 5253 uerum
634 5202 698 5262 av;
720 5214 765 5251 nec
786 5203 852 5252 enim
869 5201 888 5250 0
906 5214 968 5252 cunr
986 5204 1132 5253 Goerenzio
1156 5205 1209 5264 (nec
1227 5217 1315 5254 oerum
1332 5216 1382 5253 esse
1399 5204 1526 5265 disputare
1542 5204 1646 5264 bamb,
1667 5218 1712 5253 nec
1728 5205 1793 5253 enim

456 5293 545 5332 canen
568 5277 696 5328 maulia
716 5277 815 5327 ratione
837 5278 899 5339 disp.
920 5278 1312 5339 nortmannicarum:
1340 5278 1372 5328 ct.
1392 5278 1425 5328 dc
1443 5278 1575 5328 locutione
1592 5280 1659 5327 ratio
1675 5284 1710 5328 est
1727 5278 1791 5329 inira

458 5353 533 5420 fill.
556 5365 596 5403 or.
618 5364 644 5416 p.
663 5352 742 5403 Caec.
767 5351 782 5416 ὅ
800 5354 840 5402 44.
869 5355 945 5403 Auct.
965 5352 998 5402 ad
1016 5354 1078 5403 ller.
1098 5354 1140 5413 iv,
1159 5352 1174 5417 ἓ
1193 5353 1232 5404 48.
1255 5380 1281 5391 -
1301 5353 1324 5403 9,
1343 5354 1420 5417 {uisse
1437 5354 1467 5403 8ι
1487 5379 1512 5390 -
1533 5353 1573 5403 44).
1593 5354 1699 5419 agebant
1715 5353 1745 5403 Β*
1763 5379 1804 5395 -·

459 5431 500 5480 44.
517 5427 680 5489 cmuenpnn
698 5428 717 5477 C
737 5453 764 5463 -
785 5428 825 5477 ti.
844 5427 949 5489 aliquod
965 5430 985 5477 A
1006 5454 1032 5464 -
1054 5428 1093 5477 48.
1112 5429 1206 5478 clariter
1223 5442 1342 5492 senergea
1359 5429 1420 5479 C-
1441 5431 1480 5478 es.
1499 5441 1544 5479 nec
1560 5430 1600 5479 bic
1616 5430 1665 5480 AB
1680 5456 1707 5465 -
1725 5430 1793 5492 apet-

459 5503 528 5553 labat
544 5504 566 5552 A
584 5527 610 5538 -
637 5503 676 5552 lb.
691 5506 762 5565 putet
777 5503 823 5552 soti
840 5503 860 5552 0
880 5529 905 5539 -
931 5504 973 5553 47.
990 5504 1104 5553 uidentia
1120 5505 1139 5554 B
1158 5530 1185 5539 -
1209 5507 1321 5568 reperire
1337 5507 1358 5555 A
1377 5530 1404 5539 -
1431 5506 1471 5554 48.
1490 5510 1637 5555 censuerant
1653 5506 1703 5555 AB
1721 5519 1791 5557 corr.

460 5592 493 5628 er
509 5582 640 5627 cmserant
657 5602 685 5613 -
710 5578 750 5627 49.
767 5578 809 5626 aed
830 5591 862 5627 ea
878 5578 900 5626 V
920 5604 947 5614 -
971 5578 1012 5628 20.
1030 5580 1144 5641 satiarent
1160 5580 1192 5631 ΑΙ
1211 5607 1238 5617 -
1262 5580 1304 5631 23.
1323 5593 1354 5630 ea
1369 5582 1489 5630 sustinere
1506 5582 1585 5631 etiem
1604 5581 1637 5640 E,
1661 5591 1714 5630 non
1731 5586 1791 5632 rust.

460 5666 505 5715 eo,
523 5654 552 5701 ut
569 5652 714 5703 Goerenzio
731 5651 849 5702 conlisus
866 5651 939 5702 Klotz
956 5652 1040 5704 edidit
1057 5681 1084 5690 —
1104 5654 1146 5705 ii.
1164 5657 1327 5716 pertinatiam
1344 5657 1393 5706 AB
1411 5679 1437 5692 -
1458 5657 1498 5706 45.
1518 5655 1601 5707 Catuli
1617 5656 1750 5707 Manutius
1763 5682 1790 5692 -

460 5728 503 5779 27.
520 5728 703 5790 acmaiempton
721 5727 755 5783 C;
774 5724 958 5792 καταληπτόν
975 5731 1044 5778 coni.
1064 5729 1204 5780 Turnebus
1225 5757 1251 5767 -
1271 5730 1312 5781 88.
1330 5731 1443 5793 fantasia
1460 5731 1480 5781 C
1500 5757 1527 5767 -
1546 5731 1587 5781 29.
1606 5730 1793 5794 effictumunus

461 5802 543 5853 Paris.
557 5802 670 5852 Davisii:
689 5804 801 5867 effectum
812 5804 847 5861 C;
865 5804 972 5867 affictum
984 5806 1025 5854 est
1038 5806 1168 5856 Graecum
1185 5799 1443 5871 ἀπομεμαγμένον,
1461 5819 1478 5853 v
1500 5807 1574 5869 Diog.
1587 5806 1673 5855 baert.
1683 5804 1738 5864 Vll,
1750 5806 1792 5856 440.

464 5903 492 5914 -
506 5876 546 5927 80.
559 5878 625 5927 unde
635 5890 685 5928 esse
695 5878 756 5936 BV3
774 5879 840 5940 quod
857 5884 917 5928 esset
931 5882 958 5929 et
969 5878 1066 5930 deinde
1078 5881 1144 5941 quod
1154 5894 1204 5929 non
1215 5887 1276 5931 esset
1288 5880 1390 5932 bamb:
1410 5884 1436 5930 at
1454 5882 1544 5930 tuetur
1554 5878 1698 5930 lectionem
1710 5877 1794 5928 libro·

463 5964 523 6006 rum
534 5954 696 6020 Augustinus
707 5967 732 6006 c.
744 5954 825 6007 Acad.
839 5955 875 6018 lt,
888 5957 913 6019 5,
927 5957 967 6006 tt.
982 5978 1009 5996 ·
1030 5956 1070 6009 34.
1083 5969 1214 6028 quaquam
1225 5954 1256 6005 v¹
1268 5980 1295 5995 -
1315 5955 1355 6009 32.
1368 5956 1396 6011 id
1406 5956 1442 6007 C:
1460 5968 1514 6009 om.
1527 5956 1548 6006 0
1560 5966 1623 6010 cum
1634 5952 1713 6008 codd.
1725 5952 1791 6008 dett.
