4342 7459
718 1261 787 1324 nn.
809 1260 849 1324 u.
878 1259 953 1324 cn.
974 1258 1179 1323 xx-xxn
1205 1254 1251 1341 §a
1273 1254 1417 1322 ca-on.
1691 1248 1732 1316 eo

410 1428 551 1512 deosque
573 1436 705 1511 penates
725 1449 777 1491 me
799 1436 832 1492 et
851 1428 964 1492 ardere
985 1429 1092 1492 studio
1113 1429 1179 1490 veri
1201 1428 1380 1512 reperiendi
1403 1434 1436 1492 et
1449 1448 1486 1492 ea
1501 1429 1629 1503 sentire,
1653 1447 1735 1512 quae

408 1524 555 1586 dicerem.
599 1520 650 1584 66.
673 1521 736 1598 Qui
759 1524 842 1588 enim
865 1543 994 1607 possum
1018 1543 1083 1585 non
1107 1541 1222 1603 cupere
1244 1543 1355 1586 verum
1376 1523 1535 1596 iuvenire,
1564 1543 1635 1586 cum
1659 1541 1736 1604 gau·

407 1615 516 1689 deam,
545 1616 573 1679 si
595 1616 699 1679 simile
720 1619 787 1681 veri
808 1618 885 1701 quid
906 1618 1105 1680 invenerim?
1139 1614 1218 1689 Sed,
1247 1623 1284 1679 ut
1303 1617 1365 1679 hoc
1394 1616 1642 1698 pulcherrimum
1665 1635 1735 1679 esse

407 1709 530 1782 iudico,
558 1729 634 1772 vera
653 1710 776 1784 ridere,
805 1712 852 1774 sic
880 1730 939 1793 pro
960 1711 1044 1773 veris
1073 1708 1207 1791 probare
1228 1709 1308 1773 salsa
1329 1711 1545 1792 turpissimum
1567 1718 1626 1773 est.
1671 1711 1735 1772 Neo

407 1811 515 1864 tamen
543 1822 603 1883 ego
633 1805 660 1866 is
691 1825 777 1878 sum,
807 1807 863 1889 qui
891 1804 970 1867 nihil
991 1822 1142 1886 umquam
1164 1801 1236 1865 salsi
1258 1802 1448 1885 adprobem,
1478 1804 1532 1886 qui
1562 1813 1759 1887 numquamtt

407 1894 584 1969 adsentiar,
610 1898 666 1980 qui
687 1897 766 1960 nihil
788 1900 918 1980 opiner:
948 1897 1003 1960 sed
1027 1897 1211 1979 quaerimus
1234 1897 1273 1959 de
1296 1897 1448 1979 sapiente.
1483 1898 1551 1980 Ego
1572 1917 1647 1961 vero
1667 1898 1736 1980 ipse

408 1996 440 2050 et
460 2007 592 2070 magnus
616 1991 744 2074 quidem
773 2013 842 2055 sum
865 1992 1075 2074 opinator-
1097 2010 1162 2052 non
1185 1989 1269 2053 enim
1292 2010 1362 2053 sum
1385 1990 1512 2072 sapiens
1534 2024 1572 2037 -
1597 2000 1630 2054 et
1649 2009 1736 2053 meas

409 2082 616 2164 cogitationes
638 2085 684 2147 sic
706 2085 826 2166 dirigo,
849 2105 914 2147 nou
935 2084 975 2147 ad
997 2084 1084 2148 illam
1108 2085 1270 2166 parvulam
1294 2085 1505 2167 Cynosuram,

555 2198 635 2261 qua
656 2178 792 2241 sidunt
814 2181 913 2242 duee
935 2187 1134 2241 nocturna
1158 2179 1378 2242 Phoenices
1401 2180 1440 2240 in
1463 2181 1565 2255 alto,

408 2279 443 2334 ut
462 2271 508 2334 ait
527 2272 660 2346 Aratus,
683 2293 786 2356 eoque
809 2275 966 2337 directius.
981 2272 1172 2355 gubernant,
1196 2273 1283 2354 quod
1306 2291 1374 2336 eam
1396 2280 1524 2347 tenent,
1747 2273 1775 2329 to

555 2384 655 2448 quae
677 2386 800 2430 eursu
823 2368 1028 2429 interiore
1049 2366 1162 2427 brevi
1184 2368 1445 2429 convertitur
1465 2369 1574 2443 orbe,

408 2458 463 2521 sed
493 2459 627 2522 Helicen
657 2468 689 2523 et
715 2460 905 2524 clarissimos
935 2460 1190 2543 Septentriones,
1223 2460 1257 2523 id
1289 2469 1350 2533 est,
1381 2462 1520 2525 rationes
1542 2462 1599 2525 has
1623 2462 1736 2525 latiore

407 2554 530 2636 speeie,
558 2572 623 2615 non
653 2553 692 2615 ad
722 2562 818 2617 tenue
848 2554 1002 2617 elimatas.
1044 2555 1092 2616 Eo
1117 2555 1154 2616 lit
1176 2562 1210 2616 ut
1232 2574 1333 2618 errem
1355 2563 1387 2618 et
1408 2574 1503 2638 vager
1524 2557 1629 2620 latius.
1672 2555 1736 2619 Sed

407 2668 471 2711 non
506 2648 547 2710 de
580 2668 647 2721 me,
678 2656 713 2711 ut
742 2648 823 2722 dixi,
857 2647 974 2710 sedda
1006 2648 1148 2729 sapiente
1171 2650 1343 2731 quaeritur.
1380 2650 1561 2716 Visaenim
1584 2650 1736 2712 isiacum

408 2742 523 2804 acriter
553 2750 691 2804 mentem
720 2761 887 2806 sensumve
920 2741 1127 2823 pepulerunt,
1162 2743 1284 2825 accipio
1315 2743 1419 2826 iisque
1452 2744 1609 2806 interdum
1641 2743 1774 2806 ctiamta

408 2833 587 2908 adsentior,
609 2855 668 2898 nec
690 2837 834 2918 percipio
856 2843 977 2907 tumens
1007 2834 1085 2896 nihil
1109 2837 1193 2899 enim
1214 2835 1350 2900 arbitror
1371 2855 1466 2918 posse
1489 2837 1621 2919 percipi.
1664 2837 1735 2898 Non

408 2948 476 2991 snm
505 2930 650 3011 sapiens:
682 2929 792 3011 itaque
814 2930 891 2991 visis
919 2930 997 2992 codo
1020 2949 1079 2992 uec
1100 2922 1230 3011 possum
1253 2931 1412 2992 resistere.
1450 2931 1608 3012 Sapientis
1630 2937 1736 2993 autem

406 3021 488 3084 hanc
511 3028 621 3085 censet
641 3022 797 3086 Arcesilas
820 3024 883 3086 vim
906 3043 975 3086 esse
998 3024 1182 3096 maximam,
1205 3025 1325 3086 Zenoni
1348 3023 1546 3095 adsentiens,
1569 3043 1680 3086 cavere
1695 3042 1736 3085 ne

408 3115 567 3196 capiatur,
600 3135 640 3178 ne
669 3115 796 3178 fallatur
826 3117 944 3180 videre.
987 3115 1071 3178 Nihil
1103 3125 1151 3178 est
1173 3117 1257 3179 enim
1278 3117 1318 3178 ab
1340 3136 1379 3179 ea
1401 3117 1608 3200 cogitatione,
1642 3135 1735 3199 quam

406 3208 565 3272 habemus
589 3209 629 3271 de
659 3211 811 3291 gravitate
833 3212 1001 3293 sapientis,
1031 3230 1153 3283 errore,
1183 3210 1328 3283 levitate,
1356 3212 1533 3273 temeritate
1555 3210 1774 3273 diiunctiustn

408 3301 492 3377 Quid
514 3302 613 3384 igitur
633 3304 746 3386 loquar
768 3304 807 3366 de
829 3301 975 3367 firmitate
998 3305 1176 3386 sapientis?
1198 3325 1293 3387 quem
1309 3304 1438 3387 quidem
1462 3304 1542 3367 nihil
1557 3303 1679 3387 opinari
1702 3311 1736 3365 tu

407 3415 552 3478 qnoque,
580 3397 729 3471 Luculle,
760 3399 919 3460 concedis.
963 3398 1058 3474 Quod
1090 3399 1240 3482 quoniam
1263 3407 1333 3461 ate
1357 3399 1567 3481 probatur-
1589 3405 1625 3459 ut
1645 3415 1737 3478 prae·

407 3495 533 3570 pestere
561 3496 666 3553 tecm
695 3509 802 3574 agam3
836 3511 911 3553 mox
939 3492 1071 3555 referam
1100 3513 1150 3555 me
1180 3492 1220 3555 ad
1243 3492 1387 3555 ordinem
1408 3525 1465 3566 -,
1498 3492 1577 3554 haec
1599 3492 1736 3573 pn'mum

408 3582 572 3647 conclusio
593 3602 688 3666 quam
711 3584 826 3648 habeat
847 3587 911 3648 vim
933 3586 1107 3649 considera.

491 3677 577 3739 XXl.
600 3674 652 3739 67.
682 3679 715 3741 Si
739 3678 795 3740 ulli
818 3679 864 3741 rei
888 3678 1015 3761 sapiens
1037 3678 1233 3743 adsentietur
1253 3699 1421 3762 umquam,
1447 3677 1619 3763 aliqnando
1641 3678 1772 3741 etiamen

407 3769 606 3852 opinabitur:
641 3792 813 3855 numquam
842 3781 948 3835 autem
982 3773 1179 3854 opinabitur3
1212 3772 1291 3835 nulli
1323 3775 1419 3855 igitur
1448 3774 1495 3836 rei
1529 3771 1735 3835 adsentietur.

405 3864 495 3927 lianc
518 3865 753 3928 conclusionem
776 3867 932 3929 Arcesilas
954 3867 1124 3950 probabat:
1152 3867 1356 3930 confirmabat
1376 3869 1461 3929 enim
1489 3876 1521 3929 et
1548 3868 1683 3950 primum
1705 3873 1738 3929 et

406 3960 591 4021 secundum.
636 3959 813 4023 Carneades
844 3980 908 4022 nou
939 3980 1112 4043 numquam
1142 3960 1315 4024 secundum
1342 3959 1421 4022 illud
1443 3960 1554 4023 dabat:
1585 3962 1735 4023 adsentiri

406 4053 588 4134 aliquando.
631 4054 677 4115 lta
699 4054 892 4136 sequebatur
913 4056 1006 4118 etiam
1029 4055 1169 4135 opinari:
1201 4053 1287 4136 quod
1310 4062 1342 4116 tu
1365 4073 1429 4115 non
1452 4055 1500 4116 vis
1523 4061 1555 4116 et
1575 4062 1677 4127 recte,
1700 4062 1736 4116 ut

407 4146 484 4208 mihi
507 4147 634 4209 videris.
673 4147 734 4210 Sed
758 4147 837 4208 illud
859 4151 1012 4229 primum,
1039 4150 1229 4230 sapientem,
1253 4148 1492 4217 siadsensurus
1515 4156 1614 4221 esset,
1639 4148 1773 4209 etiamn

407 4241 624 4323 opinaturum,
647 4240 760 4304 falsum
784 4263 854 4304 esse
878 4239 932 4325 [et]
958 4244 1055 4304 Stoici
1078 4243 1188 4304 dicunt
1210 4250 1242 4303 et
1264 4261 1372 4303 eorum
1395 4239 1604 4323 adstipulator
1624 4241 1735 4303 Antio-

914 4404 1046 4411 .---..-..
1063 4405 1068 4410 .
1094 4405 1117 4409 ...
1130 4404 1165 4409 ....
1193 4404 1206 4408 -
1263 4404 1380 4408 mnu-,⁴
1390 4403 1411 4409 ...
1423 4404 1474 4409 -.-.
1483 4404 1570 4409 -..-.-.
1583 4404 1587 4408 .
1607 4404 1623 4408 -.
1634 4404 1734 4414 -.....-

472 4512 495 4557 l.
514 4511 669 4571 repperiendi
686 4513 706 4560 A
725 4536 751 4545 -
772 4512 795 4559 ἲ.
814 4525 901 4560 neroni
918 4511 948 4558 V¹
969 4539 994 4548 -
1015 4512 1038 4562 1.
1057 4515 1140 4561 indico
1158 4513 1276 4562 Ernesti:
1297 4513 1403 4561 indicem
1420 4514 1439 4562 C
1459 4537 1493 4555 -·
1506 4512 1530 4560 6.
1549 4512 1639 4572 opinor
1655 4509 1686 4560 Αι
1706 4537 1733 4549 -

406 4588 431 4637 1.
448 4588 551 4647 quidum
569 4588 706 4636 blanutius.
734 4589 792 4635 loci
812 4588 932 4636 meminit
948 4590 1107 4649 Augustinus
1126 4602 1148 4636 c.
1168 4587 1248 4636 Acad.
1270 4589 1314 4645 111,
1334 4586 1378 4644 11,
1398 4587 1438 4635 31.
1458 4614 1479 4622 -
1503 4599 1556 4634 anns
1574 4588 1592 4634 A
1611 4598 1670 4649 sup.
1690 4583 1733 4634 lin.

408 4690 435 4699 -
449 4664 474 4712 8.
492 4676 641 4724 cynosyram
659 4666 693 4718 A.
712 4663 852 4722 cinosyrmn
869 4663 888 4710 B
908 4688 933 4696 —
954 4662 977 4709 9.
992 4663 1139 4722 plionicesB
1155 4689 1177 4696 -
1201 4663 1240 4711 111.
1254 4663 1361 4711 directus
1374 4660 1402 4710 A¹
1418 4688 1443 4697 -
1463 4665 1543 4710 tenent
1556 4660 1574 4709 C
1585 4662 1618 4708 G:
1637 4665 1737 4709 teneant

407 4740 456 4789 ΕΟ
477 4764 501 4773 -
523 4741 562 4788 tt.
581 4738 721 4787 conectitur
737 4737 767 4783 111
785 4738 938 4796 tconuebitcr
954 4740 1050 4796 corut,
1069 4752 1161 4785 conuer
1178 4734 1207 4787 11ι
1226 4763 1252 4771 -
1274 4738 1313 4785 ti.
1332 4737 1373 4785 sed
1385 4737 1419 4786 C:
1438 4738 1479 4785 sed
1495 4738 1529 4784 cd
1546 4734 1652 4786 A²u²0.
1679 4737 1732 4787 Cic.

407 4817 445 4865 sic
463 4816 590 4877 perrexit,
609 4817 638 4863 ut
655 4826 723 4876 quae
741 4816 919 4874 sequuntura
939 4810 1027 4860 verbis
1039 4813 1105 4871 qnod
1116 4825 1171 4859 ecsn
1186 4816 1265 4859 tenent
1277 4814 1392 4874 aptaret,
1412 4811 1554 4873 exquibus
1570 4818 1638 4860 terreo
1655 4825 1735 4875 repc-

408 4890 517 4938 tendum
534 4893 590 4943 est:
615 4890 636 4938 si
654 4890 688 4935 ud
705 4888 907 4948 interposueris,
931 4887 1009 4935 etiam
1033 4889 1094 4933 ante
1111 4887 1221 4935 rationes
1237 4885 1391 4935 addendum
1409 4887 1471 4941 crit;
1496 4885 1577 4935 verba
1595 4892 1684 4936 autem
1702 4888 1737 4937 od

407 4970 479 5014 tenua
493 4964 528 5013 ab
544 4966 659 5013 etimctcs
675 4976 803 5026 suspensa
821 4965 891 5011 sunt.
912 4986 937 4996 -
957 4962 1133 5021 septentriones
1151 4961 1185 5007 V:
1206 4965 1328 5021 septemtr.
1348 4961 1427 5010 Allo
1446 4986 1472 4995 -
1493 4960 1533 5009 13.
1552 4963 1586 5009 ud
1602 4968 1673 5011 tenne
1689 4958 1734 5012 Al:

407 5046 505 5088 attente
523 5040 542 5087 C
562 5066 588 5074 -
608 5041 721 5088 elimatas
736 5043 755 5089 A
768 5038 808 5088 lli:
827 5040 927 5087 limatus
944 5038 1032 5087 B¹V0
1054 5064 1078 5072 -
1109 5036 1147 5087 tt.
1168 5038 1269 5085 uicisset
1286 5038 1315 5084 dc
1332 5034 1361 5085 Βι
1381 5063 1406 5071 -
1428 5038 1467 5085 15.
1487 5036 1598 5115 hiisqncs
1614 5040 1649 5093 A,
1667 5040 1737 5099 isque

407 5133 429 5177 v
446 5146 516 5183 corr.
536 5134 562 5182 in
579 5134 663 5193 hisque
682 5162 708 5170 -
734 5135 773 5181 tt.
792 5145 870 5193 neque
887 5133 936 5181 Gt)
955 5159 982 5168 —
1008 5134 1048 5181 20.
1069 5134 1188 5181 diinntius
1204 5132 1234 5180 Β1
1255 5159 1279 5168 -
1307 5132 1348 5180 at.
1368 5132 1487 5190 quidquid
1504 5133 1526 5178 V
1544 5156 1570 5166 -
1591 5131 1631 5179 22.
1651 5131 1737 5180 lccutle

407 5209 438 5257 Α*
456 5233 482 5242 -
503 5207 543 5255 23.
562 5221 639 5269 uqcsn
658 5205 702 5253 V’:
726 5221 811 5267 uqnm.
830 5208 883 5254 iem
900 5208 934 5261 (ἲς
959 5222 1045 5269 cqnm.
1064 5209 1116 5257 ium
1134 5211 1199 5257 enim
1216 5206 1285 5256 A²ss²
1303 5233 1330 5243 -
1356 5207 1417 5254 hoec
1432 5221 1473 5267 pr.
1491 5220 1513 5255 e.
1533 5220 1556 5266 q.
1575 5205 1664 5255 habeut
1680 5219 1733 5254 orn.

407 5278 437 5332 A¹
456 5308 483 5316 -
502 5282 543 5330 26.
562 5287 645 5330 cutem
661 5284 804 5343 opinabitur
821 5286 882 5331 sunt
900 5283 924 5331 in
940 5285 1092 5333 Ventrema
1111 5283 1191 5333 verba
1209 5283 1333 5345 paginae,
1353 5293 1469 5343 sequens
1487 5281 1578 5343 incipit
1595 5293 1609 5329 a
1625 5294 1650 5332 v.
1664 5280 1734 5337 nnlti,

407 5356 454 5406 sed
473 5359 499 5404 et
516 5358 540 5405 in
559 5361 675 5406 extrema
695 5359 782 5420 priore
800 5355 923 5406 columna
941 5361 967 5408 et
984 5359 1008 5406 in
1021 5371 1125 5408 summa
1140 5370 1206 5407 nova
1220 5356 1333 5419 spatium
1346 5357 1474 5417 scriptura
1487 5368 1602 5404 vacuum
1615 5353 1735 5404 relictum

407 5434 456 5479 est.
478 5456 504 5466 ·-
524 5431 564 5479 27.
584 5433 714 5479 arcessitos
731 5434 749 5481 B
765 5461 790 5468 -
810 5433 850 5482 28.
871 5432 947 5480 debut
964 5436 1063 5494 opinari
1081 5434 1233 5493 aliquundo;
1251 5433 1287 5479 ito
1304 5431 1398 5491 sequen.
1418 5432 1493 5478 etiam
1510 5432 1630 5479 adsentiri
1648 5431 1737 5478 blanu-

407 5505 503 5552 tius·
526 5509 549 5552 et
569 5508 702 5554 secundnm
724 5505 826 5563 l.amb.;
850 5508 997 5557 secondum:
1022 5515 1044 5556 et
1061 5509 1123 5556 iliud
1140 5508 1216 5557 dabat
1235 5509 1260 5556 P.
1282 5505 1378 5560 Faber;
1402 5505 1507 5554 Davisio
1524 5505 1657 5552 secundam
1674 5515 1734 5551 curn

407 5591 460 5627 uno
478 5581 558 5628 Paris.
578 5579 720 5629 delendum
739 5580 887 5630 videbatur.
922 5583 1052 5633 Lectionis
1070 5586 1194 5646 receptae
1213 5583 1342 5632 sententia
1360 5580 1477 5630 videtur:
1505 5578 1656 5628 Carneades
1673 5589 1735 5625 cunr

407 5654 523 5716 primurn
541 5653 603 5704 illud
622 5658 799 5719 sapientem,
818 5659 840 5705 si
858 5656 1021 5707 adsensurus
1039 5662 1126 5715 esset,
1145 5659 1311 5720 opinaturum
1323 5668 1399 5706 esse»
1417 5667 1502 5717 aeque
1514 5656 1593 5714 atque
1607 5649 1736 5701 Arcesilas

408 5728 560 5790 probasset,
580 5731 739 5781 insecundo
758 5733 905 5794 argumenti
924 5737 998 5796 purte
1017 5731 1079 5781 illud
1092 5731 1173 5780 dabat
1191 5730 1332 5781 «adsentiri
1349 5729 1520 5793 aliquando»,
1539 5726 1610 5776 unde
1627 5725 1736 5776 conclu·

408 5802 482 5851 sione
504 5803 571 5852 lacta
593 5805 757 5867 sequebatur
777 5807 924 5870 sapientem
944 5808 1024 5855 etiarn
1042 5807 1210 5869 opinaturum
1229 5820 1297 5857 esse.
1319 5832 1344 5841 —
1368 5805 1409 5854 29.
1429 5806 1464 5852 itc
1481 5802 1628 5863 sequebatur
1644 5804 1736 5852 blanu-

408 5878 474 5927 tius:
497 5880 525 5926 id
541 5880 722 5942 udseqnmutnr
739 5882 758 5930 C
777 5906 805 5915 -
828 5882 869 5931 31.
886 5882 978 5945 sanum
990 5881 1170 5930 --Ants'oclms
1190 5881 1268 5931 allent
1285 5881 1383 5930 Nonius
1400 5891 1426 5942 p.
1445 5879 1486 5929 69.
1506 5903 1533 5913 -
1552 5890 1602 5927 esse
1618 5877 1688 5927 stoici
1705 5879 1735 5926 At

408 5954 436 6000 st
452 5952 559 6003 Nonius.
