4342 7459
726 1246 795 1310 nm.
816 1247 855 1312 v.
883 1246 957 1312 cs».
980 1245 1165 1311 xr-xrv.
1192 1243 1238 1330 ep
1260 1244 1406 1311 ss-re.
1673 1248 1731 1318 su

407 1406 573 1472 laetabitur
594 1428 745 1493 umquam
766 1429 827 1472 nec
848 1409 1001 1473 maerebit
1022 1408 1132 1481 nimis,
1155 1408 1239 1491 quod
1262 1428 1387 1489 semper
1408 1407 1441 1473 in
1463 1429 1498 1471 se
1519 1409 1592 1493 ipso
1609 1430 1734 1478 omnem
1780 1479 1783 1484 ,

407 1520 493 1585 spem
516 1509 648 1583 reponet
669 1502 729 1566 sui.
772 1499 824 1564 37.
846 1504 895 1564 Ex
916 1504 978 1565 hec
999 1502 1097 1584 igitur
1118 1501 1256 1565 Platonis
1279 1501 1369 1585 quasi
1392 1502 1532 1585 quedam
1553 1513 1664 1568 sancte
1680 1526 1735 1569 nu·

407 1604 564 1678 pesteque
585 1595 672 1658 iente
694 1604 803 1660 nestra
825 1597 928 1660 omnis
951 1596 1091 1659 manabit
1112 1595 1222 1659 oratio.

489 1690 572 1752 Xlll.
595 1689 685 1753 Unde
706 1690 803 1773 igitur
824 1690 922 1753 ordiri
944 1691 1059 1753 rectius
1081 1709 1252 1772 possumus
1276 1710 1370 1775 quarn
1387 1709 1405 1753 a
1423 1692 1584 1755 communi
1604 1700 1736 1775 parente

406 1787 540 1849 natural
570 1803 661 1867 quae,
684 1783 838 1869 quicquid
861 1786 983 1867 genuit,
1011 1802 1076 1845 nen
1107 1783 1202 1846 mede
1225 1784 1360 1859 animal,
1387 1783 1444 1847 sed
1467 1784 1563 1848 etiam
1585 1786 1670 1869 quod
1693 1787 1759 1854 itas

406 1887 508 1944 ertum
532 1886 617 1942 esset
638 1898 656 1940 e
678 1886 775 1952 terra,
804 1885 841 1942 ut
868 1877 1020 1960 stirpibus
1042 1869 1108 1939 s⁸uis
1132 1878 1293 1953 niteretur,
1318 1879 1352 1941 in
1373 1898 1432 1941 sue
1455 1879 1597 1963 quidque
1619 1902 1735 1962 genere

407 1973 578 2057 perlectum
602 1991 672 2034 esse
693 1972 803 2036 voluit.
835 1973 947 2054 ltaque
969 1979 1002 2033 et
1022 1971 1152 2034 arbores
1175 1980 1206 2034 et
1228 1992 1280 2046 ea,
1303 1979 1476 2055 quaesunt
1497 1972 1736 2039 humilieranc-

407 2087 466 2151 que
488 2088 523 2131 se
546 2067 698 2129 tolleres
720 2075 802 2129 terra
824 2066 918 2129 altius
941 2074 1091 2146 possunt,
1113 2066 1176 2128 alia
1198 2086 1324 2149 semper
1338 2068 1455 2141 virent,
1478 2068 1540 2131 alia
1559 2067 1663 2132 hieme
1678 2089 1737 2131 nu·

408 2160 495 2233 dats,
521 2180 620 2224 verne
650 2170 792 2244 tempere
815 2159 972 2243 tepefacta
993 2159 1214 2234 frondescunt,
1244 2181 1349 2244 neque
1372 2170 1420 2225 est
1441 2161 1542 2225 ullum
1563 2163 1650 2246 qued
1671 2182 1736 2227 non

408 2256 449 2317 ita
470 2256 579 2337 vigeat
606 2256 755 2319 interiore
778 2256 915 2340 quedam
939 2262 1027 2317 motu
1049 2261 1080 2317 et
1102 2255 1168 2317 suis
1190 2255 1222 2316 in
1245 2274 1376 2340 quoque
1399 2256 1574 2319 seminibus
1595 2256 1775 2333 inclusisse

408 2356 442 2411 ut
461 2356 517 2411 aut
539 2349 634 2412 lieres
655 2358 710 2412 aut
729 2350 836 2432 fruges
858 2348 971 2412 tundat
991 2356 1045 2411 aut
1060 2348 1155 2411 bacas
1170 2349 1340 2434 omniaque
1354 2350 1387 2413 in
1403 2351 1560 2425 omnibus,
1583 2359 1736 2433 quantum

409 2441 440 2504 in
468 2442 548 2525 ipsis
569 2450 632 2518 est,
655 2444 742 2507 nulla
765 2444 794 2507 vi
818 2442 1010 2527 impediente
1032 2441 1171 2527 perlecta
1193 2442 1266 2505 sint.
1309 2440 1362 2506 38.
1386 2443 1522 2507 Facilius
1543 2463 1620 2507 vero
1642 2444 1736 2508 etiam

409 2534 440 2598 in
460 2536 590 2609 bestiis,
612 2536 699 2620 qued
722 2538 759 2600 iis
783 2557 896 2600 sensus
919 2558 936 2600 a
958 2545 1070 2599 natura
1087 2545 1135 2600 est
1151 2535 1253 2611 datus,
1275 2536 1323 2599 vis
1339 2537 1440 2619 ipsius
1455 2545 1586 2601 naturae
1601 2540 1737 2622 perspici

409 2638 519 2714 petest.
561 2631 704 2714 Namque
735 2632 814 2693 alias
836 2631 954 2693 bestias
976 2632 1080 2694 nantis
1103 2651 1258 2715 aquarum
1280 2631 1400 2695 incolas
1422 2651 1492 2694 esse
1514 2631 1630 2707 voluit,
1658 2632 1738 2696 alias

410 2724 553 2787 volucres
575 2725 663 2787 caelo
687 2724 748 2787 irni
771 2724 884 2797 libero,
907 2725 1064 2808 serpentis
1087 2725 1257 2809 quasdam,
1281 2725 1434 2809 quasdam
1458 2745 1528 2789 esse
1550 2725 1777 2807 gradientisrrs

410 2820 670 2900 earumipsarum
687 2818 801 2900 partim
818 2818 990 2900 solivagas,
1014 2818 1127 2901 partim
1144 2828 1360 2900 congregatas,
1382 2819 1519 2883 inmanis
1533 2820 1623 2894 alias,
1645 2840 1739 2905 quas·

410 2913 479 2975 dam
495 2923 602 2975 autem
619 2914 748 2986 cicures,
771 2933 836 2975 nen
852 2912 954 2974 nullas
969 2912 1093 2975 abditas
1109 2921 1256 2995 terraque
1272 2921 1381 2999 tectas.
1403 2916 1508 2998 Atque
1521 2933 1627 2977 earum
1643 2933 1740 2997 quae-

409 3027 470 3090 que
485 3026 579 3069 suum
594 3014 706 3068 tenens
721 3026 846 3079 munus,
862 3026 933 3069 cum
950 3006 983 3066 in
999 3006 1136 3087 disparis
1151 3005 1320 3069 animantis
1333 3008 1428 3069 vitam
1443 3010 1575 3071 transire
1586 3028 1652 3070 non
1666 3027 1740 3090 pos-

410 3101 457 3173 sit,
474 3108 583 3162 manet
597 3101 628 3162 in
644 3099 715 3181 lege
730 3110 872 3164 naturae.
894 3102 934 3163 Et
952 3109 986 3162 ut
999 3100 1110 3163 bestiis
1125 3099 1212 3162 aliud
1227 3098 1281 3161 alii
1296 3101 1458 3183 praecipui
1475 3109 1620 3167 enatura
1631 3101 1740 3164 datum

410 3202 472 3270 esi,
502 3194 591 3276 qued
618 3215 710 3257 suum
734 3214 882 3278 quaeque
909 3195 1024 3257 retinet
1045 3214 1105 3256 nec
1128 3193 1261 3256 discedit
1282 3193 1321 3256 ab
1345 3213 1399 3268 ee,
1426 3194 1473 3258 sic
1494 3195 1617 3258 homini
1639 3194 1777 3265 multene

411 3288 560 3372 quiddam
578 3291 803 3370 praestantius3
820 3291 880 3353 etsi
896 3290 1089 3371 praestantia
1105 3286 1222 3349 debent
1236 3306 1274 3349 ea
1286 3285 1360 3361 dici,
1377 3308 1459 3370 quas
1469 3288 1587 3351 habent
1600 3287 1738 3369 aliquam

411 3384 694 3466 comparationem
716 3384 874 3446 humanus
896 3391 1000 3446 autem
1023 3383 1146 3444 animus
1170 3381 1338 3464 decerptus
1361 3402 1401 3445 ex
1423 3390 1528 3446 mente
1543 3380 1650 3443 divina
1667 3400 1738 3443 cum

410 3476 470 3539 alio
499 3475 589 3539 nulle
618 3478 679 3540 nisi
711 3498 782 3540 cum
811 3479 881 3560 ipso
910 3476 983 3548 deo,
1018 3477 1044 3539 si
1066 3476 1128 3538 hoc
1149 3474 1196 3538 ias
1219 3484 1268 3538 cst
1290 3477 1393 3551 dictu,
1427 3475 1600 3559 comparari
1623 3482 1738 3558 potest

410 3566 459 3632 39.
481 3571 541 3633 llic
562 3571 658 3652 igitur
679 3571 705 3633 si
730 3580 779 3633 est
800 3571 946 3634 excultus
968 3571 1048 3633 etsi
1071 3571 1141 3632 eius
1162 3570 1246 3633 acies
1269 3571 1313 3633 ita
1336 3578 1445 3634 curata
1466 3578 1528 3645 est,
1550 3578 1587 3633 ut
1608 3589 1649 3633 ne
1668 3589 1740 3633 cas·

411 3674 532 3728 caretur
553 3665 723 3737 erroribus,
746 3665 782 3726 fit
804 3664 943 3747 perfecta
965 3684 1069 3745 mens,
1095 3664 1127 3726 id
1151 3672 1199 3727 est
1213 3664 1360 3728 absoluta
1374 3666 1466 3739 ratio,
1488 3665 1575 3748 qued
1590 3674 1639 3730 cst
1654 3666 1777 3733 idemse

411 3759 517 3821 virtus.
561 3759 603 3819 Et
630 3758 656 3819 si
686 3778 779 3821 omne
806 3760 932 3821 beatum
963 3766 1010 3821 est
1032 3759 1082 3821 cui
1105 3757 1185 3820 nihil
1208 3759 1300 3822 deest
1322 3768 1354 3823 et
1375 3760 1461 3843 qued
1484 3759 1518 3821 in
1541 3779 1600 3823 sue
1623 3780 1739 3844 genere

410 3853 568 3937 expletum
590 3860 687 3933 atque
710 3854 901 3916 cumulatum
925 3860 986 3925 est,
1010 3852 1108 3933 idque
1123 3853 1247 3915 virtutis
1263 3862 1311 3917 est
1327 3853 1506 3935 proprium,
1529 3861 1613 3917 certe
1629 3874 1739 3917 omncs

410 3946 531 4009 virtutis
553 3953 716 4027 compotes
737 3947 821 4010 beati
844 3954 926 4010 sunt
962 3948 1002 4008 Et
1028 3945 1090 4008 hec
1112 3945 1241 4030 quidem
1265 3948 1342 4010 mihi
1365 3967 1438 4010 cum
1460 3948 1558 4010 Brute
1581 3949 1738 4023 convenit,

410 4040 510 4102 idest
537 4060 607 4102 cum
629 4041 814 4114 Aristotele,
844 4042 1038 4112 Xenocrate,
1062 4040 1258 4123 Speusippo,
1281 4040 1460 4104 Polemone.
1501 4036 1552 4102 40.
1576 4040 1638 4104 Sed
1661 4041 1739 4104 milri

409 4134 555 4197 videntur
578 4134 673 4196 etiam
696 4134 880 4198 beatissimi.
918 4133 1001 4207 Quid
1025 4133 1109 4194 enim
1133 4134 1222 4196 deest
1244 4134 1282 4196 ad
1305 4134 1396 4198 beate
1418 4134 1589 4197 vivendum
1612 4137 1660 4209 ei,
1683 4137 1777 4219 quiae

410 4228 538 4292 confidit
568 4230 634 4291 suis
657 4229 771 4291 benis?
800 4236 855 4290 aut
878 4229 933 4310 qui
957 4224 1072 4289 diffidit
1095 4228 1205 4289 beatus
1228 4247 1297 4290 esse
1321 4229 1376 4310 qui
1399 4232 1525 4310 potest‘l
1554 4229 1595 4290 At
1618 4225 1739 4291 diffidat

409 4345 537 4387 necesse
568 4333 631 4397 est,
660 4324 716 4405 qui
747 4324 831 4384 hona
860 4321 973 4383 dividit
1000 4321 1169 4403 tripertito·
1218 4322 1302 4382 xiv.
1333 4321 1396 4396 Qui
1426 4322 1509 4384 enirn
1540 4323 1655 4406 peterit
1684 4329 1740 4386 aut

410 4420 548 4501 corperis
572 4416 715 4480 firmitate
738 4427 791 4480 aut
812 4417 957 4479 fortunae
980 4416 1150 4478 stabilitate
1174 4412 1355 4478 confidere?
1378 4416 1472 4498 atqui
1494 4416 1556 4479 nisi
1579 4417 1685 4479 stabili
1708 4425 1739 4480 et

409 4508 471 4574 fixo
494 4519 525 4574 et
547 4519 753 4594 permanente
775 4512 859 4573 hone
882 4512 992 4573 beatus
1014 4530 1085 4573 esse
1108 4530 1202 4573 neme
1225 4517 1338 4593 petest.
1373 4509 1551 4592 Quiderge
1567 4512 1738 4575 eiusmodi

408 4607 537 4670 istorum
561 4608 631 4667 est‘t
660 4615 695 4667 ut
723 4605 799 4667 mihi
823 4605 955 4667 Laconis
977 4604 1055 4666 illud
1079 4605 1197 4667 dictum
1221 4605 1253 4666 ie
1276 4605 1335 4668 hos
1357 4604 1470 4667 cadere
1493 4604 1653 4681 rideatur,
1682 4606 1776 4689 quiae

408 4698 554 4781 glorianti
577 4699 700 4762 cuidam
723 4700 902 4772 mercatori,
934 4700 1021 4781 quod
1051 4700 1163 4761 multas
1187 4700 1276 4761 navis
1304 4698 1338 4760 in
1361 4718 1486 4762 emnem
1510 4718 1596 4762 eram
1620 4700 1737 4764 mariti·

408 4813 487 4856 mam
511 4794 697 4866 dimisisset,
722 4794 811 4855 «Non
834 4812 910 4855 sene
933 4793 1080 4874 optabilis
1104 4794 1164 4856 ista
1188 4791 1355 4875 quidemn,
1386 4793 1508 4876 inquit,
1533 4791 1737 4856 erodentibus

407 5060 510 5120 sumpta
524 5070 538 5104 a
553 5055 658 5105 Platone
671 5058 745 5112 sunt,
765 5056 844 5104 etiam
863 5055 930 5104 haec
948 5058 1076 5111 extrema,
1096 5055 1161 5116 qued
1177 5067 1273 5116 semper
1288 5056 1316 5103 in
1332 5067 1357 5104 se
1372 5054 1425 5115 ipse
1441 5068 1538 5105 emnem
1553 5068 1621 5118 apem
1636 5061 1739 5118 reportet

406 5134 457 5192 sui,
481 5131 577 5195 quibus
599 5129 689 5179 verbis
713 5128 825 5181 Platonis
848 5128 910 5179 illud
933 5126 980 5179 διὰ
1002 5127 1035 5179 τὸ
1057 5126 1135 5195 αὐτῷ
1157 5130 1326 5180 πεποιθέναι
1348 5128 1426 5193 paulo
1447 5129 1551 5194 plenius
1568 5131 1684 5182 reddidit
1701 5133 1735 5182 nt.

407 5205 518 5268 lirllius,
537 5207 612 5256 cuius
631 5206 714 5254 oratio
733 5206 850 5267 adsurgit
869 5205 924 5254 lere
943 5209 1012 5264 tum,
1036 5205 1080 5254 ubi
1100 5206 1213 5255 Platonis
1230 5204 1312 5255 verba
1331 5206 1476 5263 convertit,
1495 5209 1523 5255 ut
1542 5208 1551 5255 l
1570 5206 1585 5269 5
1603 5206 1634 5257 si
1651 5208 1738 5269 Itaque

408 5281 678 5330 duodone--oenitur
694 5281 771 5336 ratio,
796 5281 840 5329 ubi
859 5281 955 5330 eodem
974 5282 1054 5330 modo
1073 5284 1231 5345 interpretes
1249 5280 1304 5331 lulsi
1323 5284 1410 5331 suet.»
1430 5281 1520 5331 Krerz.
1540 5307 1567 5317 -
1588 5285 1614 5331 4.
1630 5283 1684 5345 ipse
1701 5283 1736 5332 B:

407 5360 458 5420 ipse
474 5359 553 5407 GRO
573 5384 599 5392 -
619 5358 642 5406 t.
662 5360 759 5419 reponit
776 5360 796 5407 0
811 5387 837 5394 -
858 5358 881 5408 3.
900 5358 1009 5407 monebit
1026 5359 1074 5406 GR
1096 5384 1122 5392 -
1142 5356 1165 5406 l.
1185 5359 1247 5407 eriri
1265 5358 1326 5406 C-
1346 5357 1370 5405 9.
1388 5357 1533 5418 (oedercunt
1551 5358 1570 5405 G
1590 5380 1617 5392 -
1637 5358 1678 5407 40.
1696 5358 1737 5406 ui-

407 5439 481 5496 peout
499 5433 558 5481 Gli.
578 5432 642 5481 Vide
660 5432 693 5480 ed
713 5434 744 5481 ill
763 5432 777 5495 5
794 5434 834 5483 34,
846 5460 878 5469 -
896 5436 936 5483 44.
955 5440 982 5482 ut
999 5438 1044 5481 eut
1064 5435 1091 5495 fl.
1105 5438 1149 5481 out
1168 5433 1203 5494 [r.
1216 5433 1324 5493 [madent
1341 5437 1385 5481 out
1402 5431 1478 5481 bocer
1488 5432 1587 5482 Nonius
1600 5444 1625 5494 p.
1636 5430 1693 5481 3⁴².
1707 5458 1734 5468 -

409 5509 448 5557 ti.
466 5514 501 5558 est
519 5506 649 5557 Halmius:
669 5510 701 5556 sit
713 5509 759 5556 CO
774 5533 800 5544 -
817 5510 850 5573 ui]
868 5512 920 5559 uim
938 5511 986 5558 GR
1001 5533 1028 5543 -
1049 5508 1089 5556 43.
1107 5508 1144 5556 iis
1157 5509 1206 5557 CO
1222 5534 1247 5542 -
1268 5508 1307 5556 46.
1326 5508 1422 5570 pertire
1437 5508 1563 5571 sotieopes
1574 5532 1611 5543 ··
1622 5506 1736 5565 omres:

408 5584 538 5632 amentias
548 5609 583 5619 --
595 5588 672 5631 tectos
689 5585 786 5633 Nonius
804 5599 829 5648 p.
844 5585 884 5634 93.
903 5611 926 5622 -
947 5586 988 5633 20.
1002 5583 1120 5633 discendit
1138 5585 1186 5633 Gll
1205 5586 1231 5632 et
1248 5584 1387 5647 (expuncta
1399 5585 1424 5643 n)
1442 5583 1462 5632 B
1477 5610 1502 5618 —
1523 5582 1564 5631 ²3.
1579 5581 1648 5631 nullo
1663 5582 1737 5631 modo

408 5659 454 5707 nisi
471 5660 500 5716 G,
518 5658 567 5707 sed
584 5658 657 5706 mode
675 5662 800 5719 ‹puattuor
820 5660 922 5719 punctis
941 5659 1048 5709 eadm.
1064 5661 1182 5708 notatum
1202 5661 1251 5708 est.
1267 5685 1294 5695 -·
1315 5657 1356 5709 il.
1375 5643 1489 5708 cocceius
1505 5658 1525 5707 0
1544 5681 1572 5691 -
1590 5656 1632 5705 27.
1651 5660 1738 5706 44444444-

408 5734 485 5783 tuen
503 5736 532 5783 0¹
552 5760 578 5770 -
599 5735 679 5783 omnis
696 5735 744 5782 Gli
766 5761 791 5768 -
811 5736 851 5783 til.
871 5736 930 5783 milri
948 5734 1046 5797 quidem
1060 5735 1079 5783 B
1095 5761 1121 5771 -
1141 5734 1181 5783 29.
1199 5735 1329 5796 pseusippo
1347 5736 1396 5783 Glt
1411 5760 1436 5770 -
1457 5732 1497 5781 34.
1512 5731 1639 5794 sipost„
1650 5731 1737 5795 dipdet

409 5812 428 5858 (3
447 5837 473 5847 -
494 5810 534 5859 32.
553 5809 667 5871 tripertio
686 5811 703 5857 ll
724 5837 751 5845 -
771 5810 810 5858 33.
827 5812 943 5872 tenuati
961 5810 1009 5859 GB
1030 5835 1056 5843 -
1081 5808 1121 5857 37.
1141 5810 1239 5871 quidem
1254 5811 1303 5859 istc
1321 5810 1371 5858 CO.
1395 5806 1477 5857 «Edd.
1496 5808 1559 5856 vett.
1578 5808 1636 5855 sine
1654 5805 1736 5857 dubie

408 5888 505 5936 rectius
523 5886 571 5933 isto
582 5886 694 5945 quidem
714 5884 747 5933 ct.
761 5884 795 5934 dc
813 5885 882 5934 Oret.
904 5886 925 5933 11
943 5884 957 5947 ξ
975 5884 1016 5934 98.
1041 5884 1145 5946 Madvig
1163 5883 1197 5933 ed
1215 5885 1267 5935 Fin.
1283 5883 1369 5947 1V‚t3
1388 5895 1449 5933 cum
1461 5882 1540 5943 add,
1558 5878 1669 5947 Philipp.
1679 5881 1733 5945 lili,

409 5960 448 6011 48.
465 5959 511 6011 ubi
527 5962 618 6022 tertam
633 5962 704 6011 ittam
720 5962 818 6025 quidem
835 5961 978 6012 Muretus·
997 5961 1039 6011 W.
1059 5960 1097 6011 Ci.
1116 5960 1159 6025 Ν,
1177 5960 1218 6011 ea.
