4342 7459
641 1281 708 1345 su.
729 1280 769 1344 11.
796 1279 871 1345 cre.
892 1278 1212 1345 xxxv-xxxvi.
1239 1277 1286 1364 ps
1307 1275 1492 1380 timim.
1687 1272 1728 1341 te

408 1450 547 1514 Diodoto
573 1448 651 1532 quid
679 1448 809 1523 faciam,
837 1449 961 1523 Stoica,
989 1468 1126 1532 querna
1152 1468 1250 1531 puero
1271 1447 1402 1512 audivii
1431 1452 1486 1533 qui
1508 1471 1632 1515 mecum
1653 1450 1732 1514 vivit

408 1552 454 1608 tot
474 1548 598 1607 annosi
627 1543 683 1628 qui
704 1543 826 1606 habitat
846 1541 930 1625 apud
952 1546 1025 1605 mei
1053 1562 1147 1625 quem
1170 1550 1203 1605 et
1227 1542 1366 1606 admiror
1387 1551 1420 1606 et
1441 1543 1562 1626 diligoi
1594 1545 1649 1627 qui
1670 1545 1731 1607 ista

406 1637 582 1701 Antiochea
610 1636 793 1700 contemnit.
833 1637 964 1708 Nostra,
996 1635 1137 1719 inquies,
1170 1634 1239 1697 sola
1260 1655 1334 1699 vera
1361 1642 1443 1699 sunt.
1479 1637 1570 1700 Certe
1592 1636 1675 1712 sala,
1705 1635 1731 1699 si

407 1749 498 1804 vera3
520 1730 612 1812 plura
634 1730 719 1792 enim
740 1747 815 1791 vera
837 1728 1048 1811 discrepantia
1069 1748 1140 1792 esse
1162 1748 1227 1791 non
1248 1733 1391 1812 possunt.
1424 1731 1534 1794 Utrum
1555 1730 1652 1812 igitur
1672 1748 1731 1792 nos

408 1824 614 1907 inpudentes,
645 1823 700 1905 qui
726 1821 789 1884 labi
810 1822 965 1895 nolimus,
997 1841 1036 1883 an
1059 1821 1107 1884 illi
1128 1823 1330 1905 adrogantes,
1360 1824 1416 1905 qui
1438 1825 1497 1888 sibi
1518 1823 1756 1907 persuaserints

408 1919 486 1981 scire
509 1936 543 1980 sa
566 1916 654 1979 salas
676 1915 803 1977 omnia?
833 1916 904 1976 Non
919 1935 970 1977 me
984 1915 1129 1998 quidem,
1152 1916 1272 1997 inquit,
1294 1916 1350 1979 sed
1365 1919 1538 2001 sapientem
1554 1916 1625 1979 dico
1641 1916 1731 1979 scire.

409 2011 553 2094 Optime:
585 2030 701 2091 nempe
732 2010 794 2072 ista
825 2009 921 2082 scire,
956 2027 1038 2092 quae
1064 2009 1191 2071 suntin
1214 2016 1269 2071 tua
1291 2010 1467 2092 disciplina.
1508 2010 1578 2074 Hoc
1597 2009 1732 2092 primum

408 2104 500 2188 quale
522 2111 586 2179 est,
607 2122 627 2166 a
649 2122 712 2166 non
735 2102 878 2183 sapiente
902 2101 1056 2183 explicari
1085 2102 1295 2183 sapientiam?
1329 2102 1391 2167 Sed
1414 2105 1613 2167 discedamus
1635 2123 1654 2164 a
1675 2121 1733 2164 no·

408 2199 523 2261 bismet
542 2197 637 2279 ipsis:
659 2195 699 2258 de
722 2196 864 2277 sapiente
886 2194 1073 2278 loquamur,
1096 2196 1135 2259 de
1158 2215 1237 2279 quo,
1266 2203 1302 2261 ut
1322 2217 1418 2281 saepe
1439 2198 1502 2260 iam
1524 2196 1606 2270 dixi,
1628 2195 1732 2259 amnis

408 2288 485 2354 baec
507 2290 653 2373 quaestio
674 2296 733 2351 est.
1742 2315 1770 2362 to

491 2380 563 2445 itti.
586 2384 621 2445 ln
644 2391 708 2446 tres
728 2382 825 2465 igitur
847 2388 952 2464 partes
974 2390 1007 2445 et
1028 2402 1047 2445 a
1068 2383 1230 2467 plerisque
1253 2392 1286 2449 et
1305 2405 1324 2449 a
1346 2385 1501 2448 vobismet
1527 2383 1607 2467 ipsis
1628 2380 1733 2444 distri·

407 2480 483 2542 buta
516 2477 673 2561 sapientia
704 2484 761 2540 est
803 2475 940 2538 Primum
963 2495 1057 2558 ergo,
1090 2478 1116 2539 si
1149 2477 1268 2560 placet,
1300 2497 1381 2561 quae
1415 2478 1455 2541 de
1486 2484 1598 2541 natura
1629 2495 1732 2539 rerum

408 2575 471 2636 sint
492 2572 654 2656 quaesita,
683 2569 863 2641 videamus,
891 2569 943 2631 vel
963 2569 1042 2632 illud
1064 2580 1155 2635 ante:
1183 2580 1274 2635 estne
1300 2574 1469 2655 quisquam
1496 2578 1583 2634 tanto
1606 2570 1732 2633 intlatus

408 2686 528 2740 enare,
549 2674 585 2728 ut
605 2665 666 2727 sibi
688 2684 723 2727 se
744 2662 800 2725 illa
822 2663 903 2724 scire
926 2666 1139 2744 persuaserit‘l
1171 2666 1241 2728 Non
1264 2685 1382 2750 quaero
1404 2666 1543 2728 rationes
1565 2683 1629 2737 eas,
1650 2682 1732 2746 quae

407 2779 448 2824 ex
476 2761 660 2824 coniectura
693 2756 851 2839 pendent3
885 2776 967 2838 quae
1000 2756 1264 2840 disputationibus
1297 2760 1359 2822 huc
1386 2766 1418 2822 et
1446 2758 1521 2823 illuc
1551 2756 1770 2832 tranantem„

407 2854 526 2917 nullam
556 2852 706 2917 adhibent
736 2849 946 2933 persuadendi
975 2853 1206 2914 necessitatem.
1243 2854 1429 2916 Geometrae
1450 2851 1652 2936 pmvideant,
1676 2851 1732 2933 qui

408 2966 442 3010 se
468 2944 655 3029 profitentur
680 2965 746 3007 non
775 2943 984 3025 persuadere,
1013 2946 1068 3007 sed
1099 2965 1226 3027 cogere,
1257 2947 1367 3029 etqui
1388 2946 1494 3010 omnia
1515 2945 1621 3019 vobis,
1651 2963 1733 3028 quae

408 3039 606 3112 describant,
635 3039 779 3121 probant.
826 3039 897 3099 Non
928 3057 1047 3120 quaero
1077 3059 1119 3100 ex
1150 3039 1200 3101 his
1232 3039 1287 3102 illa
1318 3040 1408 3104 inilia
1434 3039 1733 3110 mathematicorum,

408 3132 524 3217 quibus
560 3151 622 3195 non
660 3131 819 3196 concessis
848 3130 979 3213 digitum
1009 3131 1158 3214 progredi
1187 3151 1253 3194 nan
1282 3141 1431 3215 possunt:
1464 3140 1616 3215 punctum
1646 3150 1733 3203 esse,

408 3226 494 3311 quod
526 3225 774 3309 magnitudinem
807 3223 925 3287 nullam
955 3223 1089 3288 babeat:
1128 3227 1354 3289 extremitatem
1384 3235 1417 3290 et
1443 3226 1534 3308 quasi
1564 3225 1768 3300 libramen-20

409 3330 491 3394 tum,
520 3322 554 3383 in
577 3339 644 3403 quo
671 3319 761 3383 nulla
787 3319 916 3381 omnino
946 3318 1121 3382 crassitudo
1142 3318 1201 3381 sit:
1228 3318 1442 3383 liniamentum
1465 3318 1489 3399 ἦ
1511 3320 1578 3382 sine
1600 3317 1666 3381 ulla
1688 3317 1733 3379 la·

409 3414 543 3478 titudine
571 3421 739 3477 carentem.
775 3412 862 3475 llaec
892 3432 962 3474 cum
990 3432 1065 3475 vera
1095 3432 1165 3475 esse
1187 3432 1393 3489 concessero,
1422 3414 1450 3476 si
1470 3413 1595 3494 adigam
1615 3412 1665 3475 ius
1686 3410 1733 3472 iu-

408 3508 539 3571 randum
561 3508 752 3591 sapientem,
775 3526 834 3568 nec
855 3507 959 3587 prius,
983 3526 1077 3588 quam
1093 3506 1298 3570 Archimedes
1320 3528 1358 3572 eo
1380 3508 1574 3591 inspectante
1595 3505 1733 3569 rationes

409 3621 519 3666 omnes
548 3601 751 3684 descripserit
772 3620 842 3673 eas,
866 3600 981 3682 quibus
1004 3600 1142 3664 efficitur
1163 3601 1272 3664 multis
1297 3602 1438 3685 partibus
1460 3601 1559 3665 solem
1582 3601 1733 3664 maiorem

408 3716 478 3759 esse
506 3715 601 3777 quam
623 3703 756 3768 terram,
787 3695 962 3756 iuraturum
992 3698 1109 3776 putas‘l
1144 3695 1177 3757 Si
1205 3693 1330 3770 lecerit,
1359 3696 1459 3759 solem
1489 3697 1608 3778 ipsum,
1638 3714 1770 3778 quemgg

408 3789 501 3852 deum
529 3797 639 3851 censet
666 3809 754 3861 esse,
782 3788 1017 3868 contempserit
1061 3783 1132 3849 tt7.
1161 3787 1255 3863 Quod
1286 3790 1313 3852 si
1335 3791 1534 3872 geometricis
1556 3788 1733 3852 rationibus

409 3902 470 3945 uon
499 3889 548 3945 est
568 3883 760 3953 crediturus,
793 3900 875 3964 quae
897 3882 961 3943 rim
986 3880 1133 3945 adierunt
1153 3882 1186 3943 in
1210 3881 1370 3957 docendo,
1399 3903 1456 3946 vos
1477 3883 1539 3965 ipsi
1560 3889 1597 3945 ut
1618 3881 1733 3955 dicitis,

409 3996 447 4038 ne
469 3975 524 4039 ille
546 3975 640 4057 longe
661 3975 763 4038 aberit
783 3983 819 4038 ut
839 3976 1033 4056 argumentis
1046 3977 1153 4038 credat
1172 3974 1448 4059 philosophorum,
1470 3985 1540 4052 aut,
1562 3977 1589 4039 si
1605 3984 1653 4040 est
1666 3996 1733 4039 cre-

409 4069 549 4142 diturus,
572 4089 707 4151 quorum
736 4069 959 4151 potissimum?
993 4067 1106 4130 Omnia
1130 4069 1216 4130 enim
1238 4068 1439 4151 physicorum
1462 4070 1537 4133 licet
1557 4070 1732 4153 explicam

473 4322 495 4369 l.
516 4319 663 4369 DiodoroE
691 4346 716 4354 -
740 4320 764 4369 3.
781 4319 916 4368 Antiochea
936 4319 1022 4368 DEr:
1050 4320 1205 4379 antgacbaea
1221 4322 1254 4378 ll,
1278 4320 1409 4380 atlantica
1434 4322 1469 4381 G,
1495 4320 1623 4371 Antiochia
1640 4323 1684 4371 vO
1705 4351 1731 4359 -

408 4397 555 4457 contempnit
574 4399 592 4444 Α
612 4420 638 4430 -
659 4397 682 4443 5.
702 4396 895 4456 imprudentesl
919 4393 977 4443 cod.
997 4396 1060 4444 Dav.
1083 4421 1107 4429 -
1129 4395 1233 4443 nolimus
1249 4396 1360 4458 scripsi:
1379 4396 1493 4443 nolumus
1510 4395 1587 4445 codd.
1601 4399 1627 4445 et
1641 4397 1660 4445 0
1675 4398 1731 4456 (nol.

409 4469 444 4531 θ’)
465 4499 490 4506 -
513 4472 552 4519 tt.
571 4470 689 4518 natumst
706 4471 769 4525 EG;
794 4473 820 4519 at
837 4471 909 4519 recte
927 4469 1031 4530 iladvig
1050 4471 1073 4527 l,
1093 4468 1155 4517 itit:
1182 4470 1290 4518 «Cicero
1309 4482 1369 4518 cum
1388 4472 1479 4520 contra
1497 4472 1598 4521 Stoicos
1615 4471 1733 4535 disputa-

408 4549 481 4595 turus
498 4548 584 4604 esset,
603 4546 705 4595 monuit
722 4546 836 4595 eandem
854 4558 948 4595 eorum
966 4544 1178 4594 distributionem
1197 4557 1256 4593 esse
1274 4557 1305 4593 ac
1323 4547 1500 4595 ceterorum.»
1515 4571 1542 4580 -
1563 4545 1602 4595 ta.
1620 4548 1668 4595 sint
1685 4547 1733 4596 ΑΒ

408 4622 468 4671 EG:
492 4627 549 4670 eunt
571 4621 591 4669 0
614 4647 640 4656 —
664 4621 702 4669 ael
722 4623 830 4685 scripsi:
854 4622 922 4670 uelut
939 4620 1017 4669 codd.
1037 4622 1110 4678 eto,
1129 4617 1177 4668 sed
1194 4619 1237 4668 hic
1254 4631 1315 4669 cum
1333 4620 1421 4669 crucis
1441 4620 1531 4682 signo,
1557 4633 1643 4668 amum
1663 4622 1731 4670 coni.

408 4698 516 4752 Daries;
536 4698 561 4745 in
579 4694 692 4745 lectione
709 4697 774 4745 aelul
791 4709 854 4745 vera
872 4698 899 4745 et
916 4695 1060 4759 depravata
1081 4694 1153 4757 (nam
1170 4694 1208 4742 ael
1225 4696 1251 4741 et
1267 4698 1294 4741 at
1311 4706 1391 4756 saepe
1410 4694 1478 4743 inter
1495 4706 1524 4744 se
1542 4698 1732 4758 permutantur)

408 4772 562 4820 coniunctae
580 4769 711 4820 videntur.
735 4799 760 4807 -
779 4776 837 4820 ante
853 4772 945 4820 ABE:
965 4784 982 4818 a
999 4775 1022 4819 te
1038 4771 1059 4818 G
1079 4796 1104 4804 -
1125 4769 1226 4831 inflatur
1242 4772 1338 4817 tumore
1354 4766 1477 4830 Bentley3
1498 4772 1524 4818 al
1538 4767 1570 4818 ci.
1585 4768 1618 4818 de
1630 4769 1698 4818 oltic.
1714 4772 1731 4828 Ι,

408 4846 466 4907 git
493 4846 575 4908 inflati
595 4845 757 4907 opinionibus.
781 4874 807 4882 -
835 4847 874 4895 16,
893 4846 990 4894 nullam
1013 4841 1173 4908 nauplio.
1195 4869 1220 4878 -
1249 4844 1288 4892 ti.
1308 4849 1330 4893 et
1347 4844 1407 4905 quia
1423 4846 1458 4902 Α;
1477 4845 1733 4907 argat--proeantt

407 4921 501 4970 Davies
521 4947 546 4955 -
574 4922 614 4971 lii.
633 4921 729 4970 nobiti
752 4921 810 4970 cod.
830 4923 895 4971 Dav.
915 4946 942 4956 -
969 4921 1009 4969 ts.
1029 4920 1118 4983 quibus
1138 4918 1255 4967 concessis
1274 4921 1337 4977 AG,
1363 4918 1410 4968 sed
1427 4932 1473 4968 con
1490 4922 1509 4969 Α
1529 4919 1609 4970 babel
1627 4923 1651 4970 in
1669 4935 1732 4981 ras,

407 4995 494 5054 auibus
510 5010 560 5044 non
577 4996 649 5044 cessis
666 4997 684 5044 B
700 5022 725 5031 -
745 4996 785 5043 20.
798 4996 980 5045 eatrernitatem
992 5020 1028 5031 ·-
1040 5007 1118 5043 crass
1137 4995 1168 5041 rit
1186 4994 1346 5058 transposuit
1357 4995 1465 5045 Guielus
1482 4999 1543 5045 ante
1560 4996 1694 5046 Haeccum
1705 5023 1730 5031 -

406 5075 430 5117 et
445 5068 496 5120 del.
517 5069 608 5121 lamb.
634 5097 661 5107 -
685 5070 872 5121 liberamentum
893 5070 923 5121 Α1
949 5098 975 5107 -
1000 5072 1041 5120 il.
1060 5071 1233 5119 liniamentum
1249 5069 1372 5119 ADEG:
1398 5069 1573 5121 lineamentum
1591 5072 1610 5121 0
1630 5098 1656 5107 —
1684 5074 1735 5122 sine

407 5145 458 5194 ulla
474 5144 490 5193 l.
509 5150 635 5194 carentem
652 5143 746 5194 codd:
765 5145 856 5194 lineam
872 5150 957 5196 autem
974 5144 1151 5207 magitudinem
1168 5143 1299 5193 mitudine
1309 5150 1432 5194 carentem
1444 5146 1564 5206 Ursinus,
1583 5149 1674 5197 lineam
1685 5162 1734 5197 au·

407 5225 454 5269 tem
469 5222 522 5269 sine
533 5220 587 5268 ulia
598 5220 642 5268 lat.
656 5225 796 5268 currentem
807 5220 950 5278 Manutius,
968 5220 1144 5268 lineamentum
1156 5217 1331 5281 longitudinem
1342 5221 1394 5269 sine
1405 5220 1535 5273 latitudine
1546 5223 1614 5273 caui.
1629 5225 1733 5284 Davres,

407 5295 497 5344 imam
516 5295 630 5343 ennidter
649 5294 693 5341 lat.
716 5300 841 5343 carentem
863 5294 1012 5352 Hermann,
1035 5294 1211 5342 lineamentum
1232 5295 1408 5357 longitudinem
1430 5295 1475 5344 lat.
1493 5304 1618 5348 carentem
1635 5299 1655 5348 Ο
1672 5311 1733 5348 cum

409 5368 449 5418 ed.
470 5370 533 5418 Dar.
561 5369 586 5416 Si
605 5368 716 5417 termam
729 5368 870 5426 orationis,
890 5381 941 5431 qua
959 5369 1012 5418 duo
1031 5367 1072 5417 illa
1089 5369 1192 5432 priora,
1211 5372 1338 5433 punctum
1351 5373 1378 5419 et
1390 5372 1557 5432 extremitas,
1577 5372 1734 5422 describun-

408 5445 462 5503 tur,
485 5443 662 5507 speclaveris,
687 5443 737 5491 boc
754 5442 809 5492 iere
827 5444 926 5505 requiri
943 5444 1062 5492 ridetur:
1091 5444 1274 5505 liniamentum,
1294 5446 1359 5505 quud
1375 5447 1406 5494 sit
1422 5447 1473 5496 sine
1489 5446 1541 5496 ulla
1557 5448 1687 5497 latitudine
1704 5473 1732 5482 -

407 5520 447 5568 Ὠ.
465 5521 568 5581 adigam
584 5520 759 5568 iusiurandum
777 5520 923 5567 Manutius:
948 5521 1087 5568 adiciamus
1104 5519 1241 5568 iurandum
1258 5520 1366 5570 ABEG
1385 5521 1441 5581 (sed
1458 5525 1478 5571 G
1495 5523 1649 5583 uitandum);
1668 5523 1735 5571 adii-

407 5595 472 5643 ciam
487 5595 662 5642 inriurandam
679 5596 708 5643 0.
737 5594 841 5643 Manutii
860 5594 1075 5644 emendationem
1094 5593 1217 5644 stabilivit
1236 5596 1356 5645 Davisius
1373 5595 1432 5645 coll.
1452 5598 1528 5647 Caes.
1547 5596 1580 5646 de
1598 5594 1625 5645 b.
1645 5597 1695 5645 civ.
1713 5598 1732 5655 l,

408 5670 447 5718 76.
466 5671 502 5726 ll,
522 5669 562 5718 ta.
583 5695 610 5704 -
635 5668 675 5717 23.
694 5670 829 5729 sapientem
845 5682 888 5715 nec
903 5670 976 5729 prius
993 5670 1086 5717 ABE:
1111 5671 1275 5730 sapientemne
1290 5672 1362 5731 prius
1379 5673 1438 5720 GO.
1466 5673 1564 5731 Locus,
1584 5673 1627 5735 qui
1646 5670 1733 5721 adbuc

408 5742 611 5794 obscurissimus
629 5746 699 5803 erat,
718 5744 823 5806 egregia
841 5742 953 5793 lectione
972 5746 1124 5794 nostrorum
1143 5745 1221 5794 codd.
1235 5759 1279 5794 nec
1290 5759 1360 5794 nunc
1373 5750 1528 5809 persanatus
1541 5750 1590 5796 est.
1609 5749 1651 5796 sit
1662 5748 1732 5798 enim

408 5818 514 5867 Cicero:
536 5820 563 5867 Si
580 5816 684 5880 adigam
702 5817 883 5868 iusiurandum
901 5820 1050 5881 sapientem
1069 5832 1119 5869 nec
1138 5822 1210 5884 prius
1227 5820 1331 5884 adigam
1350 5823 1433 5880 (siret
1456 5835 1505 5870 nea
1522 5822 1594 5885 prius
1612 5835 1673 5873 eum
1692 5824 1733 5871 iu-

407 5907 465 5942 rare
483 5892 605 5953 iubebo).
624 5906 706 5957 quam
718 5892 889 5944 Archimedes
901 5918 937 5929 --
950 5893 1135 5958 descripserit,
1153 5909 1250 5945 eumue
1267 5897 1412 5945 iuraturum
1425 5898 1523 5959 putas?
1536 5922 1562 5932 -
1582 5898 1622 5948 26.
1636 5904 1732 5949 censent

408 5968 473 6018 liosa
493 5994 520 6004 -
539 5968 580 6018 28.
598 5982 648 6018 nae
665 5969 684 6018 0
701 5996 734 6007 —
751 5968 791 6020 29.
810 5970 875 6018 enim
892 5981 946 6018 om.
965 5968 1024 6018 EO.
