4342 7459
464 1260 506 1329 il
868 1265 1192 1334 tulbufflcoltiiti
1212 1263 1395 1333 retonuit

463 1443 631 1522 propterea
659 1435 745 1522 quod
774 1456 812 1503 ee
831 1456 896 1501 non
922 1443 1057 1522 possunt
1077 1437 1268 1513 internosci,
1298 1435 1418 1501 nullam
1440 1434 1621 1499 babemus?
1663 1435 1742 1499 Nam
1765 1435 1793 1500 si

462 1531 632 1605 babemus,
661 1531 815 1595 interesse
837 1538 963 1615 oportet
983 1542 1020 1596 ul
1040 1533 1124 1596 inler
1144 1540 1265 1596 rectum
1288 1540 1320 1596 et
1341 1551 1485 1615 pravum,
1512 1531 1557 1595 sic
1577 1530 1663 1594 inter
1682 1549 1792 1594 verum

463 1633 496 1690 et
515 1625 641 1689 falsum.
678 1624 711 1688 Si
733 1625 815 1689 nihil
836 1626 980 1701 interest,
1001 1626 1093 1690 nulla
1113 1625 1220 1709 regula
1237 1633 1299 1699 est,
1322 1645 1380 1690 nec
1395 1627 1558 1708 potestis,
1581 1624 1632 1688 cui
1648 1632 1697 1688 est
1710 1624 1792 1688 visio

462 1720 528 1784 veri
549 1718 687 1802 salsique
709 1720 904 1794 communis,
925 1719 1027 1783 ullum
1048 1719 1165 1783 babere
1187 1718 1339 1783 iudicium
1362 1726 1417 1782 aut
1438 1718 1533 1782 ullam
1557 1717 1687 1782 omnino
1709 1717 1792 1781 veri·

438 1813 535 1878 statis
557 1820 674 1875 notam.
709 1813 788 1875 Nam
809 1832 882 1874 oum
905 1811 1016 1876 dicunt
1037 1813 1098 1877 boc
1121 1832 1155 1877 se
1176 1833 1275 1876 unum
1298 1811 1424 1886 tollere,
1446 1820 1482 1875 ut
1497 1813 1667 1896 quicquam
1689 1812 1792 1895 possit

461 1910 506 1972 ita
528 1906 641 1979 videri,
661 1913 698 1969 ut
718 1926 783 1969 non
805 1905 918 1969 eodem
940 1906 1036 1970 modo
1056 1907 1171 1970 salsum
1194 1908 1289 1970 etiam
1312 1906 1412 1989 possit
1433 1906 1545 1980 videri,
1567 1912 1671 1968 cetera
1686 1912 1792 1969 autem

446 2000 655 2077 concedere,
676 1998 799 2064 faciunt
819 2002 992 2085 pueriliter.
1029 2002 1101 2077 Quo
1122 2004 1206 2066 enim
1230 2002 1334 2065 omnia
1356 1999 1537 2063 iudicantur
1558 2000 1696 2074 sublato,
1717 1998 1793 2062 reli-

462 2114 527 2179 qua
548 2114 582 2158 se
604 2104 721 2177 negant
741 2095 869 2160 tollere:
891 2104 926 2159 ut
947 2097 974 2158 si
996 2099 1067 2180 quis
1082 2118 1180 2181 quem
1201 2096 1302 2160 oculis
1323 2095 1510 2178 privaverit,
1532 2093 1617 2157 dicat
1632 2113 1686 2169 ea,
1709 2113 1792 2178 quae

463 2189 549 2253 cerni
572 2198 720 2273 possent,
742 2210 776 2253 se
799 2191 828 2252 ei
850 2209 915 2253 non
938 2188 1107 2254 ademisse.
1144 2192 1183 2254 Ut
1205 2190 1289 2253 enim
1311 2189 1366 2251 illa
1388 2188 1490 2252 oculis
1505 2187 1601 2252 modo
1616 2206 1793 2271 agnoscun-

425 2296 454 2343 to
463 2291 530 2358 tur,
552 2282 597 2345 sic
618 2282 742 2365 reliqua
762 2284 855 2359 risis,
879 2283 934 2347 sed
956 2285 1081 2367 propria
1104 2286 1183 2359 veri,
1204 2304 1269 2347 non
1291 2283 1451 2347 communi
1471 2283 1538 2346 veri
1561 2290 1593 2345 et
1614 2282 1686 2344 fulsi
1707 2288 1792 2344 notu.

464 2377 565 2453 Quam
596 2375 637 2439 ob
667 2398 748 2453 rem,
779 2380 844 2441 sive
874 2386 908 2441 tu
929 2378 1127 2460 probabilem
1147 2378 1317 2452 visionem,
1349 2377 1416 2440 sive
1439 2375 1634 2458 probabilem
1656 2382 1688 2437 et
1710 2392 1792 2457 quae

461 2492 528 2535 non
555 2471 750 2554 inpediatur,
777 2478 812 2534 ut
839 2470 1018 2534 Carneades
1047 2471 1190 2548 volebat,
1217 2472 1284 2536 sive
1311 2470 1399 2535 aliud
1430 2470 1508 2553 quid
1538 2469 1683 2552 proferes
1705 2468 1791 2553 quod

462 2586 615 2650 sequere,
638 2566 679 2628 ad
700 2566 802 2630 visum
825 2567 923 2641 illud,
946 2566 985 2628 de
1008 2585 1072 2650 quo
1094 2567 1228 2648 agimus,
1251 2567 1307 2630 tibi
1330 2567 1392 2629 erit
1412 2566 1644 2629 revertendum.
1682 2560 1733 2625 34.
1755 2563 1792 2624 ln

462 2680 501 2723 eo
522 2667 628 2722 autem
654 2660 681 2722 si
711 2660 773 2723 erit
793 2660 1001 2723 communitas
1024 2679 1096 2722 cum
1115 2659 1210 2735 salso,
1232 2660 1354 2723 nullum
1370 2660 1431 2722 erit
1447 2659 1607 2734 iudicium,
1631 2658 1705 2741 quia
1720 2675 1793 2740 pro-

425 2754 563 2838 tiprium
588 2749 646 2836 [in]
671 2755 830 2817 communi
852 2756 943 2836 signo
965 2753 1068 2816 notari
1091 2774 1155 2818 non
1177 2761 1292 2836 potest.
1329 2753 1385 2815 Sin
1408 2759 1512 2817 autem
1528 2772 1693 2817 commune
1712 2748 1793 2813 nibil

462 2847 537 2921 erit,
557 2845 660 2910 habco
682 2848 770 2930 quod
792 2847 883 2910 volo:
912 2847 945 2910 id
968 2847 1053 2909 enim
1076 2867 1209 2929 quaero,
1230 2847 1315 2931 quod
1338 2847 1383 2910 ita
1404 2846 1482 2910 mibi
1503 2846 1649 2910 videatur
1670 2863 1791 2918 verum,

461 2948 582 3004 utnon
603 2941 706 3023 possit
726 2942 802 3004 item
823 2940 938 3004 salsum
960 2940 1069 3005 videri.
1108 2940 1209 3004 Simili
1231 2941 1265 3003 in
1288 2960 1395 3004 errore
1417 2948 1597 3015 versantur,
1623 2959 1694 3002 cum
1716 2958 1792 3001 oon·

461 3034 540 3098 vilio
561 3034 701 3098 veritalis
724 3036 824 3098 coacti
846 3035 1055 3118 perspicuae
1077 3035 1234 3119 perceptis
1256 3034 1576 3118 volunt'distinguere
1591 3042 1623 3098 et
1639 3039 1792 3097 conantur

463 3126 632 3192 ostendere
655 3147 725 3192 esse
746 3128 867 3213 aliquid
883 3128 1062 3212 perspicui,
1084 3148 1193 3191 verum
1206 3128 1285 3192 illud
1300 3129 1428 3213 quidem
1444 3130 1624 3212 inpressum
1637 3127 1671 3189 iu
1686 3127 1791 3190 animo

423 3230 558 3306 statque
587 3230 711 3297 mente,
742 3242 848 3307 neque
878 3231 984 3286 tamen
1009 3224 1043 3285 id
1073 3222 1195 3305 percipi
1217 3242 1255 3285 ac
1275 3222 1449 3305 conprendi
1472 3242 1575 3305 posse.
1613 3222 1684 3297 Quo
1707 3220 1792 3283 enim

462 3317 557 3380 modo
584 3318 750 3405 perspicue
775 3317 893 3380 dixeris
923 3317 1028 3380 elbum
1051 3336 1121 3379 esse
1144 3316 1281 3400 aliquid,
1311 3337 1383 3380 cum
1405 3317 1506 3400 possit
1527 3316 1670 3379 accidere
1691 3312 1792 3388 ulid,

462 3409 550 3493 quod
572 3412 699 3493 nigrum
720 3410 778 3485 sit,
799 3408 906 3474 album
929 3430 999 3474 esse
1021 3408 1192 3473 videaturt
1214 3420 1267 3474 aut
1282 3430 1347 3494 quo
1368 3412 1463 3473 modo
1477 3410 1539 3473 ista
1553 3417 1609 3472 aut
1625 3408 1792 3491 perspicue

462 3505 605 3569 dicemus
627 3511 683 3569 aut
703 3503 848 3586 inpressa
870 3503 1043 3580 subtiliter,
1073 3523 1145 3566 cum
1168 3504 1209 3567 sit
1229 3505 1404 3580 incertum,
1427 3524 1501 3567 rere
1523 3504 1702 3567 inaniterne
1724 3521 1793 3564 mo·

461 3601 613 3664 veamurl
640 3600 688 3661 lta
710 3616 815 3681 neque
837 3598 925 3661 color
945 3618 1049 3681 neque
1072 3617 1187 3680 corpus
1209 3618 1269 3661 nec
1290 3600 1407 3661 veritas
1422 3616 1481 3660 nec
1495 3603 1713 3679 argumentum
1732 3614 1792 3658 nec

424 3704 575 3757 mansus
604 3709 711 3777 neque
742 3692 943 3774 perspicuum
973 3691 1072 3755 ullum
1100 3689 1298 3773 relinquitur.
1341 3688 1393 3752 35.
1415 3691 1464 3753 Ex
1485 3689 1546 3754 hoc
1568 3689 1646 3753 illud
1668 3688 1708 3752 iis
1730 3708 1792 3751 usu

462 3788 572 3850 venire
595 3787 690 3859 solet,
720 3792 772 3859 ut,
804 3783 960 3867 quidquid
983 3783 1136 3859 dixerint,
1162 3804 1181 3847 a
1203 3784 1390 3867 quibusdam
1412 3784 1664 3866 interrogentur:
1695 3799 1792 3865 sergo

461 3881 544 3944 istuc
567 3879 696 3964 quidem
717 3879 903 3963 percipiet»
937 3878 999 3942 Sed
1023 3880 1076 3963 qui
1100 3880 1145 3942 ila
1166 3880 1374 3961 interrogant,
1397 3879 1437 3942 ab
1452 3880 1491 3941 iis
1506 3880 1686 3942 irridentur.
1722 3878 1804 3940 Non·

462 3974 546 4038 enim
569 3980 721 4057 urguent,
744 3982 779 4037 ut
801 3981 990 4056 coarguant,
1012 3974 1172 4038 neminem
1193 3973 1259 4037 ulla
1282 3973 1322 4036 de
1343 3993 1377 4036 re
1400 3992 1495 4056 posse
1517 3973 1710 4036 contendere
1732 3990 1792 4033 neo

462 4070 650 4133 adseverare
677 4071 746 4132 sine
773 4068 881 4151 ulique
901 4069 969 4131 eius
991 4069 1053 4143 rei,
1080 4086 1177 4153 quam
1199 4068 1260 4132 sibi
1281 4070 1417 4153 quisque
1441 4068 1564 4152 placere
1587 4067 1680 4142 dicit,
1707 4073 1792 4130 certa

526 4314 698 4363 t.irsleruos
718 4306 1526 4373 mlmss1-3.ttsv¹-i.mmt¹-s.qeme-
1552 4311 1793 4374 quidqssomoerum

457 4389 535 4451 possit
550 4388 681 4439 linnutius
698 4399 731 4437 er
742 4389 843 4448 vetere,
863 4389 892 4437 ut
904 4387 976 4448 dicit,
995 4383 1071 4436 libro.
1087 4411 1113 4421 -
1134 4386 1159 4436 6.
1175 4385 1252 4448 possit
1268 4385 1348 4435 videri
1364 4383 1523 4436 Lambinus:
1542 4388 1620 4449 possit
1631 4387 1668 4436 tto
1678 4385 1790 4436 uideic

462 4490 490 4503 -
503 4462 527 4513 7.
540 4463 785 4515 mecedemceorr.
799 4476 831 4513 ex
847 4463 1015 4514 mscidsrs-
1035 4461 1060 4512 8.
1077 4465 1122 4523 ssi,
1140 4460 1162 4510 si
1178 4462 1235 4524 quir
1250 4473 1359 4524 quomo.
1371 4460 1425 4525 pr.]
1442 4474 1467 4510 v.
1480 4459 1584 4524 iladvig
1601 4459 1635 4511 nd
1651 4459 1669 4511 l.
1680 4459 1714 4511 de
1725 4460 1790 4511 linn.

460 4551 487 4604 p.
505 4539 563 4590 530.
583 4565 611 4576 -
630 4540 655 4591 0.
673 4554 698 4590 se
713 4542 737 4589 ri
752 4555 802 4590 eoo
819 4541 906 4590 Alir:
925 4554 975 4589 ooo
993 4540 1097 4598 om.V;
1115 4551 1167 4588 ooo
1182 4552 1207 4588 se
1224 4538 1247 4588 ei
1263 4537 1355 4587 GO—
1373 4537 1593 4600 opnorcsseturcz
1610 4541 1794 4599 cognoscentis·

460 4614 481 4664 0
501 4641 528 4650 -
549 4615 589 4665 44.
606 4615 657 4665 sios
672 4615 859 4677 improbabilem
875 4619 898 4664 et
914 4628 979 4677 quoe
996 4615 1031 4674 C;
1049 4614 1101 4663 sice
1114 4612 1185 4676 prob.
1204 4619 1228 4664 sl
1244 4624 1309 4674 quoe
1325 4624 1379 4661 ern.
1399 4609 1484 4661 Faber
1500 4624 1533 4661 er
1550 4612 1629 4661 Serto
1646 4610 1722 4673 Emp.
1735 4610 1790 4671 vit,

460 4688 476 4751 g
494 4687 556 4738 tio:
582 4680 794 4755 ἀπαιτούμενος
816 4687 847 4740 dl
869 4691 919 4739 καὶ
941 4683 1031 4752 αὐτός
1049 4689 1218 4751 (Carneades)
1242 4702 1269 4738 τι
1286 4684 1433 4757 κριτήριον
1451 4683 1522 4758 πρός
1538 4701 1570 4736 τε
1585 4682 1638 4751 τὴν
1654 4682 1706 4736 τοῦ
1723 4682 1791 4746 βίον

460 4759 634 4830 διεξαγωγὴν
654 4766 704 4815 καὶ
726 4760 798 4836 πρὸς
819 4760 873 4829 τὴν
894 4758 947 4829 τῆς
964 4758 1149 4828 εὐδαιμονίας
1166 4764 1344 4833 περίκτησιν,
1367 4757 1487 4826 δυνάμει
1503 4757 1726 4827 ἐταναγκάζεται
1742 4764 1792 4813 καὶ

460 4832 527 4889 καθ’
548 4834 638 4889 αὑτὸν
658 4856 693 4890 sss
743 4838 849 4891 codron
865 4836 1080 4901 διατάττεσθαι,
1107 4834 1340 4910 προσλαμβάνων
1363 4834 1415 4902 τήν
1437 4852 1467 4887 τι
1486 4835 1611 4904 πιθανὴν
1627 4841 1791 4901 φαντασίαν

460 4913 510 4964 eol
527 4907 579 4977 τὴν
597 4914 722 4980 πιθανην
738 4908 801 4979 ἅμα
817 4914 866 4964 καὶ
883 4910 1101 4985 ἀπερίσπαστον
1118 4915 1168 4964 καὶ
1185 4910 1417 4977 διεξωδεσμένην.
1436 4914 1498 4976 (moe
1514 4915 1702 4975 reprobabilem
1715 4917 1792 4965 uisio-

460 5002 517 5039 rem
541 4993 564 5039 et
587 5002 653 5050 quoe
676 5003 727 5039 noo
750 4990 916 5053 impedietur,
942 4991 993 5039 sire
1016 4990 1204 5053 improbabilem
1228 4994 1251 5038 et
1276 5002 1341 5050 quos
1362 4989 1514 5050 impedietur
1539 4992 1607 5039 coni.
1636 4990 1737 5054 lamb.)
1762 5018 1789 5029 -

461 5064 501 5113 ⁴2.
517 5063 647 5126 proferens
663 5062 721 5115 ΝΒ
741 5090 768 5101 -
787 5066 829 5115 40.
846 5066 873 5113 iss
890 5062 942 5115 del.
962 5063 1104 5114 videbatur
1121 5065 1236 5116 Manutio
1254 5066 1281 5114 el
1298 5061 1390 5114 lamb.
1406 5090 1432 5099 -
1454 5065 1494 5114 46.
1512 5063 1573 5114 obeo
1584 5063 1614 5114 ΑΙ
1625 5064 1653 5125 v,
1672 5067 1749 5115 babeo
1761 5066 1790 5125 li,

460 5136 509 5188 sed
525 5137 573 5187 tab
590 5138 616 5188 in
634 5151 686 5189 ras.
708 5166 736 5177 -
755 5140 794 5191 tt.
812 5145 840 5189 ul
855 5153 906 5189 ross
923 5135 968 5187 V²:
987 5154 1038 5189 eoo
1056 5141 1102 5201 Vi,
1120 5154 1162 5197 ee.
1179 5143 1215 5200 Α,
1233 5152 1265 5189 oe
1280 5140 1300 5189 B
1318 5140 1344 5190 in
1362 5152 1415 5189 ras.
1430 5165 1458 5174 -
1476 5140 1566 5189 ilemC
1586 5140 1719 5205 [utsupra
1738 5139 1791 5191 ud

459 5213 543 5263 eodem
558 5214 654 5275 model:
672 5214 738 5264 idem
753 5215 797 5264 σθ
815 5238 843 5249 -
861 5214 972 5263 municio
988 5216 1103 5264 ueritatis
1121 5216 1145 5277 (i.
1165 5229 1190 5265 e.
1210 5213 1327 5265 clamore
1339 5215 1374 5276 v.)
1386 5214 1504 5277 Madvig:
1522 5215 1652 5265 coouirelo
1663 5219 1733 5281 (sup.
1746 5213 1791 5266 lin.

459 5287 561 5351 indicio)
577 5289 692 5339 semiclis
707 5289 742 5347 V;
760 5290 899 5339 muiuclio
917 5290 1049 5351 (conuincti
1065 5304 1098 5340 oc
1114 5290 1193 5353 corr.)
1210 5290 1327 5339 ueritatis
1340 5289 1376 5347 B3
1394 5290 1515 5340 consinii.
1534 5291 1650 5350 (conuicti
1671 5305 1702 5341 uc
1718 5304 1753 5341 m.
1767 5291 1791 5351 2)

458 5364 610 5423 τιονοα4οΑς
629 5366 750 5414 ceterum
768 5377 817 5416 nos
833 5365 942 5415 consitio
953 5366 1119 5429 scripsimus,
1137 5368 1167 5415 ut
1184 5366 1210 5416 in
1228 5363 1305 5415 simili
1323 5362 1381 5414 ioco
1394 5363 1518 5414 interiore
1530 5363 1545 5428 ἓ
1558 5365 1605 5415 trs
1617 5364 1695 5415 codd.
1710 5367 1793 5417 nostri

459 5437 574 5499 habeon
597 5452 624 5489 v.
643 5436 794 5489 Fleckeisen
817 5441 843 5490 in
867 5441 898 5490 Ν.
918 5440 1085 5491 dissimiles.
1105 5440 1174 5500 Vlll,
1197 5440 1255 5489 iii.
1275 5465 1303 5475 -
1328 5439 1368 5491 48.
1387 5440 1488 5500 qeoocli
1507 5439 1537 5490 ii¹
1557 5466 1583 5477 -
1610 5442 1698 5491 colom
1713 5440 1744 5493 A¹
1763 5468 1790 5479 -

460 5513 501 5563 40.
518 5526 576 5563 vere
593 5511 699 5573 Lamb.;
724 5527 813 5564 vomu
837 5515 899 5563 illud
923 5516 1022 5577 qssidms
1046 5520 1070 5566 st
1093 5516 1240 5578 impressum
1265 5515 1387 5565 subtiliter
1405 5516 1432 5564 irs
1453 5516 1538 5565 animo
1562 5518 1629 5566 coni.
1648 5517 1744 5568 Davies
1762 5542 1790 5555 -

459 5588 501 5638 20.
519 5602 551 5639 ue
567 5589 603 5641 C:
626 5594 702 5650 cique
723 5589 757 5648 li,
782 5593 828 5638 aul
850 5587 942 5639 Lemb.
963 5616 990 5626 -
1015 5590 1056 5640 23.
1075 5594 1120 5639 out
1139 5592 1217 5641 mmli
1237 5591 1360 5653 impressu
1383 5591 1482 5642 ocum
1506 5593 1610 5643 Davislo
1628 5606 1659 5643 ex
1678 5592 1791 5644 lectione

460 5660 559 5727 otiquol
575 5662 738 5715 deteriorum
754 5669 800 5713 ost
816 5665 892 5715 stium
909 5664 959 5728 (vel
976 5668 1056 5728 mim,
1074 5669 1105 5716 ut
1120 5668 1162 5716 est
1179 5667 1205 5715 in
1223 5668 1252 5728 ti)
1269 5665 1345 5728 impr.
1361 5668 1445 5729 (merli
1463 5668 1516 5718 iam
1533 5667 1615 5718 babet
1626 5667 1648 5716 V
1660 5669 1685 5718 in
1699 5671 1791 5732 marg.)

459 5764 493 5775 -
509 5738 649 5788 leumiim
665 5739 810 5791 Manutius:
828 5740 969 5791 inondum
985 5741 1048 5800 00;
1068 5740 1101 5791 cl.
1120 5740 1224 5805 lludvig
1241 5740 1276 5790 ad
1288 5742 1343 5792 Cic.
1356 5741 1389 5792 de
1409 5742 1472 5793 tinn.
1487 5756 1513 5807 p.
1526 5741 1584 5793 604.
1599 5768 1627 5779 -
1644 5755 1793 5793 moveamur

461 5811 560 5863 Christ:
580 5818 713 5864 measse
724 5813 786 5870 CO;
805 5814 1153 5866 mtmmmovsarortisnut.
1167 5813 1339 5879 coligit—
1350 5816 1586 5880 semptembris
1600 5830 1636 5867 m.
1647 5819 1731 5882 isup.
1745 5816 1789 5867 lin.

462 5887 731 5939 -tlimullsssi'-
749 5888 832 5939 listi:
850 5889 943 5951 blisA,
960 5890 1102 5942 trivo-
1122 5891 1163 5942 46.
1181 5891 1379 5955 qulepstdc-
1397 5893 1491 5943 (imerii
1506 5892 1606 5943 titv—
1627 5892 1669 5943 rt.
1686 5892 1791 5944 seiliV

464 5960 538 6012 -eb
553 5962 643 6026 biisv,
661 5962 694 6014 ob
709 5963 776 6015 bisti
790 5985 818 6001 -
837 5964 1353 6032 28.eoineoorpuomnabetlinres.;
1377 5961 1580 6033 praeparasti
1594 5991 1619 6005 -
1639 5965 1788 6030 mossGO·
