4342 7459
435 1252 499 1323 tlt
884 1258 937 1323 DE
959 1256 1131 1323 DEORUM
1151 1255 1315 1326 usuum

436 1417 515 1485 felix
543 1419 732 1496 habebatur,
763 1429 873 1487 contra
902 1422 979 1487 deos
1009 1423 1222 1488 testimonium
1245 1421 1367 1498 dicere,
1397 1421 1485 1507 quod
1507 1422 1543 1486 ln
1562 1422 1619 1488 llla
1639 1420 1768 1492 tenens

436 1523 500 1579 tam
523 1515 578 1580 diu
600 1518 730 1581 viseret.
765 1517 950 1601 Dionysius,
979 1516 1018 1580 de
1041 1537 1107 1602 quo
1129 1526 1201 1581 ante
1224 1516 1307 1591 dixi,
1336 1535 1407 1579 cum
1429 1516 1537 1580 ibnnm
1558 1519 1768 1604 Proserpinae

435 1609 546 1673 Locris
568 1609 790 1693 expilavisset,
812 1610 980 1695 navigabat
1001 1612 1190 1695 Syracusas:
1212 1612 1303 1694 isque
1325 1631 1397 1675 cum
1416 1611 1656 1676 secundissumo
1671 1621 1767 1678 vento

437 1722 561 1766 cursum
584 1710 722 1777 teneret,
745 1703 852 1768 ridens
877 1705 1090 1780 «Videtisne»,
1112 1705 1217 1790 inquit
1241 1706 1366 1779 ramici,
1389 1724 1485 1789 quam
1506 1703 1591 1770 bona
1611 1724 1631 1770 a
1652 1706 1701 1769 dis
1719 1706 1768 1770 iu·

412 1795 622 1860 mortalibus
648 1798 808 1880 navigatio
838 1798 998 1881 sacrilegis
1027 1799 1171 1863 detorta
1203 1797 1304 1883 idque
1332 1800 1429 1862 bomo
1457 1808 1569 1863 aontus
1591 1817 1664 1864 oum
1685 1800 1768 1867 bens

436 1890 595 1974 planeque
616 1892 825 1974 percepisset,
848 1894 881 1956 in
903 1893 1014 1956 eadem
1037 1894 1194 1956 sententia
1214 1894 1456 1974 perseverabat:
1479 1894 1534 1978 qui
1557 1914 1629 1958 oum
1652 1896 1692 1959 sd
1711 1897 1770 1959 Pe·

436 1984 646 2066 loponnesum
668 1986 800 2048 classem
823 1986 998 2070 appulisset
1019 1994 1051 2050 et
1072 1988 1106 2049 in
1128 1985 1236 2051 lanum
1260 1988 1399 2050 venisset
1421 1987 1504 2051 loris
1527 1986 1685 2072 Olympii,
1713 2007 1769 2053 an-

436 2097 525 2140 reum
548 2077 577 2140 ei
600 2078 738 2143 detraxit
759 2080 927 2144 amiculum
950 2081 1060 2162 grarmi
1083 2079 1240 2164 pondere,
1264 2100 1329 2164 quo
1353 2082 1459 2143 lovem
1482 2088 1642 2145 ornarate
1659 2101 1769 2147 manu-

437 2171 498 2234 biis
527 2172 836 2256 Karthaginiensium
864 2183 1017 2256 tyrannus
1045 2175 1139 2249 Gelo,
1168 2182 1264 2258 atque
1293 2174 1326 2236 in
1348 2192 1387 2238 eo
1414 2174 1509 2237 etiam
1531 2174 1700 2238 cavillatus
1721 2179 1770 2240 est

400 2274 557 2330 tuaestate
579 2286 674 2349 grave
696 2286 766 2331 esse
788 2286 918 2331 aureum
933 2267 1121 2342 amiculum,
1143 2268 1248 2331 hieme
1263 2268 1428 2353 trigidum,
1450 2269 1546 2352 eique
1561 2268 1689 2333 laneum
1702 2270 1770 2354 pel·

437 2360 513 2423 lium
537 2360 660 2433 iniecit,
684 2380 754 2423 eum
777 2360 810 2422 id
832 2380 903 2424 esse
926 2362 966 2424 ad
988 2380 1080 2425 omne
1095 2363 1168 2424 anni
1185 2372 1310 2446 tempus
1332 2371 1440 2445 aptum
1456 2362 1586 2427 diceret.
1616 2362 1769 2447 idemque

437 2454 619 2535 Aesculapii
645 2455 797 2536 Epidauri
828 2454 956 2519 barbam
986 2475 1114 2521 auream
1145 2456 1227 2520 demi
1258 2457 1372 2520 iussit:
1405 2475 1511 2540 neque
1541 2456 1626 2519 euim
1654 2475 1771 2520 caure

437 2547 507 2610 nire
534 2548 699 2611 barbatum
730 2567 801 2611 esse
828 2549 945 2623 tilium,
975 2570 1045 2612 oum
1071 2549 1104 2613 in
1128 2551 1274 2613 omnibus
1296 2549 1378 2613 lanis
1401 2558 1492 2633 pater
1513 2550 1654 2613 inberbis
1677 2556 1770 2614 emet.

438 2637 489 2703 8l.
511 2641 613 2703 Etiam
637 2660 762 2704 mensas
785 2652 950 2724 argenteas
973 2643 1014 2704 de
1036 2643 1183 2706 omuibus
1206 2643 1349 2707 delubris
1370 2644 1463 2707 iussit
1484 2643 1618 2718 suferri,
1641 2645 1675 2708 in
1698 2643 1770 2729 qui-

400 2733 498 2798 tabus
520 2753 591 2797 cum
614 2753 700 2797 more
721 2736 837 2799 veteris
859 2736 1010 2800 Graeciae
1031 2738 1218 2819 inscriptum
1235 2747 1320 2801 esset
1341 2756 1488 2800 sonorus
1503 2755 1649 2812 usonvs,
1671 2738 1719 2801 uti
1735 2757 1770 2803 se

439 2847 548 2891 eorum
577 2827 719 2891 bonitate
741 2829 823 2892 uelle
845 2831 979 2893 dicebat
1020 2830 1108 2894 ldem
1132 2832 1319 2894 Victoriolas
1341 2849 1454 2893 aureas
1477 2839 1510 2893 et
1531 2836 1658 2911 pateras
1680 2849 1771 2895 corn·

438 2941 574 3005 uaeque,
597 2941 680 3006 quae
703 2924 942 2988 simulacrorum
965 2926 1119 3006 porrectis
1140 2925 1286 2988 manibus
1310 2924 1564 2997 sustinebantur,
1585 2923 1656 2987 sine
1678 2923 1771 2987 dnbi-

438 3017 556 3080 tntione
578 3017 710 3080 tollebat
732 3037 834 3102 eaque
856 3039 891 3082 se
913 3020 1071 3102 accipere,
1094 3037 1157 3082 non
1176 3018 1301 3081 auterre
1329 3018 1473 3080 dicebat:
1495 3036 1566 3081 esse
1587 3020 1672 3081 enim
1692 3019 1772 3082 stul·

438 3112 555 3185 titiam,
577 3129 595 3172 a
615 3112 730 3195 quibus
752 3113 835 3176 bona
857 3131 1075 3195 precaremur,
1105 3112 1144 3175 ab
1167 3112 1206 3175 iis
1222 3112 1456 3193 porrigentibus
1472 3119 1503 3174 et
1518 3111 1669 3175 dantibus
1685 3111 1770 3176 nolle

400 3219 575 3270 absumere.
610 3206 821 3290 Eundemque
844 3207 950 3270 lerunt
971 3207 1066 3281 baec,
1088 3224 1170 3288 quae
1194 3206 1278 3278 dixi,
1301 3205 1423 3268 sublata
1447 3204 1488 3267 dn
1509 3204 1590 3268 lanis
1612 3205 1646 3268 in
1668 3205 1771 3269 iorum

438 3299 611 3383 protulisse
641 3308 673 3363 et
701 3320 758 3382 per
784 3320 972 3382 praeconem
996 3300 1177 3362 vendidisse
1200 3308 1373 3382 exactaque
1403 3299 1540 3381 pecunia
1561 3299 1703 3364 edixisse
1726 3306 1770 3385 nt,

439 3393 524 3479 quod
548 3394 683 3477 quisque
706 3396 786 3457 sacri
808 3394 954 3465 haberet,
986 3393 1018 3458 id
1044 3401 1119 3456 ante
1142 3392 1226 3455 diem
1249 3403 1365 3455 certam
1387 3393 1421 3455 in
1443 3413 1536 3455 suum
1560 3393 1705 3477 quidque
1725 3393 1771 3458 le·

438 3507 515 3552 num
537 3487 677 3551 relerret
720 3487 764 3551 lta
786 3489 825 3552 ad
848 3489 1043 3571 impietatem
1066 3488 1099 3549 in
1123 3486 1201 3550 deos
1222 3486 1256 3548 in
1279 3487 1423 3550 homines
1445 3486 1593 3550 adiunxit
1613 3487 1771 3551 iniuriam.

438 3580 571 3645 XXXV.
593 3582 685 3645 Hunc
707 3584 803 3664 igitur
822 3602 882 3646 neo
900 3582 1067 3666 Olympius
1089 3580 1233 3662 luppiter
1253 3580 1386 3643 fulmine
1408 3582 1564 3663 percussit
1578 3599 1638 3643 nec
1652 3584 1771 3645 Aescu·

401 3676 543 3759 solapius
572 3676 687 3738 misero
717 3675 932 3759 diuturnoque
960 3675 1070 3737 morbo
1098 3675 1313 3737 tabescentem
1335 3674 1510 3748 interemit,
1540 3682 1636 3759 etque
1658 3675 1691 3739 in
1713 3693 1770 3739 sno

438 3770 553 3833 lectulo
583 3778 727 3833 mortuus
748 3769 772 3849 †
792 3770 825 3833 in
853 3769 1014 3853 typanidis
1038 3788 1150 3852 rogum
1175 3768 1294 3831 inlatus
1322 3776 1371 3831 est
1401 3786 1538 3853 eamque
1568 3767 1770 3851 potestatem,

504 4026 528 4074 l.
546 4024 609 4086 selis
626 4024 645 4073 Β
657 4036 663 4072 ε
680 4023 735 4087 illia
752 4025 771 4074 A
783 4023 906 4079 cerv:
929 4023 956 4073 in
974 4023 1120 4085 Pampbplla
1135 4023 1199 4085 selis
1216 4020 1394 4072 lleindorilus.
1416 4047 1442 4057 -
1465 4021 1489 4070 Β.
1509 4000 1670 4083 Dlonpu'us-
1680 4048 1696 4061 -
1707 4020 1771 4078 adh

438 4112 535 4149 uenere
554 4100 588 4159 (v.
608 4098 647 4157 llll
670 4099 809 4161 exscripsit
831 4096 950 4148 Valerius
973 4099 1101 4148 Maximus
1119 4099 1143 4157 1,
1163 4099 1172 4147 l
1196 4099 1247 4147 ext.
1267 4096 1291 4146 3.
1313 4124 1340 4134 -
1364 4095 1388 4145 3.
1408 4108 1539 4145 seraeusas
1555 4095 1616 4145 AV¹
1636 4125 1664 4135 -
1687 4098 1712 4148 b.
1730 4112 1774 4148 su-

439 4175 525 4237 crilegt'
544 4176 562 4224 Β
582 4201 607 4210 -
627 4174 703 4237 idque
721 4173 880 4223 Lanrbinus:
903 4180 979 4234 atque
995 4173 1151 4231 ACEPV;
1175 4175 1246 4234 atqui
1264 4174 1282 4222 Β
1302 4198 1328 4207 -
1348 4177 1452 4221 cccmus
1468 4173 1487 4221 A
1509 4199 1535 4207 -
1555 4170 1614 4221 bene
1628 4171 1772 4236 planeloue]

440 4251 460 4299 0
478 4247 536 4298 coll.
556 4249 632 4298 Tusa.
654 4251 673 4299 ll
692 4250 706 4312 S
724 4248 764 4300 ll.
786 4276 812 4285 —
832 4251 855 4299 b.
875 4251 918 4311 qui
935 4250 1001 4312 quod
1018 4250 1053 4297 ad
1070 4248 1265 4303 ABCPVtud
1282 4260 1352 4296 corr.
1371 4260 1404 4297 ex
1420 4260 1439 4295 a
1455 4250 1491 4301 A:
1510 4248 1576 4309 qnod
1593 4260 1665 4297 corr.
1679 4249 1705 4297 ln
1716 4260 1774 4297 cess

440 4325 516 4382 bvi:
541 4325 601 4384 quid
618 4327 684 4385 quod
700 4339 757 4375 eum
773 4327 807 4374 ad
825 4326 843 4375 F.
864 4353 890 4362 -
911 4326 1102 4386 peloponensem
1119 4323 1241 4382 ΑΒΗ,
1262 4321 1461 4383 pelopememnm
1479 4321 1497 4371 li
1518 4348 1544 4357 —
1567 4322 1591 4370 l.
1610 4322 1720 4372 classenm
1736 4325 1771 4381 A;

439 4405 550 4449 castrum
567 4400 670 4449 classem
687 4401 705 4450 E
726 4427 752 4436 -
771 4401 892 4462 apulisset
907 4404 927 4450 A
943 4427 967 4435 -
989 4400 1013 4448 8.
1032 4401 1168 4448 merosum
1186 4400 1246 4446 V-
1267 4398 1340 4445 iouen
1356 4398 1417 4446 A·
1438 4409 1451 4446 e
1469 4396 1622 4446 liCEPV:
1642 4410 1677 4447 ea
1694 4398 1773 4459 Attio

442 4501 468 4511 -
482 4474 599 4524 maniciis
615 4489 684 4525 corr.
703 4478 729 4527 in
746 4476 871 4526 nonanis
888 4476 907 4525 C
920 4490 925 4531 ;
944 4474 1069 4523 manubiis
1086 4475 1107 4522 is
1123 4477 1142 4523 A
1155 4475 1185 4532 P,
1203 4471 1328 4521 manubiis
1344 4471 1375 4519 iis
1387 4471 1407 4516 V
1420 4496 1445 4505 -
1462 4470 1485 4518 9.
1499 4469 1731 4533 cartbapinensium
1742 4474 1772 4531 A,

439 4551 663 4613 catbaglniensium
676 4553 709 4611 C,
727 4551 958 4614 karthaginensium
969 4549 1004 4608 E,
1024 4548 1246 4612 cartaginiensium
1259 4546 1279 4592 V
1292 4570 1316 4580 -
1332 4546 1385 4608 gelo
1396 4547 1417 4594 A
1428 4545 1447 4594 Β
1458 4546 1477 4594 C
1487 4543 1507 4594 E
1518 4545 1539 4593 V
1550 4558 1555 4591 :
1574 4544 1633 4607 gelu
1648 4548 1681 4602 Ρ;
1700 4545 1775 4595 litere

440 4625 499 4675 cod.
519 4625 713 4689 Glogauensis,
733 4628 761 4677 0.
793 4625 920 4675 Gelonem
939 4626 1044 4674 Hieroni
1063 4626 1143 4674 etlam
1161 4637 1203 4688 up.
1217 4621 1351 4671 Valerium
1369 4621 1435 4670 bles.
1456 4633 1517 4669 cum
1535 4622 1635 4683 optimo
1653 4624 1774 4672 omnium

440 4701 532 4750 codice
551 4687 685 4751 ‘beritensi
707 4700 842 4751 substituit
866 4699 1010 4763 llempiius.
1032 4724 1059 4735 ·-
1079 4700 1119 4749 to.
1138 4712 1244 4762 grauem
1261 4697 1398 4747 ABEPV
1418 4721 1444 4730 -
1466 4697 1505 4745 lt.
1524 4700 1611 4758 aptum
1629 4697 1772 4760 (superscr.

440 4781 501 4826 unte
519 4778 565 4837 ud)
585 4777 617 4823 V:
637 4784 694 4838 apte
712 4778 747 4830 E;
772 4790 825 4825 nm.
844 4776 992 4826 ARCPO.
1011 4774 1057 4837 (ad
1073 4780 1208 4835 utrumque
1224 4777 1319 4833 tempus
1335 4772 1397 4820 anni
1413 4772 1497 4832 aptius
1514 4769 1652 4828 Valerius;
1673 4772 1775 4833 strigas

439 4855 544 4914 tempori
561 4858 649 4915 aptum
665 4853 816 4900 Laclantius
833 4852 896 4899 lost.
917 4851 972 4899 Div.
991 4850 1022 4906 ll,
1042 4848 1075 4910 l.)
1097 4876 1124 4884 -
1144 4849 1183 4897 tu.
1203 4847 1329 4907 aesculapi
1346 4845 1375 4895 A¹
1386 4847 1422 4902 Βς
1442 4846 1543 4906 asclepii
1560 4844 1602 4907 (cl.
1617 4844 1631 4908 5
1645 4845 1684 4906 39)
1703 4858 1772 4895 corr.

439 4930 466 4978 in
483 4929 608 4989 esculapio
626 4929 645 4978 C
667 4951 692 4963 -
719 4927 834 4988 epidauri
855 4938 924 4974 corr.
943 4926 968 4973 in
986 4925 1117 4985 epidauria
1135 4925 1164 4973 C.
1191 4922 1254 4971 Vide
1274 4935 1307 4971 ne
1324 4921 1450 4983 Epidauri
1467 4919 1561 4970 laisum
1579 4919 1713 4982 glossema
1731 4923 1772 4972 sit.

442 5028 468 5038 -
489 5003 528 5053 ta.
548 5009 616 5053 esset.
633 5004 710 5052 etiam
726 5000 895 5051 Gulielmius:
915 5005 982 5049 esset.
1002 5002 1054 5048 lam
1072 4998 1109 5058 ll;
1129 5003 1197 5049 esset.
1216 5000 1283 5048 Idem
1297 4998 1317 5046 Ο
1332 5023 1358 5033 -
1379 4997 1418 5046 tl.
1438 4997 1520 5058 aufert
1538 4994 1598 5045 ΒΨ
1612 5023 1638 5031 -
1659 5000 1699 5047 ta.
1718 5010 1776 5046 cums

439 5079 535 5141 (amm)
552 5079 612 5129 cod.
632 5078 857 5140 ltebdingerianus
875 5080 901 5125 et
919 5076 1063 5137 Madvigius
1082 5074 1123 5133 tad
1143 5075 1197 5123 Cic.
1211 5073 1245 5122 de
1265 5071 1347 5123 Finib.
1366 5084 1392 5134 p.
1406 5070 1480 5132 llll:
1500 5072 1566 5132 quod
1582 5067 1643 5121 tlt).
1663 5070 1702 5120 Cl.
1716 5084 1773 5121 var.

440 5152 502 5204 lect.
519 5154 552 5202 ad
571 5168 595 5203 v.
609 5154 633 5203 6,
650 5180 677 5188 -
697 5154 736 5203 l6.
756 5165 910 5213 coronasque
926 5165 991 5212 quae
1007 5150 1201 5199 simulacrorum
1219 5151 1291 5212 (quae
1308 5147 1454 5211 superans.)
1468 5146 1505 5194 V:
1524 5158 1679 5208 coronasque
1693 5147 1775 5195 sunu-

439 5229 568 5278 lacrorum
585 5229 678 5284 AEP;
698 5241 803 5277 coronas
820 5240 885 5288 quae
901 5227 1094 5274 simulacrorum
1111 5225 1160 5274 Bc
1180 5227 1254 5288 (puae
1270 5236 1340 5272 corr.
1360 5235 1391 5270 ex
1409 5233 1481 5281 quem
1499 5222 1528 5280 C)
1548 5246 1574 5257 -
1595 5221 1635 5269 tl.
1653 5223 1776 5282 porrectis

440 5317 509 5354 corr.
524 5318 556 5354 er
572 5308 702 5365 porrectas
718 5307 738 5352 A
754 5329 780 5336 -
799 5301 952 5350 sustinebunt
970 5303 988 5349 P
1007 5326 1033 5335 -
1055 5299 1096 5347 t8.
1114 5312 1204 5359 easque
1216 5298 1343 5347 Valerius.
1358 5322 1384 5331 —
1402 5297 1441 5345 49,
1455 5296 1487 5345 ab
1504 5297 1525 5343 is
1539 5299 1576 5353 A,
1594 5295 1627 5344 ab
1642 5295 1773 5355 bistP,

440 5380 472 5429 ab
493 5381 540 5428 biis
557 5378 578 5426 V
601 5405 627 5413 -
652 5379 692 5427 et.
710 5391 816 5437 pecunia
841 5378 946 5425 ediaisss
963 5376 1030 5425 EV:
1055 5375 1177 5435 pecunius
1194 5376 1286 5422 dimisse
1303 5373 1348 5426 ill:
1374 5374 1482 5431 pecunia
1498 5370 1592 5419 dimisse
1608 5365 1725 5420 AB²CP
1744 5394 1771 5406 -

440 5456 481 5505 22.
496 5458 598 5518 quisque
614 5456 682 5502 sacri
701 5455 718 5503 Β
731 5468 736 5499 ;
756 5455 859 5516 quisque
875 5465 891 5499 a
908 5453 987 5501 saeris
1003 5455 1022 5499 A
1035 5452 1053 5498 C
1066 5452 1083 5499 Ε
1096 5453 1113 5499 Ρ
1124 5450 1173 5496 vo
1188 5476 1213 5484 -
1231 5450 1339 5513 quidque
1351 5449 1395 5495 Vl:
1415 5450 1521 5510 quicque
1533 5451 1553 5496 A
1563 5447 1581 5494 Β
1592 5442 1639 5498 Vl:
1658 5459 1775 5507 wangas

442 5533 479 5585 C;
504 5532 596 5592 quique
618 5530 681 5578 EP:
709 5531 822 5592 quodque
844 5528 863 5576 0
886 5553 911 5561 -
938 5526 977 5575 23.
997 5527 1148 5586 impletatem
1167 5525 1215 5574 BV
1235 5532 1311 5584 (corr.
1332 5526 1357 5572 in
1375 5525 1526 5581 impietatem
1545 5521 1575 5579 V,
1594 5533 1662 5594 corr.
1683 5522 1709 5570 in
1726 5523 1774 5569 im·

438 5606 506 5668 pieta
523 5606 660 5654 temeritate
676 5606 704 5664 Β)
725 5632 752 5641 -
771 5604 903 5653 adiuuerit
920 5606 956 5661 A,
974 5602 1087 5649 iniunxit
1104 5601 1123 5649 C
1144 5625 1171 5635 -
1190 5598 1230 5649 il.
1249 5600 1351 5661 {lumine
1368 5596 1398 5646 A¹
1409 5596 1439 5644 V¹
1457 5622 1484 5632 -
1504 5598 1544 5646 id.
1563 5596 1637 5656 atqui
1652 5608 1720 5644 corr.
1741 5607 1774 5645 ex

440 5687 518 5742 arque
534 5681 583 5730 AB
596 5706 622 5717 -
641 5681 682 5728 26.
696 5680 722 5728 in
739 5680 864 5741 tppanidis
880 5690 970 5739 rogum
984 5680 1003 5725 A
1015 5677 1033 5725 Β
1045 5677 1062 5724 Ρ
1073 5675 1107 5723 V:
1126 5676 1153 5722 in
1170 5674 1311 5735 tyrannidis
1326 5685 1416 5735 rogum
1429 5671 1462 5730 Β;
1480 5675 1507 5719 in
1524 5671 1669 5732 timpanldis
1683 5683 1774 5734 rogum

442 5757 477 5811 (ἲς
496 5757 522 5804 in
542 5755 700 5816 Tprnpanidis
716 5766 806 5816 rapum
817 5753 854 5811 03
872 5752 898 5800 oi
914 5751 1099 5812 campaniaco,
1117 5762 1179 5811 rogo
1193 5749 1231 5797 Vr.
1247 5749 1383 5809 meyerum
1402 5751 1426 5796 st
1441 5745 1581 5807 impunitus
1595 5759 1659 5808 rogo
1672 5746 1772 5795 sehon·

442 5842 566 5881 mannus.
590 5829 707 5880 Aliorum
726 5829 877 5878 commenta
896 5826 1029 5888 congessit
1046 5823 1161 5873 elausit
1179 5822 1304 5872 Foertsch
1322 5822 1440 5880 Quaestt.
1459 5819 1523 5870 Tuli.
1542 5833 1568 5884 p.
1588 5822 1603 5869 Β
1620 5834 1681 5885 sqq.
1709 5819 1773 5871 Vul-

442 5910 530 5969 gatem
548 5908 638 5956 autem
655 5904 795 5955 lectionem
818 5904 853 5952 ita
871 5901 989 5951 defendit
1005 5899 1162 5949 welclserus
1180 5898 1254 5961 (Aius.
1274 5897 1357 5947 liban.
1377 5897 1407 5945 N.
1426 5897 1451 5945 S.
1471 5896 1501 5944 Vl
1521 5909 1546 5960 p.
1560 5896 1632 5959 ³99),
1650 5900 1680 5947 ut
1699 5896 1772 5957 lpus-

438 5983 557 6044 ponidem
579 5982 635 6045 rogi
655 5980 790 6031 artificiosi
809 5980 846 6042 (v.
865 5979 965 6029 Theon.
987 5980 1130 6040 Progymn.
1149 5987 1176 6039 p.
1195 5973 1227 6024 68
1244 5972 1289 6032 ed,
1306 5972 1413 6038 Speos.)
1435 5973 1574 6023 auctorem
1590 5970 1672 6024 luisse
1689 5970 1770 6031 mont,
