4342 7459
455 1238 497 1305 80
720 1249 774 1314 DE
795 1249 951 1314 FlNlBUS
974 1248 1172 1315 BONORUM
1192 1250 1245 1314 ET
1266 1248 1468 1316 melonum

455 1411 506 1480 45.
529 1417 608 1480 Vide
630 1424 799 1502 quantum,
827 1419 972 1504 inquam,
1001 1419 1129 1495 fallare,
1151 1421 1319 1505 Torquate.
1357 1420 1466 1484 Oratio
1489 1439 1538 1483 me
1559 1418 1652 1483 istius
1673 1418 1779 1503 philo-

454 1511 546 1595 sophi
568 1532 633 1576 uou
655 1513 805 1590 otiendit;
826 1534 898 1578 nam
921 1522 953 1577 et
974 1515 1194 1597 complectitur
1215 1517 1320 1578 verbis
1342 1514 1512 1600 quodvult
1533 1520 1565 1577 44
1586 1511 1664 1575 dicit
1684 1513 1778 1596 plane

454 1609 537 1691 quod
560 1608 758 1690 intellegam:
780 1616 812 1671 et
834 1617 938 1671 tamen
954 1628 1012 1691 ego
1027 1628 1045 1672 a
1061 1609 1269 1693 philosopho,
1293 1610 1319 1673 si
1334 1610 1444 1673 aderat
1458 1607 1687 1690 eloquentiam,
1711 1626 1777 1670 non

453 1723 619 1788 aspernor,
651 1702 679 1764 si
708 1722 773 1765 non
801 1702 928 1776 habeat,
957 1724 1021 1766 uon
1050 1702 1219 1766 admodum
1247 1704 1400 1786 flagitem:
1427 1723 1462 1766 re
1490 1702 1567 1766 mihi
1589 1720 1654 1764 nou
1677 1720 1777 1785 aeque

429 1798 530 1866 usalis
550 1797 639 1872 iacit,
662 1797 842 1881 etquidem
864 1797 942 1860 locis
963 1797 1117 1880 pluribus.
1161 1798 1223 1862 Sed
1245 1807 1321 1881 quot
1341 1798 1497 1872 homiues,
1519 1805 1565 1860 tot
1586 1797 1776 1871 sententiam

452 1891 519 1955 ialli
540 1893 637 1975 igitur
656 1910 836 1975 possumus.
873 1891 974 1966 Quam
998 1891 1038 1954 ob
1060 1911 1127 1954 rem
1150 1891 1288 1965 tandem,
1310 1893 1426 1976 inquit,
1447 1911 1512 1955 non
1532 1891 1608 1955 satis
1622 1889 1723 1953 facit?
1744 1898 1776 1954 te

452 1988 536 2051 enim
558 1984 693 2049 iudicem
715 2003 849 2068 nequam
871 1993 964 2068 puto,
991 1985 1086 2048 modo
1108 2005 1188 2070 quoe
1210 1986 1296 2050 dicat
1316 1987 1370 2050 ille
1391 1987 1472 2049 hene
1494 1986 1591 2048 noris.
1636 1980 1686 2047 46.
1708 1985 1775 2048 Nisi

451 2081 528 2145 mihi
551 2076 744 2154 Phaedrum,
765 2080 910 2164 inquam,
933 2080 1099 2142 mentitum
1122 2090 1178 2144 aut
1192 2083 1349 2144 Zenonem
1372 2089 1479 2164 putas,
1502 2100 1635 2163 quorum
1656 2087 1776 2143 utrum·

451 2197 513 2262 que
535 2174 658 2249 audivi,
688 2193 759 2237 cum
781 2172 858 2236 mihi
880 2172 960 2236 nihil
983 2193 1058 2237 saue
1080 2183 1207 2258 praeter
1227 2175 1426 2239 sedulitatem
1449 2174 1634 2257 probarent,
1664 2190 1775 2236 omues

414 2292 442 2341 to
451 2271 527 2334 mihi
548 2259 677 2353 Epicuri
699 2268 873 2331 sententiae
896 2269 971 2331 satis
992 2276 1088 2331 notae
1104 2276 1190 2344 suot,
1213 2277 1308 2353 atque
1323 2290 1387 2342 eos,
1410 2288 1489 2355 quos
1504 2267 1681 2342 nominavi,
1704 2284 1774 2328 cum

450 2366 552 2428 Attico
581 2368 689 2426 nostro
718 2361 900 2446 frequenter
926 2361 1050 2438 audiri,
1083 2384 1154 2426 cum
1181 2365 1348 2428 miraretur
1369 2364 1423 2426 ille
1446 2363 1574 2445 quidem
1595 2369 1774 2445 utmmquo,

449 2459 626 2523 Phaedrum
648 2465 753 2520 autem
774 2455 869 2519 etiam
891 2464 1025 2532 amaret,
1056 2457 1234 2542 cotidieque
1255 2459 1417 2522 internos
1441 2477 1494 2532 ea,
1523 2476 1603 2542 quae
1625 2455 1774 2519 audieba-

449 2573 536 2627 mus,
557 2550 813 2625 conferebamus,
834 2542 939 2634 neque
961 2558 1029 2615 erat
1049 2571 1198 2638 umquam
1220 2552 1449 2627 controversia,
1471 2551 1547 2636 quid
1570 2570 1628 2634 ego
1650 2549 1775 2614 intelle-

449 2666 570 2731 gerem,
593 2646 649 2710 scd
671 2644 749 2728 quid
771 2645 946 2728 probarem.

413 2762 442 2812 ts
532 2742 585 2804 vt.
608 2736 658 2802 47.
681 2738 765 2817 Quid
786 2739 884 2821 igitur
905 2746 969 2813 est,
991 2739 1116 2823 inquit?
1145 2740 1255 2805 audire
1278 2741 1362 2805 enim
1384 2741 1493 2825 cupio,
1515 2740 1593 2826 quid
1615 2760 1679 2804 uon
1700 2759 1773 2824 pro·

447 2836 514 2901 hes.
547 2834 721 2917 Principio,
743 2834 888 2917 inquam,
915 2833 1126 2917 inphysicis,
1149 2835 1264 2919 quibus
1287 2836 1423 2898 maxime
1445 2835 1612 2918 gloriatur,
1634 2834 1770 2916 primum

448 2938 534 2995 totus
563 2937 611 2993 est
631 2929 764 2993 alienus.
806 2928 1004 2990 Democritea
1031 2928 1123 3003 dicit,
1150 2949 1307 3013 perpauca
1329 2936 1470 3004 mutans,
1501 2930 1557 2992 sed
1579 2929 1637 3002 ita,
1667 2937 1702 2991 ut
1724 2948 1771 3004 ea,

448 3044 529 3110 quoe
551 3023 707 3105 corrigere
730 3021 809 3096 vult,
832 3021 908 3084 mihi
930 3021 1057 3104 quidem
1080 3021 1252 3104 depravare
1275 3023 1427 3087 videatur.
1461 3017 1515 3085 llle
1537 3030 1670 3096 atomos,
1692 3041 1771 3105 quas

447 3118 604 3202 appellat,
625 3116 658 3180 id
680 3123 729 3179 444
750 3135 881 3200 corpora
901 3113 1066 3178 individua
1087 3125 1217 3199 propter
1236 3117 1441 3191 soliditatem,
1464 3123 1573 3179 censet
1593 3117 1625 3178 iu
1647 3114 1770 3178 infinito

409 3213 547 3287 miuoui,
569 3213 602 3275 in
624 3229 688 3296 quo
710 3209 788 3272 nihil
810 3229 869 3272 nec
891 3229 1046 3273 summum
1067 3230 1127 3272 nec
1149 3208 1291 3274 intimum
1313 3232 1373 3274 nec
1394 3210 1533 3275 medium
1548 3230 1607 3273 nec
1625 3209 1770 3273 ultimum

446 3324 504 3369 nec
525 3314 701 3386 extremum
722 3304 778 3378 sit,
800 3304 843 3365 ita
864 3301 955 3378 terri,
977 3311 1013 3367 ut
1035 3305 1293 3369 concursionibus
1315 3306 1397 3369 iuter
1418 3324 1452 3368 se
1467 3305 1706 3379 cohaerescunt,
1730 3323 1770 3366 ex

445 3421 509 3486 quo
531 3399 709 3465 efficiantur
730 3416 781 3472 ea,
804 3416 884 3480 quae
907 3399 970 3461 sint
991 3419 1136 3483 quaeque
1152 3407 1332 3475 cernantur,
1355 3400 1474 3474 omnio,
1499 3417 1634 3484 eumque
1650 3403 1768 3461 motum

445 3501 620 3559 atomorum
643 3492 731 3556 nullo
753 3512 773 3556 a
793 3492 969 3576 principio,
991 3494 1047 3556 sed
1070 3514 1111 3556 ex
1126 3501 1254 3558 aeterno
1271 3502 1413 3577 tempore
1431 3493 1571 3576 intellegi
1587 3490 1768 3555 convenire.

446 3584 495 3651 l8.
518 3589 672 3673 Epicurus
694 3595 815 3661 autem,
843 3587 877 3648 iu
899 3587 1012 3671 quihus
1034 3589 1176 3672 sequitur
1197 3589 1423 3662 Democritum,
1453 3607 1517 3650 uon
1548 3586 1614 3650 iere
1636 3586 1768 3648 labitur:

407 3701 633 3770 nequamquam
655 3683 819 3765 utriusque
841 3700 912 3744 cum
934 3682 1033 3746 multa
1053 3703 1118 3745 uon
1140 3683 1258 3766 probo,
1279 3691 1344 3746 tum
1367 3683 1447 3746 illud
1469 3683 1503 3744 iu
1524 3682 1649 3766 primis,
1672 3678 1767 3767 quod,

445 3799 516 3843 cum
537 3779 572 3842 iu
592 3796 697 3840 rerum
718 3783 830 3838 natura
852 3775 914 3839 duo
936 3777 1115 3859 quaerenda
1136 3780 1213 3852 siut,
1241 3797 1355 3851 unum,
1384 3796 1463 3860 quae
1486 3775 1616 3839 materia
1638 3775 1696 3847 sit,
1727 3794 1768 3836 ex

444 3891 507 3954 qua
529 3889 672 3956 quaeque
694 3890 745 3934 res
767 3867 935 3945 efficiatur,
956 3859 1108 3945 alterum‘,
1130 3870 1280 3953 quaevis
1302 3872 1357 3945 sit,
1380 3889 1460 3953 quae
1480 3871 1618 3955 quidque
1641 3865 1766 3943 efficiat,

443 3966 483 4029 de
505 3964 636 4027 materia
657 3963 886 4040 disseruerunt,
909 3965 973 4028 rim
994 3972 1026 4027 et
1046 3983 1173 4027 causam
1195 3962 1352 4028 efficiendi
1373 3964 1577 4050 reliquerunt.
1621 3961 1685 4026 Sed
1705 3961 1767 4023 hoc

442 4078 608 4124 commune
630 4058 758 4121 vitium:
778 4059 851 4123 illae
873 4059 1001 4143 Epicuri
1022 4058 1169 4143 propriae
1191 4059 1319 4134 ruinae;
1342 4067 1450 4121 censet
1472 4059 1556 4121 enim
1579 4058 1690 4120 eadem
1711 4056 1767 4118 illa

403 4151 607 4225 scindividua
628 4158 660 4215 et
680 4151 783 4216 solida
805 4172 936 4237 corpora
956 4151 1032 4216 terri
1054 4151 1201 4216 deorsum
1225 4172 1283 4216 suo
1306 4151 1445 4235 pondere
1466 4152 1506 4214 ad
1528 4151 1660 4226 lineam,
1681 4150 1766 4213 huuc

441 4247 617 4312 naturalem
647 4265 717 4310 esse
749 4246 890 4311 omnium
918 4266 1087 4331 corporum
1114 4252 1245 4311 motum.
1294 4242 1345 4309 49.
1372 4245 1494 4309 Deinde
1524 4244 1640 4308 ibidem
1669 4242 1765 4306 homo

440 4350 563 4417 acutus,
585 4361 655 4404 cum
677 4341 757 4405 illud
779 4349 968 4417 occurreret,
989 4340 1017 4405 si
1036 4341 1141 4404 omnia
1155 4340 1302 4404 deorsum
1318 4361 1336 4404 e
1352 4340 1480 4424 regione
1495 4339 1653 4405 ferrentur
1668 4345 1708 4413 et,
1731 4345 1767 4400 ut

441 4435 523 4511 dixi,
545 4435 584 4499 ad
605 4434 732 4510 lineam,
754 4456 924 4521 numquam
939 4435 1006 4499 foro
1022 4442 1059 4498 ut
1077 4442 1202 4499 atomus
1218 4435 1317 4499 altera
1331 4435 1460 4499 alteram
1475 4442 1584 4520 posset
1599 4433 1764 4515 attingere,

440 4529 464 4611 †
485 4529 593 4613 itaque
614 4530 721 4593 attulit
741 4550 808 4593 rem
829 4529 1097 4594 commenticiam:
1126 4529 1284 4593 declinare
1307 4528 1389 4592 dixit
1410 4537 1547 4594 atomum
1568 4526 1765 4612 perpaulum,

403 4643 504 4708 usquo
532 4622 612 4686 nihil
639 4631 746 4708 posset
770 4621 838 4688 lieri
860 4625 982 4701 minus3
1011 4624 1055 4687 ita
1077 4619 1160 4687 effici
1182 4622 1418 4707 complexiones
1440 4630 1472 4687 et
1493 4624 1711 4707 copulationes
1733 4627 1765 4684 et

505 4897 530 4948 4.
547 4895 634 4961 selim
650 4894 670 4946 Β
689 4920 717 4935 ··
741 4895 766 4947 3.
784 4909 862 4959 quom
877 4897 922 4948 tot.
940 4889 971 4949 tt¹
989 4922 1017 4933 -
1036 4910 1081 4963 eqo
1098 4893 1162 4948 AB:
1184 4910 1238 4948 om.
1256 4896 1277 4948 0
1295 4921 1323 4932 -
1342 4893 1368 4946 ll.
1386 4894 1519 4959 satisfecit
1534 4895 1583 4945 ΑΒ
1602 4920 1630 4931 κ
1645 4890 1763 4957 plurimis

438 4968 458 5022 Β
476 4995 510 5009 -·
525 4971 550 5022 6.
565 4972 688 5035 possimus
703 4973 724 5022 Α
742 4996 769 5007 -
789 4971 813 5022 8.
831 4970 977 5036 4444444444]
995 4971 1029 5022 ul'
1043 4973 1166 5037 phedmm
1180 4970 1313 5036 pulchrum
1328 4972 1348 5021 Β
1368 4998 1394 5007 -
1414 4971 1438 5021 a.
1454 4975 1558 5033 praeter
1573 4969 1615 5020 sed
1630 4968 1762 5021 utilitatem

438 5047 488 5097 ΑΒ
508 5072 536 5084 -
560 5047 600 5096 42.
617 5047 738 5109 ptednm
750 5047 883 5110 pulchrum
899 5053 983 5099 cutem
999 5049 1019 5097 B
1039 5076 1066 5087 -
1092 5049 1228 5111 cotidieque
1244 5048 1279 5098 A:
1301 5046 1447 5109 cottidieque
1462 5047 1496 5105 Β;
1521 5045 1676 5107 quotidieque
1692 5046 1712 5094 0
1732 5067 1759 5081 -

438 5122 479 5173 tt.
497 5121 654 5171 Democritea
670 5122 730 5172 dicit
750 5135 811 5174 uos:
835 5122 967 5173 4444444444
988 5124 1065 5174 adicit
1080 5119 1139 5174 A¹B
1149 5124 1183 5180 E;
1205 5123 1338 5173 democrito
1358 5122 1435 5172 adicit
1451 5117 1496 5180 ll²;
1517 5120 1658 5170 Democrito
1675 5115 1762 5170 adiicit

437 5195 458 5247 0
476 5197 637 5259 (Dmtocrttio
652 5197 711 5248 dicit
727 5199 770 5261 ll).
797 5197 836 5249 ct.
855 5198 871 5262 5
888 5200 933 5248 tt:
950 5197 990 5248 Itu
1006 5212 1071 5261 quue
1085 5203 1180 5261 mutet,
1198 5213 1230 5249 eu
1245 5199 1395 5261 corrumpit,
1414 5209 1478 5260 quoe
1494 5196 1618 5258 sequitur,
1636 5199 1693 5244 suot
1708 5197 1762 5245 toto

435 5271 584 5328 Derueortth
611 5271 653 5333 lV,
672 5272 687 5336 S
705 5272 749 5322 ta:
773 5273 895 5336 Equidem
915 5274 991 5325 etium
1006 5274 1156 5337 Epicurum,
1182 5275 1210 5322 iu
1228 5273 1335 5336 physicis
1350 5272 1461 5333 quidem,
1485 5271 1667 5321 Democriteum
1687 5273 1759 5331 puto.

435 5347 521 5396 Poucu
536 5350 618 5396 mutot
634 5350 685 5397 cet.
710 5373 738 5385 -
765 5348 805 5398 48.
823 5348 935 5399 athomos
949 5349 1017 5408 4Β;
1039 5341 1169 5414 ἀτόμους
1185 5347 1205 5398 0
1227 5371 1254 5382 -
1281 5349 1321 5398 20.
1339 5347 1419 5408 inunt]
1441 5347 1513 5396 iuutu
1529 5347 1563 5403 B;
1586 5345 1675 5395 iooutu
1691 5343 1711 5394 li
1730 5367 1758 5380 -·

435 5423 478 5474 24.
495 5423 713 5475 ootremtenAB:
731 5422 916 5474 4444444440-
933 5424 1093 5487 autemut
1109 5418 1207 5474 44444ι
1223 5444 1250 5458 -
1267 5423 1401 5486 flertB-
1419 5421 1507 5472 23444
1523 5419 1631 5484 uemmo]
1648 5423 1760 5470 ectrmo

435 5497 456 5550 Β
484 5525 512 5536 -
536 5497 579 5548 tt.
599 5498 665 5560 cum]
685 5498 773 5548 4444Β
798 5524 825 5534 -
849 5498 966 5561 prohuB
989 5524 1017 5536 -
1043 5497 1483 5560 26.eeque13:eequet13-
1505 5496 1546 5546 24.
1565 5491 1706 5559 44444444Β
1728 5518 1757 5530 ·-

435 5574 544 5638 quidque
558 5576 593 5624 A:
613 5574 725 5638 quodque
743 5572 833 5624 ΒΟ-
852 5574 893 5624 28.
912 5574 1071 5624 deremenmt
1087 5574 1146 5625 A¹B
1160 5600 1188 5611 -
1206 5574 1246 5624 29.
1264 5574 1389 5624 uictumA
1403 5598 1430 5609 -·
1449 5572 1490 5622 344.
1508 5571 1623 5622 deorsum
1638 5570 1757 5622 suotll:

434 5663 480 5700 suo
496 5650 610 5700 deorsum
626 5649 647 5701 0
666 5675 693 5684 -
711 5649 746 5698 od
761 5646 861 5712 lineum]
878 5649 1000 5698 44444444
1016 5644 1055 5708 44,
1073 5649 1101 5697 in
1118 5660 1171 5712 quo
1188 5646 1270 5698 latere
1286 5647 1392 5698 videtur
1407 5647 1442 5697 ud
1457 5646 1553 5696 linium.
1572 5645 1610 5695 Cl.
1630 5643 1706 5695 llolm
1723 5642 1758 5695 ad

434 5722 493 5774 Vol.
505 5724 542 5788 ll,
559 5736 586 5789 p.
600 5723 672 5785 4332,
686 5724 726 5774 42.
744 5750 771 5760 -
789 5723 862 5788 huuc]
878 5723 950 5774 44444
966 5726 1009 5789 (ex
1026 5722 1185 5787 compendio
1201 5724 1227 5773 tt
1243 5737 1291 5789 pro
1307 5724 1345 5787 44)
1362 5723 1382 5771 Β
1399 5748 1426 5762 -
1447 5721 1487 5773 32.
1506 5722 1606 5772 deorsus
1622 5719 1648 5769 h.
1661 5718 1679 5770 4.
1692 5722 1713 5771 Α
1727 5746 1755 5758 -

435 5798 477 5850 33.
493 5798 548 5862 (ore
562 5812 700 5861 nunquam
714 5804 743 5849 ut
759 5799 778 5849 Β
795 5826 828 5837 -
844 5800 956 5850 44444444
971 5799 1035 5857 ΑΒ;
1053 5798 1113 5849 4444.
1131 5792 1241 5864 ἄτομος
1253 5826 1281 5836 -
1300 5798 1341 5850 34.
1357 5799 1443 5861 itaque
1459 5799 1516 5847 iure
1533 5797 1688 5860 suspectum
1700 5795 1757 5844 lta-

435 5873 521 5934 uutio,
545 5874 651 5938 Ursino,
672 5875 803 5926 4444444.
822 5899 850 5913 -
876 5889 930 5926 rem
949 5875 1151 5925 conumimciom
1170 5875 1189 5924 Β
1213 5899 1242 5913 -
1269 5875 1379 5924 adornes
1395 5876 1430 5936 Α;
1454 5871 1503 5926 sed
1522 5871 1556 5923 oi.
1574 5883 1602 5935 p.
1619 5869 1661 5932 ot,
1679 5867 1727 5920 4.·

436 5945 478 6000 34.
493 5954 574 6012 posset
587 5950 644 6015 pert
656 5955 739 6014 portet
753 5951 836 6003 miuus
853 5949 944 6016 (444444
957 5956 1038 6015 posset
1053 5949 1088 6002 ab
1106 5950 1164 6002 ead.
1183 5963 1219 6002 m.
1238 5947 1336 6015 deleto)
1352 5951 1383 6001 Α.
