4342 7459
712 1246 779 1309 ns.
801 1245 825 1308 1.
854 1244 930 1309 aar.
951 1219 1194 1309 xvir-in.
1222 1241 1269 1327 ss
1290 1241 1439 1307 :sa-ar.
1676 1241 1740 1309 tae

410 1410 511 1474 editas
533 1405 732 1488 accepimus:
757 1423 840 1487 quae
862 1412 968 1468 nmen
989 1405 1102 1468 ducme
1123 1406 1213 1468 utin
1235 1424 1301 1467 rem
1323 1412 1398 1486 apte
1419 1404 1532 1469 cadant
1553 1405 1623 1469 lieri
1645 1408 1740 1471 credo

409 1524 504 1589 posse
534 1500 697 1563 divinitus.
735 1499 876 1574 Quorum
898 1500 1038 1564 omnium
1060 1502 1267 1581 interpretes,
1293 1507 1329 1561 ut
1349 1501 1543 1581 grammatici
1565 1510 1741 1581 poetarum,

410 1615 565 1681 proxume
587 1592 628 1656 ad
650 1612 776 1666 eorum,
799 1613 881 1673 quos
903 1593 1158 1675 interpretantur,
1181 1593 1406 1655 divinationem
1421 1593 1569 1657 videntur
1582 1598 1741 1661 accedere.

408 1688 460 1752 35.
489 1690 580 1765 Quae
612 1698 660 1749 est
690 1686 787 1768 igitur
815 1688 877 1749 ista
905 1688 1061 1750 calliditas
1091 1708 1142 1749 res
1173 1693 1327 1749 vetustate
1353 1686 1497 1749 robustas
1519 1689 1742 1754 calumniando

409 1784 491 1848 velle
517 1783 723 1867 perverteret
751 1782 822 1843 Non
852 1783 976 1864 reperio
998 1801 1135 1844 causam.
1171 1781 1263 1843 Latet
1283 1777 1418 1843 fortasse
1439 1780 1632 1846 obscuritate
1653 1785 1766 1848 inve-o

408 1880 474 1943 luta
501 1887 641 1940 naturae.
684 1875 755 1936 Non
784 1876 869 1938 enim
899 1896 949 1938 me
972 1876 1051 1938 deus
1073 1877 1134 1938 ista
1155 1876 1250 1947 scire,
1281 1873 1337 1937 sed
1360 1875 1410 1936 his
1431 1882 1554 1938 tanturn
1577 1876 1673 1941 modo
1697 1881 1743 1942 uti

409 1971 522 2036 voluit.
554 1970 631 2032 Utar
651 1971 750 2052 igitur
771 1989 831 2032 nec
852 1969 1004 2044 adducar,
1027 1980 1083 2033 aut
1105 1972 1138 2033 iu
1154 1968 1236 2032 extis
1251 1975 1351 2031 totam
1366 1968 1524 2031 Etruriam
1539 1969 1674 2036 delirare
1688 1983 1745 2036 aut

409 2065 545 2131 eandem
574 2073 700 2145 gentem
727 2065 760 2126 in
791 2063 968 2146 fulgoribus
990 2084 1095 2127 errare
1116 2072 1172 2126 aut
1192 2061 1349 2125 fallaciter
1368 2071 1513 2147 portenta
1533 2065 1744 2149 interpretari,

410 2177 482 2225 eum
498 2167 601 2222 terrae
620 2177 717 2238 saepe
737 2156 900 2230 fremitus,
918 2176 1012 2238 saepe
1035 2157 1192 2239 mugitus,
1211 2175 1306 2239 saepe
1324 2163 1427 2219 motus
1444 2157 1542 2220 multa
1555 2168 1682 2223 nostrae
1697 2163 1744 2224 rei

407 2253 572 2337 publicae,
595 2250 695 2313 multa
717 2251 829 2314 ceteris
852 2250 1032 2313 civitatibus
1054 2251 1164 2332 gravia
1177 2259 1209 2313 et
1224 2267 1298 2312 vera
1312 2250 1539 2333 praedixerint.
1570 2247 1621 2314 36.
1638 2255 1781 2330 Quidtto

410 2346 465 2432 qui
487 2344 646 2409 inridetur
668 2352 776 2427 partus
797 2343 850 2406 hic
873 2343 978 2405 mulae
1000 2363 1122 2416 nonne,
1146 2345 1222 2426 quia
1242 2343 1325 2406 fetus
1341 2345 1447 2407 extitit
1460 2344 1495 2406 in
1509 2346 1674 2412 sterilitate
1689 2368 1745 2412 na·

410 2450 515 2511 turae,
539 2439 721 2521 praedictus
742 2447 791 2499 est
805 2437 845 2498 ab
859 2435 1083 2518 haruspicibus
1099 2437 1294 2500 incredibilis
1309 2445 1419 2521 partus
1435 2438 1613 2502 malorum?
1636 2442 1744 2519 Quidf

409 2534 459 2596 Ti.
475 2532 653 2605 Gracchus,
675 2528 779 2593 Publii
802 2526 900 2603 lilius,
922 2529 977 2612 qui
999 2530 1047 2592 bis
1069 2531 1181 2593 consul
1197 2538 1229 2593 et
1244 2549 1359 2593 censor
1371 2530 1432 2593 fuit
1446 2529 1597 2618 idemque
1613 2542 1645 2598 et
1659 2558 1746 2600 sum·

405 2647 481 2691 mus
511 2647 614 2709 augur
643 2633 674 2689 et
701 2626 749 2688 vir
776 2627 904 2706 sapiens
932 2624 1076 2706 civisque
1104 2632 1287 2706 praestans,
1313 2643 1439 2698 nonne,
1468 2632 1504 2688 ut
1525 2626 1557 2692 C.
1574 2628 1745 2707 Gracchus,

407 2720 494 2785 iilius
517 2722 601 2795 eius,
623 2720 776 2803 scriptum
799 2717 941 2801 reliquit,
965 2716 1091 2779 duobus
1112 2718 1271 2801 anguibus
1292 2717 1379 2781 domi
1401 2719 1629 2801 conprehensis
1651 2725 1784 2787 hara-ts

410 2817 515 2900 apices
544 2814 752 2878 convocavit?
785 2812 842 2896 qui
871 2832 944 2875 cum
965 2811 1224 2894 respondissent,
1257 2812 1285 2874 si
1307 2830 1425 2876 marem
1448 2813 1621 2891 emisisset,
1653 2821 1746 2883 uxori

410 2911 498 2974 brevi
521 2918 663 2992 tempore
685 2928 755 2971 esse
777 2906 994 2979 moriendum,
1024 2905 1051 2967 si
1074 2904 1240 2979 feminam,
1267 2905 1345 2988 ipsi,
1374 2908 1509 2990 aequius
1531 2928 1601 2972 esse
1624 2911 1747 2975 censuit

411 3025 445 3068 se
468 3012 621 3067 maturam
643 3010 797 3088 oppetere
818 3008 951 3063 mortem
976 3018 1071 3083 qnam
1094 2999 1126 3060 P.
1143 2998 1281 3061 Africani
1304 2995 1398 3061 liliam
1413 2999 1662 3066 adulescentem.
1688 3005 1746 3068 Fe-

407 3100 528 3163 'minam
550 3094 670 3169 emisit,
692 3095 760 3179 ipse
781 3094 892 3178 paucis
914 3101 988 3176 post
1009 3087 1123 3153 diebus
1145 3099 1193 3153 est
1213 3099 1368 3156 mortuus.

496 3189 584 3253 xlx.
607 3190 804 3253 Inrideamus
827 3189 1025 3272 haruspices,
1048 3205 1162 3259 vanos,
1191 3183 1298 3249 futiles
1320 3206 1391 3249 esse
1414 3187 1571 3264 dicamus,
1594 3205 1783 3275 quorum-so

412 3307 474 3369 qne
497 3284 696 3370 disciplinam
718 3292 751 3347 et
772 3283 1027 3366 sapientissimus
1049 3281 1099 3342 vir
1119 3288 1151 3342 et
1165 3287 1297 3344 eventus
1313 3299 1349 3343 ac
1364 3300 1414 3345 res
1429 3285 1650 3365 conprobavit,
1672 3307 1747 3352 con·

410 3387 604 3451 temnamus3
635 3388 878 3441 contemnamus
900 3377 995 3439 etiam
1017 3373 1211 3457 Babylonem
1233 3382 1267 3436 et
1288 3395 1357 3448 eos,
1385 3375 1440 3460 qui
1463 3396 1482 3439 e
1504 3376 1644 3444 Caucaso
1664 3383 1745 3446 caeli

414 3474 504 3556 signa
527 3481 689 3535 servantes
712 3473 852 3537 numeris
876 3467 920 3554 [et
942 3462 1090 3548 motibus]
1114 3465 1277 3530 stellarum
1299 3488 1410 3531 cursus
1424 3481 1642 3554 persecuntur.
1664 3476 1747 3538 Con-

413 3566 618 3639 damnemus,
640 3568 786 3649 inquam,
807 3566 868 3628 hos
889 3573 945 3626 aut
965 3561 1118 3625 stultitiae
1141 3571 1196 3624 aut
1216 3560 1365 3625 vanitatis
1383 3572 1437 3627 aut
1451 3566 1667 3648 inpudentiae,
1690 3573 1746 3655 qui

413 3660 645 3743 quadringenta
667 3659 867 3741 septuaginta
887 3657 973 3720 milia
993 3674 1160 3727 annorum,
1179 3664 1214 3717 ut
1230 3655 1293 3737 ipsi
1310 3656 1430 3731 dicunt,
1446 3664 1658 3725 monumentis
1672 3675 1785 3726 con-ta

412 3754 571 3835 prehensa
593 3754 770 3826 continent,
792 3762 825 3816 et
847 3751 971 3814 mentiri
994 3748 1170 3813 iudicemus
1192 3767 1252 3811 nee
1273 3751 1472 3814 saeculorum
1488 3754 1683 3838 reliquorum
1699 3760 1749 3821 iu·

413 3846 542 3915 dicium,
568 3847 654 3928 quod
678 3847 717 3908 de
740 3848 817 3929 ipsis
841 3843 980 3908 futurum
1003 3844 1058 3917 sit,
1080 3845 1315 3926 pertimescere.
1357 3842 1409 3907 37.
1431 3849 1513 3929 Age,
1535 3847 1659 3911 barbari
1675 3854 1746 3915 vani

413 3948 509 4023 atque
531 3938 679 4001 fallaces:
701 3959 777 4002 num
800 3941 894 4003 etiam
917 3939 1084 4001 Graiorum
1106 3937 1242 4000 historia
1263 3938 1395 4002 mentita
1416 3944 1487 4003 ostf
1517 3941 1607 4017 Quae
1632 3943 1747 4009 Croeso

415 4033 545 4116 Pythius
567 4033 698 4116 Apollo,
726 4041 762 4096 ut
792 4034 831 4096 de
859 4030 994 4096 naturali
1025 4029 1220 4094 divinatione
1243 4030 1362 4105 dicam,
1385 4052 1467 4115 quae
1490 4035 1747 4111 Atheniensibus,

414 4147 496 4207 quae
527 4127 799 4201 Lacedaemoniis,
830 4147 910 4210 quae
935 4124 1100 4206 Tegeatis,
1128 4143 1210 4207 quae
1232 4126 1371 4205 Argivis,
1400 4147 1482 4209 quae
1504 4129 1677 4193 Corinthiis
1699 4141 1785 4194 re-eo

414 4222 579 4302 sponderit
607 4222 680 4303 quis
706 4221 857 4302 ignorati
889 4218 1024 4299 Collegit
1053 4218 1298 4281 innumerabilia
1320 4221 1448 4282 oracula
1472 4220 1669 4307 Chrysippus
1691 4246 1749 4288 nec

420 4419 583 4429 ..o——
1653 4425 1747 4435 η’..

415 4548 509 4597 Cicero
527 4547 598 4595 enim
617 4545 737 4596 dicturus
762 4548 801 4594 «si
819 4552 842 4594 et
856 4545 1033 4594 auctoritatem
1049 4544 1121 4592 habet
1137 4545 1268 4594 vetiutatis
1285 4548 1308 4592 et
1324 4544 1411 4594 diuina
1427 4546 1453 4593 oi
1469 4552 1547 4596 sortes
1563 4547 1747 4599 adornantur·

414 4620 527 4671 alterum
547 4619 699 4670 membrum
718 4623 817 4669 mutata
836 4619 981 4670 verborum
999 4622 1133 4668 structura
1151 4616 1244 4668 intulit.
1259 4643 1287 4654 -
1306 4619 1366 4669 heae
1384 4619 1419 4678 ll,
1437 4620 1516 4670 bocas
1533 4621 1584 4670 AV
1599 4651 1621 4660 -
1644 4625 1667 4673 l.
1686 4628 1749 4675 aaa·

413 4704 468 4746 ctae
486 4697 507 4746 ll
527 4722 554 4731 —
574 4697 597 4743 2.
616 4697 777 4758 grammatici
794 4701 822 4744 ut
836 4702 969 4754 poetarum
988 4693 1008 4742 ll
1024 4721 1049 4729 -
1069 4693 1094 4741 3.
1108 4694 1263 4741 diuinitatem
1281 4695 1426 4756 Hottinger.
1442 4722 1468 4731 -
1482 4697 1506 4746 4.
1525 4712 1570 4747 uec
1586 4701 1696 4749 adducat
1708 4701 1746 4759 Vt,

415 4770 580 4822 collectioni
598 4772 623 4820 iu
642 4785 724 4834 marg.
744 4771 806 4821 add.
825 4776 853 4819 ut
869 4784 938 4820 rear.
960 4794 986 4805 -
1005 4775 1052 4818 cut
1067 4771 1320 4819 eandem--errare
1339 4772 1356 4820 B
1374 4773 1400 4820 in
1419 4784 1501 4836 marg.
1520 4799 1547 4809 -
1566 4774 1590 4823 8.
1607 4773 1750 4837 iugeribus

414 4905 433 4952 0
459 4930 479 4938 -
505 4905 529 4952 9.
548 4902 720 4966 acepsimam]
738 4858 863 4963 sepmnh
881 4903 916 4960 H,
940 4900 1150 4963 quaevocahula
1170 4901 1237 4952 linea
1256 4905 1409 4952 transversa
1427 4901 1514 4953 deleta
1530 4909 1601 4955 sunt.
1623 4934 1649 4943 -
1674 4910 1750 4959 multe

415 4978 433 5027 B
454 5005 479 5013 -
501 4979 539 5027 444.
557 4978 741 5038 praedicerent
759 4976 779 5025 ll
796 5003 820 5011 -
837 4977 907 5036 Quod
918 4978 962 5037 qui
975 4976 995 5024 ll
1011 5004 1037 5012 -
1057 4977 1097 5027 ll.
1110 4977 1175 5039 setus
1189 4977 1228 5025 bic
1245 4978 1329 5025 extitit
1342 4975 1373 5024 V¹
1386 5001 1412 5012 —
1426 4979 1552 5028 umurob
1567 5007 1593 5017 -
1609 4982 1649 5033 li.
1662 4997 1748 5047 urusp.

415 5051 466 5101 All
486 5077 512 5085 -
533 5052 661 5100 mulorum
679 5052 741 5100 H-
762 5052 802 5101 43.
824 5050 868 5114 fi]
886 5051 929 5099 tibi
947 5052 1008 5101 C-
1025 5064 1053 5112 p.
1070 5053 1138 5115 fllius
1155 5054 1173 5102 C
1194 5078 1221 5087 -
1241 5051 1401 5112 laumense
1421 5080 1448 5089 -
1469 5052 1587 5108 abac
1608 5084 1634 5094 -
1655 5060 1750 5110 tare-

414 5127 493 5191 liqaid
510 5129 572 5176 A-
591 5127 789 5188 conpraehensos
805 5123 836 5175 A¹
851 5153 877 5161 -
896 5139 982 5187 arusp.
1004 5126 1024 5176 ll
1044 5130 1070 5176 et
1088 5129 1126 5178 sie
1145 5127 1199 5177 fere
1218 5140 1335 5191 semper.
1353 5155 1378 5163 -
1399 5127 1438 5178 44.
1456 5142 1534 5192 equus
1551 5131 1572 5180 H
1593 5158 1620 5168 -
1641 5134 1680 5183 48.
1693 5148 1750 5184 mo-

415 5205 499 5250 turum
517 5201 554 5250 C:
578 5207 707 5249 maturam
725 5202 745 5249 0
763 5214 825 5249 cunr
846 5202 959 5259 Davisio,
985 5203 1030 5263 qui
1048 5201 1159 5252 contulit
1180 5201 1246 5253 Plul.
1265 5216 1290 5251 v.
1309 5202 1365 5252 Tib.
1385 5205 1495 5253 Gracchi
1514 5220 1538 5256 c.
1559 5209 1581 5256 4.
1602 5234 1628 5243 -
1648 5210 1674 5258 Ρ.
1693 5223 1747 5260 om.

416 5273 444 5326 B¹
465 5302 490 5311 -
510 5277 620 5337 africani
637 5290 691 5325 om.
711 5272 741 5325 A¹
760 5302 786 5311 -
812 5276 852 5325 22.
872 5282 1075 5339 ccutearpnomus
1092 5278 1331 5339 (conterminare)
1350 5278 1369 5327 C
1387 5278 1472 5329 semel
1490 5279 1599 5332 habent.
1622 5309 1648 5319 —-
1672 5283 1750 5345 babu-

415 5350 495 5400 tcnem
514 5350 595 5412 (babil.
611 5352 639 5410 Al
658 5356 680 5400 et
698 5364 738 5399 eos
755 5352 790 5400 C:
817 5351 967 5411 babylonios
983 5357 1007 5400 et
1024 5365 1064 5400 ecs
1077 5352 1221 5413 Victorius,
1239 5353 1399 5414 babylonios,
1417 5368 1457 5405 eos
1469 5356 1488 5404 0
1500 5369 1562 5407 curn
1580 5357 1747 5422 llottingero;

416 5425 540 5475 videntur
556 5424 639 5474 rerba
658 5426 807 5485 Ratptcnem
824 5432 846 5474 et
864 5440 896 5475 er
914 5425 1115 5488 interpolatione
1133 5426 1176 5489 (cl.
1191 5428 1211 5477 ll
1229 5428 1244 5490 g
1262 5429 1301 5490 94)
1319 5427 1409 5478 addita
1427 5442 1497 5479 esse.
1514 5457 1539 5467 -
1560 5445 1668 5482 caucaso
1686 5434 1747 5483 ll-

416 5501 457 5550 44.
475 5506 499 5549 et
516 5501 621 5549 motibus
637 5502 765 5549 stellarum
782 5513 870 5549 curem
887 5502 924 5551 C:
943 5507 966 5549 et
983 5508 1064 5551 motus
1079 5503 1210 5551 stellarum
1226 5516 1362 5566 cursusque
1374 5505 1393 5552 0
1407 5517 1469 5555 cum
1487 5506 1645 5563 Goerenzio,
1664 5508 1751 5557 satu-

417 5589 474 5624 rum
490 5589 579 5624 cursus
594 5580 618 5625 et
634 5581 716 5624 motus
733 5575 870 5632 [tarvisium
894 5575 1020 5638 equidem
1044 5582 1066 5626 et
1086 5577 1192 5626 matilia
1208 5576 1267 5627 loco
1285 5578 1343 5627 eius
1360 5578 1432 5641 quod
1450 5582 1491 5629 est
1507 5584 1530 5628 st
1546 5583 1628 5628 motus
1643 5594 1675 5630 ex
1692 5580 1708 5631 l.
1728 5584 1750 5633 ll

416 5649 474 5713 8⁴7
492 5649 527 5699 ah
545 5651 642 5700 eodem
661 5648 847 5713 interpolatore
865 5650 984 5700 additum
1002 5664 1062 5701 esse
1081 5654 1154 5714 puto,
1174 5666 1188 5702 a
1206 5664 1259 5715 quo
1277 5650 1319 5702 illo
1337 5650 1396 5702 loco
1413 5665 1446 5702 ex
1463 5653 1515 5702 boc
1531 5658 1556 5703 et
1571 5667 1659 5705 curun
1674 5655 1750 5706 adie-

417 5727 489 5773 ctum
508 5727 557 5773 est.
579 5751 605 5760 -
623 5729 807 5788 persequuntur
824 5724 905 5775 AVO
926 5752 952 5764 -
972 5726 1177 5787 condempnemus
1192 5729 1226 5785 A,
1245 5728 1455 5790 condempnemus
1471 5728 1493 5778 H
1512 5755 1537 5765 -
1558 5729 1600 5781 fl.
1618 5731 1751 5794 4444444444-

418 5800 467 5849 tiae
490 5799 648 5850 Lambinus:
674 5800 849 5861 inprudentiae
867 5798 916 5860 (vel
934 5800 1020 5862 impr.)
1039 5800 1058 5850 C
1079 5828 1106 5836 -
1131 5802 1172 5850 25.
1190 5804 1349 5867 septuaginta
1365 5803 1384 5853 Β
1402 5815 1461 5866 sup.
1480 5800 1524 5852 lin.
1543 5802 1642 5863 babet;
1662 5805 1750 5859 locum

418 5877 526 5939 respicit
544 5875 693 5925 Lactantius
710 5876 769 5925 inst.
789 5873 943 5936 v11‚tt.-
959 5875 1000 5925 tl.
1018 5875 1066 5938 ipsi
1082 5874 1113 5925 A¹
1133 5902 1159 5911 -
1179 5874 1220 5925 344.
1238 5877 1419 5928 lomdmwuis
1434 5878 1456 5926 A
1474 5902 1501 5913 -
1522 5878 1633 5942 Tegeatis
1648 5881 1751 5932 Turne-

418 5947 485 5999 bus:
504 5952 612 6012 tappetis
624 5950 653 6011 V,
672 5950 838 6013 mappulis,
857 5952 978 6013 moreutu
994 5950 1028 6012 B,
1046 5950 1152 6014 urgetis
1169 5950 1190 6000 tl
1209 5975 1237 5989 -
1256 5951 1432 6015 communest
1448 5951 1470 6002 ll
1486 5978 1515 5989 -
1532 5951 1573 6005 34.
1585 5954 1674 6007 orwlo
1688 5955 1750 6008 BV.
