4342 7459
796 1274 1351 1362 Lu.lcrn.x11.§§t0-to.
1435 1317 1439 1324 ·
1692 1271 1734 1339 ov

407 1462 458 1509 res
480 1442 641 1528 quaedam
661 1442 703 1508 ad
723 1444 879 1510 rationem
900 1447 1124 1512 inveniendam
1144 1449 1215 1513 viae
1235 1449 1449 1532 aperirentur:
1471 1468 1608 1515 errorem
1629 1456 1735 1515 autem

409 1546 440 1603 et
460 1538 673 1603 temeritatem
694 1546 727 1603 et
747 1539 958 1623 ignorantiam
980 1550 1012 1606 et
1033 1543 1249 1627 opinationem
1272 1552 1304 1610 et
1325 1543 1534 1629 suspitionem
1553 1550 1585 1607 et
1598 1563 1662 1608 uno
1676 1562 1736 1608 no·

408 1634 495 1698 mine
517 1634 642 1709 omnia,
664 1653 748 1717 qnae
770 1643 877 1698 essent
898 1636 1004 1701 aliena
1025 1633 1133 1701 firmae
1155 1645 1187 1701 et
1208 1639 1381 1703 constantis
1402 1638 1618 1714 adsensionis,
1638 1637 1736 1703 avim

407 1732 477 1790 tute
508 1728 730 1813 sapientiaque
760 1731 952 1795 removebat
993 1732 1098 1816 Atque
1125 1732 1160 1795 in
1191 1731 1243 1796 bis
1270 1731 1337 1797 lere
1367 1732 1568 1797 commutatio
1597 1731 1737 1797 constitit

408 1820 512 1885 omnis
535 1819 758 1907 dissensioque
778 1825 914 1888 Zenonis
936 1844 955 1889 a
975 1826 1204 1909 superioribus.
1742 1847 1760 1898 e

492 1915 565 1979 ΧΠ
586 1912 640 1981 ld.
662 1917 751 1994 Quae
777 1940 849 1983 curn
875 1918 1023 1984 dixisset:
1052 1921 1193 1984 Breviter
1213 1939 1289 1984 sane
1311 1921 1505 2004 minimeque
1526 1921 1658 1985 obscure
1680 1938 1736 1983 ex·

407 2012 512 2097 posita
527 2018 593 2089 est,
615 2013 756 2098 inquam,
777 2035 797 2080 a
818 2023 861 2091 te,
882 2016 992 2090 Varro,
1015 2022 1048 2078 et
1065 2015 1182 2078 veteris
1195 2014 1385 2079 Academiae
1399 2016 1479 2080 ratio
1494 2022 1527 2078 et
1541 2014 1735 2078 Stoicorum:

407 2126 519 2170 verum
547 2126 619 2171 esse
647 2102 777 2193 [autem]
807 2109 958 2183 arbitror,
989 2114 1025 2171 ut
1051 2107 1225 2183 Antiocho,
1254 2115 1362 2173 nostro
1388 2108 1552 2184 familiari,
1581 2108 1736 2192 placebat,

407 2201 638 2264 correctionem
659 2204 775 2265 veteris
797 2203 985 2266 Academiae
1007 2204 1114 2286 potius
1136 2222 1231 2286 qnam
1252 2222 1366 2267 novam
1382 2202 1521 2287 aliquam
1536 2202 1736 2286 disciplinam

407 2293 592 2379 putandam.
633 2296 722 2359 Tunc
744 2298 861 2360 Varro:
895 2299 982 2360 Tuae
1011 2304 1085 2360 sunt
1111 2316 1198 2359 nuno
1223 2304 1345 2379 partes,
1375 2298 1495 2380 inquit,
1517 2298 1573 2382 qui
1594 2297 1634 2359 ab
1656 2296 1773 2366 anti-to

408 2408 545 2472 quornm
565 2390 689 2454 ratione
712 2390 864 2455 desciscis
886 2400 918 2454 et
940 2411 995 2465 ea,
1027 2411 1108 2474 quae
1131 2391 1170 2454 ab
1190 2391 1332 2454 Arcesila
1352 2399 1466 2455 novata
1488 2399 1576 2467 sunt,
1605 2391 1736 2474 probas,

409 2483 541 2557 docere,
564 2484 654 2567 qnod
676 2492 793 2569 etqua
815 2486 855 2548 de
877 2505 972 2549 causa
987 2484 1155 2548 discidium
1177 2484 1295 2548 factum
1312 2486 1366 2560 sit,
1388 2493 1425 2549 nt
1438 2486 1600 2549 videamus
1618 2484 1737 2548 satisne

409 2574 468 2639 iste
490 2577 533 2639 sit
555 2577 639 2641 iusta
662 2576 808 2642 delectio.
851 2576 902 2641 lt.
924 2580 1005 2640 Tum
1028 2599 1105 2660 ego:
1130 2578 1208 2642 Cum
1223 2582 1367 2653 Zenone,
1389 2578 1535 2663 inquam,
1556 2587 1594 2643 ut
1614 2578 1738 2662 accepi-

410 2690 494 2744 mus,
524 2670 685 2735 Arcesilas
713 2672 773 2735 sibi
803 2692 896 2735 omne
918 2680 1077 2736 certamen
1099 2673 1251 2748 instituit,
1279 2693 1344 2736 non
1366 2674 1537 2756 pertinacia
1557 2680 1611 2737 aut
1631 2668 1737 2736 studio

410 2765 576 2839 vincendi,
606 2772 642 2828 ut
663 2764 741 2828 mibi
764 2766 893 2849 quidem
915 2767 1053 2841 videtur,
1081 2767 1138 2830 sed
1165 2787 1274 2830 earum
1295 2788 1401 2830 rerum
1423 2766 1627 2841 obscuritate,
1655 2783 1737 2849 quae
1747 2787 1775 2834 44

411 2857 449 2921 ad
471 2857 709 2922 confessionem
732 2860 940 2942 ignorationis
962 2860 1161 2924 adduxerant
1183 2861 1344 2925 Socratem
1367 2869 1398 2925 et
1411 2863 1473 2925 iam
1488 2867 1561 2924 ante
1577 2860 1738 2923 Socratem

411 2950 646 3026 Democritum,
667 2952 901 3035 Anaxagoram,
922 2954 1163 3039 Empedoclem,
1186 2974 1296 3018 omnes
1311 2975 1412 3037 paene
1427 2962 1565 3018 veteres:
1588 2954 1643 3037 qui
1657 2951 1740 3015 nibil

412 3044 582 3129 cognosci,
604 3045 684 3109 nibil
706 3047 843 3130 percipi,
865 3048 946 3110 nibil
968 3049 1041 3111 sciri
1062 3069 1157 3130 posse
1179 3048 1347 3112 dixerunt:
1369 3056 1518 3132 angustos
1540 3067 1670 3121 sensus,
1692 3047 1740 3109 in·

412 3138 543 3204 bacillos
565 3139 708 3215 animos,
733 3140 841 3204 brevia
863 3143 1019 3206 curricula
1040 3144 1140 3216 vitae,
1164 3150 1211 3216 et,
1233 3150 1268 3204 ut
1288 3142 1504 3216 Democritus,
1526 3141 1559 3204 in
1581 3138 1739 3223 profundo

412 3234 578 3298 veritatem
607 3252 678 3297 esse
705 3234 898 3309 demersam,
928 3236 1133 3320 opinionibus
1161 3244 1193 3299 et
1215 3236 1366 3300 institutis
1388 3236 1495 3299 omnia
1515 3234 1633 3308 teneri,
1661 3232 1777 3304 nibilsn

412 3328 536 3391 corinti
569 3327 728 3412 relinqui,
760 3329 898 3414 denique
932 3331 1037 3393 omnia
1069 3330 1209 3393 tenebris
1238 3330 1428 3394 circumfusa
1456 3349 1526 3394 esse
1556 3321 1741 3412 [dixerunt].

414 3418 462 3487 lb.
485 3424 601 3507 ltaque
622 3423 779 3486 Arcesilas
801 3424 937 3505 negabat
958 3444 1028 3488 esse
1050 3425 1221 3509 quicquam
1244 3423 1331 3509 quod
1353 3426 1426 3488 sciri
1448 3430 1572 3509 posset,
1598 3442 1639 3485 ne
1659 3420 1741 3485 illud

416 3517 546 3601 quidem
568 3517 688 3599 ipsum,
713 3516 799 3600 quod
822 3518 966 3582 Socrates
989 3519 1049 3583 sibi
1070 3519 1266 3602 reliquisset:
1289 3519 1334 3582 sic
1355 3519 1461 3582 omnia
1482 3518 1579 3582 latere
1593 3517 1743 3581 censebat

415 3612 446 3675 in
467 3610 608 3675 occulto.
640 3612 752 3694 Neque
774 3631 844 3675 esse
867 3613 1054 3697 quicquam,
1078 3612 1163 3697 quod
1186 3614 1271 3676 cerni
1293 3619 1347 3675 aut
1364 3612 1506 3695 intellegi
1522 3617 1647 3695 posset:
1671 3609 1742 3694 qui-

414 3705 470 3769 bus
492 3703 534 3767 de
557 3704 662 3768 causis
683 3705 764 3768 nibil
788 3715 935 3791 oportere
957 3727 1063 3790 neque
1085 3706 1227 3789 profiteri
1250 3726 1355 3790 neque
1369 3706 1535 3770 adfirmare
1550 3724 1780 3791 quemquamne

415 3819 519 3885 neque
540 3799 731 3864 adsensione
753 3800 946 3885 adprobare,
969 3801 1181 3884 cohibereque
1203 3820 1329 3884 semper
1350 3807 1382 3863 et
1402 3800 1442 3862 ab
1458 3802 1544 3863 omni
1562 3802 1654 3883 lapsu
1668 3818 1743 3862 con·

414 3893 513 3958 tinere
534 3895 762 3970 temeritatem,
786 3916 868 3979 quae
890 3905 957 3959 tum
980 3903 1064 3958 esset
1085 3894 1236 3978 insignis,
1259 3914 1331 3956 cnm
1353 3901 1407 3958 aut
1421 3893 1500 3958 falsa
1514 3900 1570 3958 aut
1583 3892 1744 3976 incognita

416 4009 465 4052 res
486 3987 737 4071 adprobaretur:
761 4010 866 4075 neque
887 3990 948 4054 hoc
972 3990 1144 4074 quicquam
1166 4007 1236 4051 esse
1259 3987 1382 4071 turpius
1404 4008 1499 4072 quam
1522 3986 1695 4072 cognitioni
1712 3988 1744 4049 et

415 4082 608 4168 perceptioni
638 4083 861 4146 adsensionem
892 4083 1220 4166 adprobationemque
1249 4102 1462 4167 praecurrere.
1515 4082 1597 4145 Huic
1628 4080 1743 4144 rationi

417 4178 498 4262 quod
521 4185 590 4241 erat
612 4185 858 4241 consentaneum
882 4178 1029 4251 iaciebat,
1051 4184 1087 4238 ut
1109 4184 1218 4240 contra
1234 4178 1373 4240 omnium
1394 4176 1566 4239 sententias
1583 4174 1780 4245 disserensao

416 4270 454 4335 de
480 4291 540 4334 sna
569 4272 740 4355 plerosque
772 4271 956 4345 deduceret,
983 4279 1030 4343 nt,
1064 4291 1135 4332 cum
1164 4272 1196 4333 in
1219 4270 1330 4333 eadem
1352 4292 1386 4333 re
1408 4270 1497 4352 paria
1520 4268 1686 4332 contrariis
1710 4267 1744 4329 in

416 4367 555 4448 partibus
586 4373 745 4429 momenta
768 4368 923 4429 rationum
947 4365 1182 4438 invenirentur,
1213 4363 1337 4428 facilius
1360 4365 1399 4427 ab
1420 4371 1555 4449 utraque
1578 4371 1666 4447 parte
1688 4362 1744 4426 ad-

417 4461 519 4524 sensio
543 4460 761 4523 sustineretur.
805 4456 855 4521 to.
878 4461 967 4521 Hanc
994 4458 1195 4522 Academiam
1218 4479 1332 4523 novam
1354 4459 1533 4543 appellant,
1560 4456 1743 4542 quaemihi

479 4714 504 4762 4.
522 4712 684 4763 mundam
701 4714 722 4762 G
740 4737 767 4747 -
787 4712 947 4773 operirentur
965 4712 1076 4761 Davies:
1096 4711 1255 4773 reperientes·
1272 4710 1358 4768 COr,
1375 4709 1525 4771 operiuntur
1540 4709 1684 4769 Manutius,
1702 4721 1745 4759 re-

416 4791 557 4853 pum
574 4789 669 4837 Gruter
687 4814 714 4824 -
734 4787 759 4836 t.
777 4788 941 4849 suspicionem
956 4788 1030 4837 AGO
1047 4813 1075 4825 -
1095 4785 1120 4838 l.
1138 4788 1170 4835 iis
1187 4800 1200 4835 r
1218 4810 1244 4822 -
1264 4786 1373 4835 considit
1388 4786 1440 4835 AG
1458 4809 1485 4821 -
1504 4784 1528 4833 6.
1548 4784 1650 4834 dixisset
1666 4785 1746 4835 Lam·

419 4865 508 4917 binas:
527 4865 631 4914 stabnt
648 4866 671 4912 et
687 4862 758 4912 COr
774 4889 807 4899 -
823 4863 847 4912 8.
866 4875 952 4911 oerum
968 4876 1018 4913 csse
1034 4869 1119 4913 uatem
1136 4864 1191 4922 Cr;
1211 4865 1340 4913 incertum
1358 4861 1477 4922 videtur,
1496 4862 1564 4912 sitne
1580 4873 1668 4909 onum
1685 4861 1746 4924 post

419 4941 556 4991 &ciem
579 4951 611 4988 ex
634 4937 808 5000 dittograpbia
833 4940 919 4987 ortum
941 4951 974 4987 an
992 4942 1075 4986 antem
1093 4951 1125 4987 ex
1143 4936 1193 4986 alio
1210 4934 1353 4995 vocabulo,
1377 4934 1450 4985 velut
1466 4949 1523 4985 eom
1539 4933 1581 4984 vel
1598 4935 1668 4984 iilum
1684 4947 1747 4985 cor·

419 5019 532 5081 raptum.
554 5039 580 5049 -
608 5018 637 5061 ist
659 5014 765 5071 om.G,
792 5017 819 5060 ut
840 5012 872 5060 ub
894 5013 981 5070 APV,
1005 5011 1126 5072 atuor,
1153 5017 1180 5060 ct
1206 5009 1236 5060 θ’
1252 5012 1278 5059 in
1296 5023 1378 5073 marg.
1400 5010 1470 5060 -o
1489 5010 1744 5071 correptionsmr-

419 5104 508 5141 m
524 5089 686 5151 diquumG:
705 5088 818 5149 utiquam
834 5101 925 5136 nwnm
942 5087 1116 5138 APVOr-
1137 5088 1177 5136 40.
1196 5091 1248 5134 tum
1265 5086 1284 5134 0
1300 5111 1325 5121 —
1345 5085 1572 5135 duoeAl’Vr-
1589 5085 1747 5150 nnnanscrto

420 5168 482 5215 G·
501 5166 546 5228 pis
564 5166 583 5214 Ρ
600 5164 627 5213 in
645 5175 708 5224 ras,
728 5165 846 5223 qnoniam
864 5162 948 5213 Ursini
967 5188 994 5197 -
1021 5164 1059 5212 tl.
1079 5163 1177 5211 ratione
1194 5164 1213 5211 G
1233 5163 1304 5221 (item
1321 5162 1356 5221 A,
1376 5164 1404 5211 ut
1421 5161 1546 5221 videturt:
1568 5162 1666 5211 ratione
1682 5173 1748 5209 nnnc

421 5240 492 5291 GV:
510 5265 538 5276 —
557 5240 652 5289 desutis
669 5240 688 5286 G
709 5265 736 5273 -
755 5252 785 5287 eu
803 5251 855 5287 om.
870 5252 923 5286 r-
944 5238 984 5285 tt.
1003 5238 1181 5296 nucereti),
1200 5236 1247 5286 sed
1266 5237 1308 5285 bic
1326 5248 1394 5286 corr.
1408 5249 1438 5285 er
1452 5236 1576 5285 dorne·
1598 5237 1636 5284 444.
1650 5236 1749 5296 quidem

420 5316 477 5364 niti
493 5314 573 5364 GPV
592 5339 619 5348 -
645 5313 684 5362 46.
704 5318 726 5364 et
749 5316 801 5362 iem
818 5319 876 5362 ante
893 5314 1001 5362 Davies:
1029 5318 1051 5362 ct
1071 5313 1148 5361 ueluti
1164 5318 1277 5362 uniames
1294 5313 1346 5363 Cr.
1371 5315 1487 5376 Apparet
1502 5312 1567 5362 ceint
1583 5314 1670 5361 ortum
1688 5322 1748 5361 esse

421 5404 451 5441 ex
466 5391 505 5440 oet
520 5395 561 5449 nt,
581 5402 650 5452 quae
669 5392 710 5439 cst
726 5390 797 5439 varia
817 5387 895 5438 lectio
913 5387 946 5437 ad
965 5393 987 5437 et
1004 5387 1136 5452 adscripta
1156 5414 1182 5424 -
1204 5389 1242 5439 48.
1263 5387 1383 5438 intonit:
1400 5389 1419 5437 G
1440 5416 1467 5424 -
1488 5387 1528 5437 49.
1546 5392 1569 5437 et
1585 5399 1639 5437 om.
1658 5388 1700 5435 Gr
1717 5409 1745 5421 -

421 5466 460 5516 bt.
477 5466 605 5515 dmm
624 5465 696 5514 PVr
715 5491 742 5500 -
766 5467 806 5515 tt.
825 5466 931 5515 wntote
948 5467 967 5513 G
988 5491 1013 5499 -
1039 5465 1143 5526 deniqne
1159 5462 1280 5525 Bentley:
1306 5465 1418 5525 danceps
1434 5464 1506 5513 COr
1526 5490 1552 5499 -
1572 5460 1677 5511 tenebris
1692 5472 1747 5511 om.

422 5543 485 5590 G·
507 5539 653 5600 cirmsnsu
670 5541 688 5589 P
707 5565 733 5574 -
758 5540 876 5589 diam
896 5542 941 5588 aut
962 5539 1005 5589 bic
1027 5544 1072 5589 aut
1094 5552 1173 5603 snpra
1196 5542 1229 5600 tv.
1248 5540 1303 5600 48),
1328 5539 1373 5589 ubi
1395 5539 1414 5588 0
1438 5538 1557 5594 inclusit,
1577 5533 1748 5585 abiciendum

423 5629 480 5668 erse
497 5616 629 5667 Uenutius
646 5613 772 5665 intellexit
792 5643 817 5652 -
841 5617 881 5665 tl.
900 5628 945 5664 nec
961 5615 1023 5663 iliud
1040 5628 1063 5676 q.
1083 5616 1103 5662 G
1123 5641 1149 5650 -
1173 5615 1213 5665 23.
1232 5615 1369 5676 reliquisset
1385 5619 1413 5663 ot
1429 5614 1491 5664 nibil
1506 5626 1531 5662 se
1547 5612 1609 5661 scire
1625 5610 1698 5659 sciret
1713 5610 1749 5659 sic

425 5691 485 5740 G·
504 5684 616 5740 mesebel
640 5690 684 5739 Cr
705 5689 764 5749 (sed
788 5689 861 5741 PVr
881 5689 1032 5750 censebantl:
1056 5702 1110 5739 om.
1130 5690 1149 5739 0
1167 5703 1227 5739 cum
1247 5694 1324 5740 Goer.
1344 5717 1371 5726 -
1395 5689 1436 5740 at.
1455 5688 1538 5739 necV
1557 5713 1584 5723 -
1601 5690 1682 5748 posset
1699 5685 1748 5735 Er·

426 5767 505 5815 nea:
530 5766 607 5828 possit
625 5764 668 5813 Cr
687 5790 714 5799 -
741 5764 782 5813 26.
801 5765 939 5813 ossensnnc
957 5768 992 5813 G:
1020 5766 1154 5814 assertione
1170 5767 1273 5816 APVr
1292 5794 1318 5802 -
1341 5765 1487 5828 probaret}
1508 5790 1534 5799 -
1554 5761 1749 5823 stanneum

427 5840 536 5888 0414·-
554 5844 601 5889 eut
615 5840 684 5902 {ubo
695 5852 748 5889 om.
764 5853 815 5888 r-
832 5842 873 5891 28.
892 5846 951 5890 esset
967 5844 1065 5904 turpius
1077 5842 1096 5892 C
1107 5856 1120 5891 r
1133 5868 1159 5878 -
1175 5842 1216 5891 29.
1233 5842 1384 5903 preceptioni
1399 5854 1413 5890 r
1430 5867 1456 5877 -
1474 5839 1634 5889 mansionen
1645 5841 1666 5888 A
1676 5837 1749 5887 PVr

428 5914 641 5981 -dttatlaatG
655 5942 683 5952 -
698 5917 962 5966 dnnnsmsnouz
980 5918 1030 5967 dies
1043 5917 1244 5979 iomAPVOr‚
1258 5919 1444 5969 dicensineons
1456 5916 1598 5978 iladvig·-
1613 5914 1747 5978 alpinos

428 5991 502 6042 inv
514 6018 542 6029 -
561 5992 603 6044 32.
621 5994 726 6044 contio
742 5994 791 6043 ΑΡ
801 5993 822 6041 V
832 6006 858 6053 r:
877 5993 994 6054 mansio,
1013 5992 1085 6056 quod
1100 5995 1141 6043 ter
1156 5996 1229 6045 recte
1241 5993 1323 6045 habet
1334 5995 1368 6057 G,
1387 5993 1488 6058 primus
1499 5989 1593 6044 bamb.
1606 5991 1729 6043 restitnit.
