4342 7459
667 1257 736 1321 ιι..
751 1258 791 1321 n.
821 1255 894 1321 co».
909 1257 1253 1327 anam-*xxm
1281 1256 1328 1344 33
1343 1256 1493 1326 er-oo.
1677 1258 1738 1328 an

411 1420 512 1492 misso
541 1438 643 1489 mnan
672 1422 799 1506 populo
826 1426 958 1509 natast,
986 1421 1119 1490 duobus
1145 1424 1288 1490 tribunis
1316 1424 1426 1510 plebio
1454 1443 1516 1511 per
1542 1424 1740 1495 munnam

412 1528 546 1609 creatis,
567 1533 604 1590 ut
627 1527 778 1609 potentia
799 1531 938 1590 senatus
960 1532 1061 1611 atque
1083 1528 1268 1592 auctoritas
1291 1530 1507 1595 minueretur:
1530 1548 1616 1614 quaa
1630 1534 1741 1597 tanea

411 1632 531 1717 grevia
550 1633 590 1695 ct
609 1648 730 1717 magns
752 1630 962 1717 remanebat,
984 1632 1241 1713 sapientissimis
1262 1636 1296 1696 et
1319 1632 1509 1702 cornminus
1528 1638 1563 1702 et
1585 1634 1686 1703 aruis
1707 1638 1741 1700 ct

413 1734 555 1803 condito
575 1736 746 1801 civitatem
769 1734 950 1813 tuentibus,
972 1752 1110 1819 quornm
1132 1728 1323 1813 auo-toiritas
1344 1738 1483 1804 nuxiae
1496 1735 1595 1806 bore·
1616 1729 1741 1819 [plen

414 1838 482 1921 but,
507 1836 700 1922 quodcum
724 1838 851 1902 bonore
873 1840 974 1927 longe
996 1838 1239 1906 antecellerent
1254 1842 1388 1924 ceteris,
1401 1841 1632 1926 vuluptatibus
1645 1847 1765 1909 aranti

412 1941 591 2007 inferiores
612 1962 675 2010 nec
698 1944 848 2028 pecuniis
869 1942 973 2009 imme
994 1945 1197 2027 superiores,
1219 1962 1326 2031 anana
1348 1949 1422 2012 erat
1436 1948 1598 2031 cuiusque
1611 1947 1742 2035 gratim

412 2046 446 2109 in
469 2060 507 2112 re
529 2046 662 2129 publiea
683 2048 810 2129 uirtus,
839 2046 928 2131 qaod
958 2050 990 2113 in
1017 2048 1120 2113 rebus
1148 2049 1291 2131 privatis
1311 2048 1566 2137 diligentissime
1586 2050 1742 2139 singulus

412 2149 507 2216 ciues
528 2168 642 2236 opera,
665 2151 817 2229 consilio,
838 2168 876 2216 re
898 2150 1087 2216 tuebantur.

517 2251 666 2320 XXXV·
699 2248 764 2317 60.
797 2250 873 2333 Quo
895 2256 929 2318 in
950 2257 1043 2319 statu
1064 2256 1113 2319 rei
1138 2255 1292 2339 publicae
1313 2251 1374 2339 sp.
1389 2255 1541 2324 &mio-
1567 2256 1611 2323 do
1633 2275 1741 2325 neu.

413 2355 526 2443 pando
546 2375 655 2444 regno
677 2357 877 2438 molientem,
897 2374 1021 2424 summa
1045 2362 1127 2441 aput
1146 2359 1303 2442 populum
1318 2360 1430 2448 gratia
1445 2357 1628 2445 florentem,
1639 2367 1779 2445 quaa-i·

411 2463 486 2530 ator
507 2454 703 2538 {accusauit
725 2479 882 2546 umque,
908 2465 946 2529 ut
967 2461 1124 2546 audistis,
1152 2480 1224 2529 cunr
1248 2467 1346 2548 pater
1368 2464 1401 2529 ia
1422 2482 1463 2532 ea
1486 2465 1586 2548 culpa
1606 2456 1653 2545 [p
1669 2456 1742 2525 430.

414 2582 491 2630 caso
513 2566 708 2649 conperisse
728 2583 767 2630 se
790 2564 943 2646 dixisset,
965 2564 1108 2631 cedente
1123 2566 1248 2651 popule
1264 2571 1372 2633 morto
1386 2569 1555 2634 mactavit.
1589 2567 1743 2637 Gratam-

412 2686 477 2753 que
499 2670 598 2737 otas·
620 2668 709 2734 illum
731 2686 799 2733 rem
822 2672 942 2752 quartu
964 2669 1100 2734 circiter
1123 2674 1157 2736 et
1180 2670 1452 2757 quinquagesimo
1474 2688 1565 2738 anae
1583 2675 1661 2756 post
1674 2672 1742 2756 prl-

412 2791 486 2839 uana
511 2772 672 2866 cornulas
699 2769 744 2835 do
773 2771 876 2836 multa
903 2774 939 2835 et
963 2773 1174 2836 sacramento
1196 2766 1258 2855 Sp.
1273 2770 1439 2857 Tarpeius
1459 2777 1494 2837 et
1514 2773 1562 2842 A.
1578 2773 1742 2844 Aternius

412 2874 570 2942 consules
597 2875 740 2943 comitiis
769 2875 967 2941 centurialis
996 2876 1155 2942 tulerunt·
1205 2875 1318 2943 Annis
1346 2880 1425 2963 post
1451 2896 1495 2944 ea
1526 2898 1597 2944 mx·
1627 2897 1673 2945 cx
1700 2881 1781 2945 aot⁸

413 2976 501 3063 quood
528 2978 571 3044 Ι..
593 2976 751 3062 Papinius
777 2977 816 3046 P.
837 2977 991 3047 Pinarius
1021 2970 1187 3056 censolres
1217 2980 1330 3046 multis
1356 2977 1508 3048 dicendis
1536 2983 1602 3048 vim
1632 2972 1741 3063 [pli.

411 3086 636 3148 armentorum
657 3101 678 3145 a
702 3084 844 3164 priuatis
863 3085 899 3145 ln
923 3083 1089 3165 publicum
1111 3086 1325 3163 averterant,
1346 3084 1433 3150 leuis
1453 3088 1655 3153 aestumatio
1677 3101 1742 3172 pe»

412 3186 532 3256 endum
554 3190 587 3252 in
611 3189 714 3256 multa
734 3190 813 3278 lego
834 3184 872 3256 C.
887 3189 952 3254 loli
973 3188 1012 3254 Ρ.
1027 3188 1142 3272 Papiri
1161 3189 1335 3256 consulum
1358 3191 1584 3257 constitutaat

497 3289 662 3358 XXXVI.
692 3287 758 3359 61.
784 3289 848 3359 Set
869 3292 997 3375 aliquot
1018 3300 1099 3358 ante
1120 3296 1232 3364 onnia,
1263 3311 1336 3360 num
1358 3312 1487 3360 summa
1506 3297 1598 3359 osset
1620 3295 1742 3359 auetr-

410 3397 495 3465 rllas
517 3399 550 3461 in
572 3401 708 3479 senatu,
740 3398 862 3481 populo
886 3397 1036 3480 patiente
1058 3399 1160 3482 atquo
1182 3400 1338 3481 parente,
1368 3398 1449 3462 initu
1477 3398 1613 3479 nullut,
1642 3400 1681 3461 ut
1705 3399 1778 3461 otu

410 3500 568 3565 consules
597 3504 632 3565 et
659 3502 782 3566 tribuni
812 3502 856 3584 pl.
883 3503 1084 3589 magistratu
1114 3520 1154 3567 ae
1181 3500 1378 3567 abdlonreat
1407 3505 1509 3586 atque
1538 3504 1576 3566 ut
1605 3518 1653 3565 α.
1677 3500 1741 3565 rirl

411 3606 552 3669 maxima
575 3610 743 3690 potestate
766 3607 838 3672 sine
861 3608 1105 3689 provocatione
1127 3609 1341 3688 crearentur,
1372 3608 1426 3691 qui
1454 3608 1488 3670 et
1510 3623 1603 3669 sum·
1630 3594 1674 3684 [p.
1688 3595 1740 3663 42.

410 3726 497 3774 mun
526 3710 696 3791 inperium
727 3708 890 3775 baberent
918 3713 953 3773 el
982 3711 1078 3797 leges
1103 3709 1302 3777 seriberent.
1350 3706 1415 3788 (tul
1444 3726 1519 3774 eum
1544 3728 1588 3771 .x.
1609 3706 1741 3772 tubulas

412 3830 536 3875 summa
553 3803 689 3900 [logum]
706 3815 876 3896 serpultate
892 3811 1136 3897 prudentiaque
1156 3810 1456 3896 conscripslsoent,
1477 3811 1510 3874 ln
1532 3829 1653 3875 annum
1676 3826 1741 3894 po-

410 3918 537 3980 aterum
559 3914 674 3981 decem
698 3917 790 3980 viros
811 3916 897 3979 alios
917 3916 1220 4002 subrogaverunt,
1238 3934 1376 3999 quorum
1396 3932 1465 3978 noa
1486 3914 1638 3979 similiter
1656 3911 1779 3982 adeo*

398 4029 473 4083 'nec
496 4019 622 4083 iustitia
643 4018 789 4084 laudata.
832 4017 906 4099 Quo
940 4023 1050 4083 tamen
1081 4037 1101 4083 e
1129 4020 1274 4105 collegio
1302 4019 1378 4084 luna
1406 4023 1459 4085 est
1482 4019 1539 4084 iiia
1559 4019 1681 4085 enini·
1702 4016 1739 4084 C·

410 4123 492 4205 lull,
526 4124 580 4207 qui
610 4122 772 4187 huminem
802 4124 944 4190 nobilem
968 4124 1011 4217 ‚ln
1032 4118 1198 4206 Sestium,
1232 4124 1327 4187 culrrs
1356 4124 1389 4187 iu
1420 4114 1578 4200 culblculo
1610 4112 1740 4202 [pld7.

409 4225 578 4293 colossum
607 4245 685 4291 csse
713 4246 753 4291 so
784 4230 963 4311 proesenie
985 4231 1149 4290 mortuum
1170 4224 1315 4305 diceret,
1344 4243 1417 4291 cura
1440 4227 1514 4308 ipse
1537 4228 1739 4309 potestato-

408 4349 564 4396 aumnan
587 4330 743 4414 baberet,
765 4329 853 4418 quud
876 4328 991 4396 decere
1013 4331 1120 4396 virum
1142 4332 1215 4394 sine
1238 4331 1480 4413 provocatione
1503 4332 1612 4409 esset,
1634 4326 1740 4395 vader

408 4436 520 4500 tamen
543 4438 713 4520 poposcit,
741 4435 830 4521 quod
852 4454 890 4502 se
911 4436 1020 4521 legero
1043 4435 1132 4500 lllnm
1155 4435 1361 4519 praeclaram
1385 4434 1616 4520 neglecturum
1636 4436 1778 4521 nega-⁸

472 4692 498 4742 2.
517 4652 661 4743 sanaruac
690 4716 717 4729 -
745 4694 770 4743 b.
788 4693 971 4758 notarim]
987 4655 1127 4746 renarras
1145 4693 1164 4745 c
1179 4692 1208 4757 (i)
1226 4693 1295 4744 teste
1313 4691 1428 4743 Duliicu
1454 4717 1481 4730 -
1509 4692 1550 4743 ll.
1568 4692 1739 4745 nccuonnrc

539 4777 548 4806 Ι
1532 4774 1544 4804 Ι

409 4837 437 4848 -
457 4814 594 4866 nuorsrsc
624 4841 650 4851 -
678 4814 718 4864 ll.
738 4818 896 4867 uacrnorrc
924 4840 952 4853 -
981 4816 1020 4866 ta.
1040 4830 1090 4867 aas
1108 4816 1141 4866 c:
1160 4814 1238 4878 bpan
1255 4815 1324 4866 coni.
1338 4814 1387 4864 blei
1407 4840 1435 4851 -
1463 4816 1630 4867 cananense
1650 4840 1678 4853 -
1698 4815 1739 4868 ll.

407 4888 490 4937 mado
505 4895 529 4938 et
551 4890 667 4954 iladvig:
695 4904 792 4941 uuoraa
810 4892 865 4941 CO.
893 4890 1014 4942 slluilurn
1032 4891 1079 4941 luit
1094 4891 1189 4940 modios
1205 4893 1390 4939 sacromentum
1407 4902 1472 4949 nec,
1495 4890 1558 4954 quid
1577 4890 1629 4941 boc
1645 4891 1687 4948 sit,
1705 4891 1740 4941 lta

408 4961 461 5012 diei
478 4966 579 5027 potest,
602 4968 631 5014 ui
647 4978 694 5016 sua
712 4968 819 5029 utrique
836 4965 921 5016 verbo
939 4970 967 5017 ei
983 4967 1021 5017 rei
1038 4970 1079 5016 vis
1097 4968 1210 5019 constet.
1245 4965 1317 5020 Duas
1341 4977 1385 5014 res
1406 4966 1532 5031 cognatae
1555 4963 1597 5015 lex
1614 4978 1741 5030 compre-

408 5036 545 5089 hendebat
569 5041 681 5105 eratque
706 5042 736 5091 de
760 5043 840 5092 mdiu
864 5045 888 5093 ot
912 5047 1079 5093 sumomonte.
1120 5040 1222 5092 Errcrla
1245 5052 1330 5103 genua
1351 5038 1597 5103 frequentissimum
1619 5044 1686 5092 est.»
1710 5066 1738 5077 -

407 5163 462 5229 Sp]
480 5177 503 5213 r.
523 5163 552 5223 c,
571 5162 633 5213 add.
652 5175 666 5213 a
682 5177 742 5229 sup.
755 5164 801 5215 lin.
822 5191 849 5202 -
877 5166 917 5215 lb.
937 5177 991 5215 coa.
1010 5166 1030 5214 C
1048 5187 1083 5201 -
1096 5163 1161 5225 pon]
1180 5139 1485 5212 wsmesuuurrsorcmnr
1502 5162 1522 5213 C
1541 5186 1570 5200 -
1595 5162 1635 5212 li.
1654 5175 1741 5215 mnu

408 5241 427 5291 C
448 5264 476 5279 -
496 5238 536 5288 ⁴8.
555 5251 609 5289 cos.
628 5240 648 5290 C
669 5265 696 5276 -
723 5240 763 5289 iti.
781 5240 928 5298 aorouonC
949 5266 976 5275 -
995 5252 1069 5290 aunis
1087 5237 1117 5287 ΩΙ
1137 5263 1165 5274 -
1183 5238 1225 5288 20.
1244 5249 1354 5287 uranu
1372 5233 1404 5287 C‘
1420 5261 1449 5273 -
1472 5238 1513 5287 2⁴.
1532 5250 1739 5289 construerem

407 5314 475 5366 C-
494 5313 617 5376 musci]
636 5327 726 5372 «arom
744 5315 774 5373 C,
794 5328 858 5375 non,
878 5315 1001 5365 utllaius
1019 5312 1089 5377 legii,
1108 5325 1219 5372 arnur-
1247 5312 1392 5363 Duliieu.
1427 5312 1555 5363 insilere
1573 5310 1740 5361 lamenlleii

407 5386 526 5438 editione
542 5390 584 5437 est
599 5393 675 5450 mque
691 5390 717 5437 ia
733 5388 880 5440 vorborum
897 5392 1021 5441 contorto
1039 5389 1105 5451 (alne
1122 5389 1173 5450 ut),
1198 5385 1267 5437 nulla
1285 5386 1389 5439 adiecta
1406 5387 1591 5448 adnotatione,
1614 5390 1645 5437 ut
1664 5398 1741 5436 error

406 5522 550 5574 operarum
568 5522 629 5560 esse
650 5510 773 5559 videatur
790 5538 817 5547 -
836 5512 878 5562 ἥ.
900 5475 1025 5563 rannac
1056 5536 1082 5547 -
1113 5509 1153 5559 23.
1175 5470 1469 5560 aaroneaanrrraac'sc
1501 5536 1528 5547 -
1557 5510 1638 5559 worn
1658 5508 1740 5574 lepras

406 5584 507 5633 labaim
530 5596 629 5633 maran
645 5596 703 5633 eran
723 5586 850 5647 «eodm
871 5586 912 5636 vir
933 5585 1042 5649 quidem
1064 5584 1160 5634 doetus
1182 5584 1254 5649 apud
1274 5586 1428 5645 llosarumr
1455 5584 1534 5636 uobis
1555 5586 1644 5649 potius
1659 5586 1741 5650 ispum

407 5657 590 5712 inducendum
612 5657 761 5709 videbatur.
793 5685 821 5697 -·
853 5660 894 5711 ab.
911 5661 971 5723 fider
987 5666 1023 5711 ort
1044 5657 1219 5725 probabiliter
1233 5661 1387 5711 Steiuacler
1416 5685 1444 5699 -
1477 5661 1519 5711 ai.
1537 5660 1690 5750 seudumo
1709 5686 1736 5700 -·

407 5742 726 5840 oomToroooomo'a'c
746 5806 774 5816 -
792 5781 833 5833 re.
852 5745 1001 5835 became
1024 5807 1052 5843 -,-
1075 5782 1117 5833 29.
1137 5778 1279 5835 sacasani
1295 5783 1328 5834 C:
1347 5782 1470 5834 dumio·
1487 5780 1627 5845 editionea,
1643 5784 1740 5835 m

406 5857 492 5905 otmar
515 5870 582 5907 asos
607 5857 777 5918 steinseler,
803 5859 831 5907 at
854 5872 881 5909 v.
907 5855 1029 5923 exempla
1055 5857 1090 5907 ab
1116 5857 1210 5908 ollone
1236 5858 1263 5908 in
1289 5858 1352 5909 edit.
1371 5858 1468 5909 Osann.
1491 5855 1611 5909 collecto.
1639 5883 1667 5895 -
1695 5858 1737 5911 ab.

407 5936 436 5966 κ

424 5990 509 6029 roacrr
525 5978 556 6030 C.
