4342 7459
780 1277 915 1342 cmm
949 1274 1023 1341 cs».
1039 1277 1161 1340 1-n1.
1192 1272 1359 1360 §pt-7.
1670 1256 1734 1330 sor

408 1435 499 1500 libris
520 1443 594 1500 ante
616 1436 765 1512 diximus,
786 1436 1096 1501 accommodabimus
1117 1437 1180 1500 boc
1201 1445 1343 1522 tempore
1364 1437 1451 1519 leges
1465 1436 1503 1501 ad
1519 1435 1620 1508 illum,
1635 1451 1732 1518 quem

409 1530 597 1614 probamus,
619 1530 753 1594 civitatis
776 1539 902 1594 statum.
946 1530 977 1594 5.
999 1531 1234 1614 Magistratihus
1257 1532 1354 1614 igitur
1374 1550 1454 1614 opus
1476 1538 1540 1603 est,
1562 1530 1631 1591 sine
1654 1545 1734 1609 quo·

408 1643 477 1687 rum
501 1624 666 1707 prudentia
688 1645 725 1687 ac
749 1624 911 1707 diligentia
934 1645 1004 1689 esse
1028 1627 1137 1689 civitas
1160 1645 1222 1688 non
1245 1632 1365 1707 potest,
1394 1641 1594 1707 quorumque
1623 1617 1734 1682 discri-

408 1720 515 1803 ptione
538 1719 640 1781 omnis
662 1720 707 1781 rei
729 1718 872 1801 publicae
896 1718 1067 1781 moderatio
1087 1719 1278 1781 continetur.
1323 1720 1434 1804 Neque
1456 1718 1558 1781 solum
1579 1716 1619 1778 iis
1641 1732 1733 1797 prae·

409 1812 593 1875 scribendus
615 1820 663 1875 est
685 1811 872 1894 imperandi,
894 1810 950 1874 sed
973 1813 1066 1874 etiam
1090 1813 1211 1876 civibus
1234 1812 1473 1896 optemperandi
1497 1808 1621 1874 modus.
1653 1808 1757 1869 Name

409 1914 440 1970 et
470 1906 525 1991 qui
555 1905 637 1967 hene
666 1905 800 1987 imperat
828 1906 969 1987 paruerit
996 1905 1168 1987 aliquando
1197 1926 1326 1971 necesse
1357 1916 1426 1982 est,
1459 1906 1566 1991 etqui
1591 1902 1734 1967 modeste

408 2009 498 2083 paret
520 1998 644 2062 videtur
666 2000 722 2082 qui
743 1998 916 2081 aliquando
938 2000 1071 2083 imperet
1095 2000 1207 2082 dignus
1230 2022 1310 2064 esse.
1338 2002 1450 2084 ltaque
1465 2007 1590 2083 oportet
1604 2005 1637 2060 et
1651 2015 1734 2068 eum,

409 2093 463 2176 qui
485 2102 590 2176 paret,
612 2112 740 2175 sperare
768 2112 802 2154 se
829 2093 938 2175 aliquo
967 2101 1110 2176 tempore
1132 2094 1359 2174 imperaturum
1383 2103 1415 2158 et
1435 2094 1537 2165 illum,
1559 2092 1613 2176 qui
1636 2090 1736 2173 impe·

408 2194 472 2261 rat,
499 2186 638 2269 cogitare
668 2187 756 2248 brevi
783 2194 926 2268 tempore
955 2184 1015 2249 sibi
1046 2206 1117 2249 esse
1147 2189 1333 2269 parendum.
1378 2190 1444 2251 Nec
1471 2206 1545 2249 vero
1573 2184 1677 2248 solum
1699 2186 1737 2242 ut

411 2288 635 2364 optemperent
656 2279 891 2362 oboediantque
914 2282 1167 2363 magistratibus,
1196 2282 1252 2344 sed
1281 2285 1374 2344 etiam
1401 2288 1437 2343 ut
1458 2299 1514 2343 eos
1537 2279 1644 2343 colant
1664 2274 1777 2337 dili-to

409 2382 548 2457 gantque
570 2374 822 2459 praescribimus,
844 2384 878 2436 ut
901 2373 1083 2438 Charondae
1107 2376 1139 2437 in
1161 2378 1227 2439 suis
1250 2375 1325 2439 iacit
1347 2376 1480 2459 legibus.
1523 2375 1639 2436 Noster
1660 2387 1737 2432 vero

409 2467 496 2531 Plato
511 2468 658 2530 Titanum
680 2489 698 2530 e
720 2488 836 2551 genere
858 2469 967 2531 statuit
989 2490 1055 2544 eos,
1078 2470 1132 2553 qui
1156 2479 1191 2533 ut
1211 2470 1258 2533 illi
1280 2469 1480 2542 caelestibus,
1503 2468 1549 2531 sic
1570 2465 1603 2529 hi
1625 2463 1738 2528 adver-

409 2570 519 2625 sentur
540 2562 786 2644 magistratibus.
831 2561 919 2638 Quae
943 2583 1013 2627 cum
1036 2565 1079 2626 ita
1102 2564 1174 2637 sint,
1197 2564 1237 2627 ad
1260 2564 1345 2647 ipsas
1367 2564 1429 2626 iam
1453 2562 1538 2645 leges
1562 2559 1737 2628 veniamus,

409 2655 436 2717 ei
459 2655 572 2738 placet
617 2652 648 2716 6.
672 2655 731 2719 Aer.
756 2655 833 2718 blihi
857 2676 931 2720 vero
954 2666 984 2719 et
1007 2657 1091 2719 istud
1114 2666 1146 2720 et
1168 2656 1247 2721 ordo
1270 2658 1331 2719 iste
1352 2677 1455 2720 rerum
1479 2658 1593 2739 placet

492 2750 548 2812 lll.
584 2747 613 2811 6.
645 2750 688 2813 Μ.
721 2750 827 2812 lusta
857 2749 1020 2833 imperia
1052 2761 1188 2826 sunto,
1225 2752 1336 2834 isque
1366 2752 1464 2813 ciris
1494 2749 1664 2813 modeste
1693 2756 1776 2806 aere

410 2842 494 2904 sine
523 2844 772 2906 recusatione
801 2853 984 2926 parento:
1017 2846 1269 2927 magistratus
1297 2866 1367 2909 nec
1396 2844 1669 2907 oboedientem
1700 2844 1737 2901 et

409 2939 565 3001 noxium
596 2937 719 3000 civem
748 2938 886 3010 multa,
921 2939 1087 3001 vinculis
1121 2936 1398 3002 verberibusre
1432 2937 1659 3007 coherceto,
1696 2931 1734 2993 ni

410 3050 476 3115 par
506 3031 672 3094 maiorve
704 3039 882 3113 potestas
911 3032 1126 3113 populusve
1157 3033 1415 3116 prcbibessit,
1445 3031 1489 3095 ad
1524 3048 1620 3113 quos
1647 3046 1736 3111 pro·

411 3126 566 3189 vocatio
598 3133 689 3187 esto.
734 3126 820 3188 Cum
851 3125 1100 3206 magistratus
1129 3128 1333 3189 iudicassit
1359 3127 1639 3208 inrogassitve,
1671 3139 1736 3203 per

411 3217 594 3302 populum
628 3219 768 3282 multae
800 3238 946 3303 poenae
979 3220 1147 3283 certatio
1180 3228 1272 3284 esto.
1327 3221 1494 3283 Militiae
1523 3219 1568 3281 ah
1598 3237 1641 3280 eo
1673 3214 1775 3297 quito

411 3312 629 3395 imperabit
651 3314 880 3395 provocatio
902 3332 972 3375 nee
994 3322 1095 3389 esto,
1119 3315 1300 3399 quodque
1321 3316 1355 3377 is
1377 3314 1442 3399 qui
1466 3313 1608 3376 bellum
1631 3315 1738 3392 geret

411 3406 669 3489 imperassit,
703 3407 764 3469 ius
793 3415 1002 3491 ratumque
1033 3418 1132 3472 esto.

495 3501 670 3563 Minores
707 3502 961 3584 magistratus
997 3502 1139 3584 partiti
1176 3502 1277 3565 iuris
1315 3502 1471 3586 ploeres
1507 3502 1554 3564 im
1595 3499 1735 3582 ploera

412 3601 545 3657 sunto.
607 3595 805 3669 Militiae,
837 3596 978 3677 quibus
1011 3596 1115 3659 iussi
1147 3605 1284 3671 erunt,
1316 3598 1545 3680 imperanto
1579 3610 1737 3658 eorum·

412 3707 487 3771 que
516 3688 671 3752 tribuni
700 3697 835 3752 sunto:
867 3688 974 3752 domi
1003 3692 1217 3773 pecuniam
1248 3691 1441 3775 publicam
1472 3687 1774 3756 custodiunto‚er

411 3781 576 3845 vincula
607 3785 788 3846 sontium
817 3793 1022 3859 servanto,
1053 3785 1260 3867 capitalia
1291 3786 1550 3859 vindicante,
1579 3800 1646 3845 aes
1675 3798 1737 3842 ar-

412 3883 574 3957 gentum
605 3894 791 3940 aurumve
821 3878 977 3960 publice
1009 3880 1216 3961 signauto,
1250 3880 1338 3942 litis
1368 3886 1601 3942 contractas
1626 3871 1737 3941 iudi-

412 3979 542 4045 canto,
565 3971 847 4056 quodcumque
876 3979 1043 4035 senatus
1073 3973 1256 4036 creverit
1283 3981 1441 4055 agunto.

871 4149 922 4156 -—-
1238 4149 1417 4159 w..-
1427 4152 1598 4160 ..----.---.-
1613 4149 1731 4160 num-..0-

477 4258 500 4304 t.
519 4256 799 4305 ormmmodouimoec
825 4254 881 4317 (sed
899 4268 967 4305 corr.
988 4252 1027 4317 ¹¹⁷)
1055 4283 1082 4293 -
1110 4259 1135 4307 Β.
1153 4257 1345 4307 eremmon
1374 4282 1401 4292 —
1429 4258 1453 4307 3.
1473 4270 1580 4319 quorum
1597 4258 1662 4317 (stne
1681 4258 1737 4318 que)

410 4329 511 4395 aliquot
527 4328 589 4379 edd.
608 4332 671 4379 vett.
691 4332 718 4378 et
736 4328 842 4389 hamb,
868 4335 955 4388 recte,
980 4335 1009 4380 ut
1026 4331 1132 4383 videtur
1159 4360 1185 4370 -
1212 4333 1372 4394 discrimioae
1388 4330 1547 4382 buecheler:
1574 4333 1738 4393 derempttoee

412 4406 461 4457 CO
481 4432 508 4441 -·
527 4403 551 4455 l.
569 4406 647 4455 iisd:
665 4403 840 4462 ernstio
860 4430 882 4439 -
904 4406 1046 4469 bobternp.
1060 4408 1085 4455 h.
1101 4405 1150 4456 lc
1171 4434 1196 4442 -
1215 4409 1239 4456 i.
1257 4408 1448 4469 dignoscreeth
1467 4433 1492 4441 -
1512 4406 1536 4456 8.
1554 4408 1688 4469 impersit
1708 4433 1736 4444 -

411 4482 451 4531 to.
470 4486 622 4543 cptmrperot
639 4481 658 4530 Β
690 4507 713 4516 -
742 4479 906 4541 obediuntque
923 4482 942 4530 0
967 4508 994 4518 -
1022 4484 1060 4531 ti.
1077 4483 1219 4545 ptotoetum
1236 4483 1266 4542 tl,
1285 4484 1332 4533 sed
1351 4483 1377 4532 in
1396 4495 1479 4545 marg.
1495 4482 1566 4545 pluto
1583 4483 1691 4531 titanum
1709 4506 1735 4515 -

410 4570 484 4620 egeae
500 4553 560 4605 Bll‘
581 4583 607 4592 -
626 4554 666 4604 43.
685 4554 716 4603 rit
733 4555 752 4604 B
773 4582 799 4591 -
826 4554 1082 4607 enumerares
1101 4553 1139 4614 A¹,
1159 4562 1184 4606 et
1199 4558 1281 4607 studet
1297 4558 1359 4607 ordo
1377 4558 1404 4615 Β,
1424 4557 1496 4607 unde
1514 4558 1626 4608 torosam
1643 4562 1666 4606 et
1682 4556 1739 4605 stud

410 4630 511 4682 vahlen
529 4629 621 4681 reduci
639 4628 722 4687 iubet,
740 4641 766 4677 v.
785 4642 866 4693 supra
884 4631 917 4680 ad
937 4633 961 4689 Ι,
976 4630 990 4694 5
1003 4633 1043 4680 50.
1063 4657 1097 4670 -
1122 4645 1208 4681 rerum
1225 4633 1270 4681 iste
1286 4633 1306 4681 0
1324 4657 1350 4667 -
1378 4633 1417 4681 re.
1436 4633 1501 4680 sisto
1519 4627 1551 4682 ll¹
1569 4657 1595 4667 -
1614 4633 1684 4692 isque
1701 4630 1736 4681 C:

410 4706 524 4768 lugneo
553 4731 580 4741 -
605 4705 747 4755 eieisAB:
775 4707 842 4754 ciues
860 4706 910 4755 ΗΟ
939 4732 965 4742 -
994 4707 1035 4755 td.
1053 4706 1302 4777 eqooboedientemlt
1332 4733 1359 4743 -
1390 4708 1535 4756 asomum
1553 4707 1697 4756 Victorius:
1716 4709 1739 4755 et

409 4780 544 4829 &maison
560 4780 590 4839 C,
608 4784 631 4829 et
647 4780 674 4827 ie
690 4780 771 4828 nomio
788 4778 921 4841 Gebhard,
939 4794 985 4829 nee
1001 4782 1134 4832 toeneium
1151 4782 1246 4832 Davles
1266 4805 1292 4815 -
1313 4781 1353 4832 ti.
1370 4780 1476 4831 multam
1493 4781 1514 4831 ll
1536 4808 1559 4817 ·-
1579 4781 1686 4831 sirmis
1703 4780 1737 4829 C:

409 4856 497 4905 eiectis
514 4856 534 4904 0
555 4881 580 4890 —
599 4853 773 4905 uerberibsssue
790 4855 835 4905 il¹:
854 4856 1027 4905 uerberibosee
1044 4858 1074 4916 C,
1093 4854 1321 4920 mommerlo
1350 4882 1374 4892 -
1403 4858 1529 4907 coherceto
1545 4857 1610 4907 ΔΒι
1630 4862 1739 4907 coerceto

411 4931 461 4981 llo
478 4958 511 4967 -
529 4930 568 4980 48.
587 4932 671 4980 maior
686 4943 747 4979 uero
760 4932 906 4992 potertorc
927 4958 952 4967 -
975 4934 1111 4994 popotorue
1127 4926 1200 4990 hil‘,
1219 4945 1300 4995 quarn
1318 4935 1437 4983 veterem
1456 4932 1609 4984 nominativi
1626 4930 1738 4982 termam

410 5002 509 5054 Vahlen
528 5004 708 5069 recipiendam
727 5007 820 5055 censet
848 5029 875 5042 -
903 5006 1030 5056 adcorss
1058 5033 1085 5043 -
1114 5006 1154 5055 se.
1173 5009 1246 5058 ertll
1274 5033 1302 5044 -
1329 5021 1386 5057 men
1404 5009 1499 5071 (sicin
1518 5009 1567 5059 hac
1585 5006 1683 5068 torma)
1702 5007 1737 5056 C:

411 5091 488 5141 guam
505 5082 560 5142 (aut
576 5091 683 5141 qaorum
700 5082 746 5129 aut
762 5080 835 5141 orem)
853 5081 1020 5133 cooi.Batre;
1048 5082 1105 5144 ipse
1123 5094 1194 5132 nunc
1211 5095 1318 5147 quoque
1336 5080 1426 5133 malim
1444 5086 1502 5146 quoi
1531 5110 1556 5118 -
1584 5082 1739 5145 terogositoe

411 5160 478 5207 Α·
495 5168 569 5217 penes
583 5154 705 5217 populum
721 5154 869 5205 Buecheler
895 5180 921 5190 -
949 5155 990 5205 eo.
1009 5157 1084 5205 muto
1098 5169 1177 5218 poene
1194 5158 1280 5219 (nocue
1297 5156 1324 5220 Β)
1343 5157 1391 5207 ΑΒ
1412 5183 1439 5194 -
1467 5159 1499 5207 oh
1516 5171 1544 5207 eo
1561 5156 1582 5206 ll
1601 5158 1625 5207 in
1645 5166 1738 5217 marg,

409 5228 521 5280 bobeoB
549 5254 576 5264 -
604 5229 645 5278 il.
663 5229 835 5291 imposeitll
863 5255 890 5265 -
916 5232 1062 5290 prouocatio
1078 5244 1124 5281 nec
1139 5236 1190 5282 esto
1206 5232 1315 5296 scripsi:
1331 5234 1512 5295 prouocatione
1527 5237 1590 5281 certo
1608 5232 1627 5281 C
1645 5230 1738 5293 (sedB

410 5309 487 5363 certo,
506 5304 528 5353 H
546 5308 626 5359 tertol3
650 5316 723 5365 prop.
741 5309 839 5353 acesto
856 5303 918 5354 edd.
947 5330 973 5339 -
1002 5306 1116 5366 qnodque
1132 5304 1176 5356 ll¹z
1206 5308 1340 5371 quoquc
1369 5335 1396 5343 —
1423 5309 1496 5359 birli
1526 5332 1551 5343 -
1579 5308 1689 5370 peroth
1710 5332 1737 5342 -

409 5379 639 5430 ramesereia
668 5399 695 5415 -—
720 5379 855 5441 porticuli
884 5404 910 5414 -
936 5379 1022 5441 ptores
1038 5380 1159 5442 tmptoerc
1176 5381 1205 5440 Β,
1221 5382 1342 5443 ptareeim
1358 5383 1480 5445 tmptoero
1496 5385 1526 5440 A,
1542 5382 1627 5445 ptores
1643 5383 1741 5443 impero

410 5455 447 5512 ll;
462 5456 548 5517 ptores
563 5456 591 5504 ic
606 5455 730 5517 plurioo
751 5482 776 5491 -
795 5454 835 5505 et.
849 5454 999 5504 melicioeA
1019 5481 1046 5491 -
1066 5456 1154 5518 greilm
1171 5457 1203 5505 C:
1223 5458 1266 5518 qui
1284 5458 1401 5515 Ernestt;
1421 5459 1551 5508 sententia
1570 5461 1623 5508 est:
1643 5456 1740 5520 quibus

410 5530 543 5594 imperare
562 5530 626 5579 iussi
644 5532 730 5587 erunt,
750 5530 781 5580 iis
799 5531 956 5593 imperanto.
970 5556 995 5565 -
1016 5532 1124 5581 eroetC
1145 5556 1171 5566 -
1196 5533 1332 5594 imperanti
1343 5536 1373 5590 A.
1386 5533 1570 5595 obtemperanto
1580 5532 1697 5596 Wagner
1711 5557 1737 5567 -

409 5618 496 5655 eorum
513 5606 556 5667 goi
572 5600 634 5655 Ali¹
661 5630 687 5640 -
716 5605 756 5655 26.
775 5606 859 5654 cincto
876 5606 896 5654 0
916 5631 940 5640 -
968 5605 1085 5654 comitum
1103 5606 1120 5654 Β
1141 5630 1166 5641 -
1188 5614 1306 5656 rosceto
1324 5608 1344 5657 u
1363 5609 1389 5657 in
1407 5621 1500 5671 marg:
1519 5614 1654 5668 spensouto
1672 5607 1691 5657 C
1711 5631 1737 5643 -

409 5680 537 5729 iudicante
555 5680 586 5737 ll,
604 5681 732 5729 vindicato
750 5679 768 5728 Β
789 5705 815 5715 -
842 5680 882 5729 ii.
902 5693 995 5728 aarum
1010 5679 1051 5729 oet
1067 5682 1098 5740 lt,
1117 5694 1258 5742 armosque
1275 5680 1378 5741 hamb,
1398 5696 1491 5731 aarum
1509 5684 1577 5731 coni.
1592 5681 1684 5741 Orelli;
1705 5696 1739 5733 sn

409 5769 533 5806 emmaus
549 5768 582 5804 er
599 5752 800 5817 interpolatione
818 5754 951 5804 adiectum
971 5755 1030 5804 esti
1059 5780 1083 5789 -
1112 5754 1211 5817 egroto
1228 5760 1257 5811 Α,
1275 5756 1431 5818 signantibus
1449 5757 1469 5807 ll
1489 5756 1620 5818 tomtr'tiel
1638 5784 1669 5794 —
1690 5757 1741 5808 titis

410 5834 445 5881 A:
464 5830 518 5879 titas
535 5829 562 5887 Β,
581 5830 656 5877 rttiter
673 5829 693 5877 0
721 5855 748 5864 -
774 5827 814 5879 28.
834 5829 1006 5892 quodcumque
1023 5826 1067 5878 Βῆ
1087 5829 1324 5892 quodquodcsmqoe
1341 5831 1375 5888 ῦς
1393 5832 1507 5893 quodque
1523 5832 1592 5881 conl.
1611 5831 1694 5889 belm
1713 5835 1740 5881 at

410 5904 433 5955 ei
449 5903 513 5968 quid
531 5902 703 5954 tribuendum
720 5904 763 5953 est
778 5904 911 5965 geminato
929 5904 1104 5968 receperim
1121 5905 1250 5954 conicias:
1269 5906 1385 5968 quodque
1399 5919 1505 5971 mosque
1522 5930 1548 5940 -
1568 5913 1667 5957 motor
1684 5920 1738 5959 om.

411 5977 443 6041 Η,
456 5982 532 6029 notas
543 5979 588 6029 ΑΒ
609 6004 635 6014 -
655 5982 761 6029 omerto
772 5978 802 6040 c,
820 5976 870 6028 sed
882 5978 900 6031 B
915 5982 1079 6028 ocumtoruot
1095 5979 1160 6041 (ruet
1176 5990 1226 6044 per
1236 5978 1336 6043 comp.)
1353 5992 1415 6043 ogere
1426 5983 1484 6046 (pro
1496 5984 1591 6045 opero
1600 5982 1739 6045 mogus).
