4342 7459
443 1256 486 1322 62
789 1256 1113 1323 acsoufflcoltora
1133 1256 1420 1324 POSTERlOlthl

444 1427 586 1502 videtur,
607 1426 808 1502 Aristoteles,
830 1428 886 1491 sed
908 1427 991 1492 idem
1013 1427 1085 1491 fons
1108 1434 1175 1492 erat
1195 1430 1338 1513 utrisque
1361 1437 1393 1493 et
1413 1429 1525 1492 eadem
1545 1448 1651 1492 rerum
1673 1449 1771 1514 expe·

445 1524 606 1587 tenderum
627 1522 912 1607 fugiendarumque
934 1523 1072 1607 partitio.

528 1619 565 1680 V.
588 1619 651 1680 Sed
682 1618 757 1699 quid
778 1620 860 1699 agol
890 1617 1009 1700 inquit,
1037 1625 1092 1680 aut
1115 1638 1226 1680 sumne
1249 1637 1360 1692 sanus,
1388 1619 1443 1701 qui
1464 1617 1544 1681 haec
1565 1636 1622 1679 vos
1644 1615 1769 1679 doceot

443 1731 517 1774 nam
538 1713 598 1775 etsi
621 1731 685 1774 non
707 1732 761 1773 sus
782 1713 973 1784 Minervam,
995 1718 1030 1774 ut
1051 1712 1154 1784 aiunt,
1177 1719 1281 1774 tamen
1303 1712 1410 1794 inepte
1433 1711 1580 1795 quisquis
1594 1711 1769 1774 Minervam

420 1806 548 1869 5444444.
583 1807 663 1869 Tum
684 1806 825 1868 Atticus:
857 1807 905 1867 Tu
927 1824 1020 1878 vero,
1048 1806 1170 1887 inquit,
1202 1826 1314 1887 perge,
1336 1807 1453 1879 Varro;
1475 1803 1567 1867 valde
1589 1805 1673 1867 euim
1695 1822 1769 1866 amo

443 1907 550 1962 nostra
571 1908 666 1981 atque
687 1906 831 1973 nostros,
853 1918 968 1981 meque
989 1899 1050 1961 ista
1073 1897 1245 1971 delectant,
1267 1918 1338 1961 cum
1360 1899 1471 1960 Latine
1486 1897 1634 1961 dicuutur
1655 1905 1687 1961 et
1706 1898 1769 1961 isto

443 1991 550 2055 modo.
592 1991 676 2066 Quid
698 2011 766 2065 me,
794 1992 941 2075 iuquam,
970 1998 1075 2074 putas,
1105 1992 1160 2074 qui
1186 1992 1420 2075 philosophiam
1442 1992 1505 2054 iam
1527 1992 1687 2075 professus
1708 1994 1770 2055 sim

443 2086 563 2169 populo
586 2096 695 2149 nostro
712 2105 761 2148 me
777 2086 1013 2149 exhibiturum?
1039 2087 1208 2167 Pergamus
1223 2086 1329 2168 igitur,
1350 2086 1469 2169 inquit,
1492 2086 1639 2168 quoniam
1655 2087 1769 2169 placet.
1817 2154 1819 2158 ,

443 2176 494 2241 ts.
516 2181 586 2243 Fuit
607 2198 683 2261 ergo
705 2180 767 2242 iam
788 2188 917 2261 accepta
938 2200 955 2242 4
978 2179 1110 2242 Platone
1132 2178 1378 2263 philosophandi
1396 2181 1476 2243 ratio
1492 2179 1623 2262 triplex:
1648 2200 1713 2242 nna
1729 2181 1770 2243 de

407 2286 434 2331 44
444 2274 507 2336 vita
528 2281 560 2336 et
582 2274 736 2343 moribus,
757 2272 857 2336 altera
878 2273 917 2335 de
939 2281 1050 2336 natura
1073 2281 1106 2335 et
1126 2274 1221 2336 rebus
1242 2274 1393 2347 occultis,
1414 2274 1507 2336 tertia
1527 2274 1566 2337 de
1582 2274 1768 2337 disserendo

443 2375 491 2442 et,
521 2367 598 2450 quid
626 2386 736 2429 verum
764 2366 841 2449 quid
870 2365 984 2429 falsum
1013 2365 1091 2449 qnid
1113 2375 1232 2430 rectum
1257 2368 1290 2429 iu
1313 2370 1454 2429 oratione
1476 2387 1663 2448 pravumve,
1690 2367 1768 2450 quid

442 2460 643 2523 consentiens
666 2459 743 2543 quid
765 2479 962 2543 repugnans,
992 2460 1169 2523 iudicando.
1206 2462 1250 2522 hc
1276 2461 1412 2543 primum
1434 2460 1520 2523 illum
1541 2469 1662 2543 partem
1685 2463 1768 2529 bene

441 2553 568 2616 vivendi
596 2573 615 2616 a
643 2561 755 2616 natura
780 2555 930 2636 petebant
958 2554 1053 2637 eique
1082 2553 1257 2637 parendum
1286 2574 1356 2617 esse
1383 2553 1545 2627 dicebant,
1575 2574 1679 2637 neque
1701 2554 1767 2618 ulla

441 2648 504 2711 alia
533 2648 565 2710 in
596 2648 712 2710 renisi
735 2647 768 2710 in
790 2656 901 2711 natura
925 2646 1141 2731 quaerendum
1164 2668 1234 2710 esse
1256 2647 1335 2710 illud
1357 2668 1512 2710 summum
1533 2648 1668 2721 bouum,
1700 2668 1765 2732 quo

404 2743 546 2805 ⁴5omnia
568 2740 773 2815 referrentur3
796 2742 1092 2824 constituebantque
1115 2750 1289 2804 extremum
1312 2762 1381 2805 esse
1396 2761 1500 2804 rerum
1516 2741 1765 2825 expetendarum

442 2845 474 2900 et
502 2837 598 2900 linem
626 2835 795 2909 bonorum,
823 2834 972 2918 adeptum
1000 2854 1069 2898 esse
1097 2837 1202 2898 omnia
1224 2857 1241 2898 e
1264 2844 1376 2898 natura
1398 2844 1430 2898 et
1450 2836 1556 2897 animo
1578 2842 1610 2898 et
1631 2854 1766 2918 corpore

441 2939 472 2995 et
498 2932 573 2995 vita.
617 2929 765 3012 Corporis
793 2935 897 2992 autem
926 2929 987 2992 alia
1015 2930 1176 3010 ponebant
1204 2950 1275 2992 esse
1302 2931 1334 2992 in
1357 2937 1440 3001 toto,
1469 2929 1531 2991 alia
1554 2928 1765 3012 inpartibus:

441 3023 671 3096 valetudinem,
701 3023 800 3096 vires,
830 3021 1096 3106 pulchritudinem
1125 3024 1157 3084 in
1188 3031 1271 3096 toto,
1301 3024 1333 3084 iu
1364 3023 1504 3106 partibus
1525 3031 1631 3085 autem
1652 3042 1766 3087 sensus

441 3121 580 3202 integros
610 3126 642 3181 et
670 3117 895 3200 praestantiam
922 3116 1059 3200 aliquam
1092 3118 1228 3198 partium
1258 3117 1469 3198 singularum,
1502 3123 1538 3178 ut
1569 3117 1600 3178 in
1630 3115 1767 3198 pedibus

404 3213 648 3284 acceleritatem,
671 3210 734 3274 vim
755 3211 789 3273 in
811 3210 971 3283 manibus,
993 3210 1168 3273 claritatem
1190 3211 1223 3272 in
1247 3230 1342 3283 voce,
1365 3210 1397 3272 in
1420 3209 1529 3291 lingua
1547 3209 1642 3272 etiam
1658 3209 1767 3293 explu-

439 3316 545 3371 natam
566 3326 679 3368 vocum
702 3303 961 3385 impressionem:
994 3301 1045 3365 20.
1067 3304 1164 3366 animi
1187 3312 1309 3377 autem,
1336 3322 1418 3385 quae
1442 3310 1549 3365 essent
1570 3301 1610 3364 ad
1633 3320 1767 3384 conpre-

439 3398 639 3463 hendendam
662 3397 809 3459 virtutem
832 3397 963 3470 idonea;
994 3417 1096 3479 eaque
1119 3397 1158 3459 ab
1181 3399 1219 3459 iis
1242 3397 1274 3459 in
1297 3404 1439 3459 naturam
1462 3405 1494 3459 et
1516 3414 1620 3457 mores
1643 3395 1767 3459 divide·

439 3494 562 3557 bantur.
595 3495 734 3555 Naturae
757 3490 950 3552 celeritatem
970 3489 1211 3552 addiscendum
1228 3491 1456 3553 etmemoriam
1474 3488 1606 3551 dabant:
1629 3509 1766 3571 quorum

439 3597 609 3669 utrumque
641 3584 755 3647 mentis
786 3591 870 3645 esset
899 3583 1062 3664 proprium
1094 3592 1125 3646 et
1152 3584 1280 3665 ingenii.
1323 3586 1446 3645 Morum
1478 3592 1582 3645 autem
1613 3583 1767 3663 putabant

401 3681 545 3747 ssstudia
567 3698 636 3741 esse
659 3685 691 3739 et
712 3677 803 3759 quasi
825 3674 1104 3738 cousuetudinem:
1127 3697 1222 3759 quam
1245 3677 1359 3760 partim
1376 3676 1612 3739 exercitationis
1630 3676 1766 3739 assidui-

440 3782 523 3847 tate,
547 3771 659 3855 partim
681 3770 804 3831 ratione
826 3767 1018 3844 formabant;
1041 3770 1073 3831 in
1097 3770 1212 3853 quibus
1236 3778 1303 3833 erat
1317 3768 1520 3852 philosophia
1534 3770 1613 3850 ipsa.
1649 3769 1686 3832 ln
1701 3789 1766 3853 qua

441 3867 528 3951 quod
550 3863 732 3927 inchoatum
755 3870 804 3925 est
825 3881 929 3945 neque
950 3862 1144 3936 absolutum,
1173 3864 1353 3945 progressio
1376 3861 1531 3945 quaedam
1554 3862 1593 3925 ad
1617 3865 1765 3926 virtutem

439 3959 632 4045 appellatur:
654 3955 738 4038 quod
761 3964 866 4018 autem
887 3956 1084 4041 absolutum,
1106 3957 1138 4019 id
1155 3965 1203 4019 est
1220 3958 1337 4030 virtus,
1360 3956 1450 4039 quasi
1466 3954 1618 4036 perfectio
1633 3964 1765 4020 naturae

440 4053 643 4135 omniumque
665 4070 787 4124 rerum,
817 4070 895 4132 quas
918 4050 1087 4113 inanimis
1110 4058 1248 4132 ponunt,
1278 4070 1341 4112 una
1363 4069 1412 4112 res
1435 4050 1563 4133 optimo.
1606 4044 1657 4111 94.
1679 4051 1765 4132 Ergo

401 4148 516 4214 achaeo
537 4146 726 4210 animorum.
759 4143 850 4207 Vitae
874 4151 978 4206 autem
1000 4144 1096 4206 —id
1120 4146 1203 4207 enim
1226 4152 1294 4206 erat
1314 4144 1439 4207 tertium
1460 4142 1672 4207 -adiuncta
1694 4165 1766 4209 esse

439 4240 602 4315 dicebant,
625 4259 706 4323 quae
728 4237 767 4302 ad
790 4237 914 4300 virtutis
936 4258 1027 4301 usum
1049 4237 1200 4301 valerent.
1236 4240 1314 4300 Nam
1339 4237 1438 4299 virtus
1460 4238 1492 4300 in
1507 4237 1605 4299 animi
1625 4237 1718 4299 bonis
1734 4245 1767 4301 et

438 4334 471 4397 in
492 4334 635 4417 corporis
650 4333 788 4396 comitur
803 4339 835 4395 et
852 4332 885 4393 in
902 4330 1102 4414 quibusdam,
1125 4351 1205 4413 quae
1228 4352 1292 4394 non
1308 4339 1371 4393 tam
1394 4339 1525 4393 naturae
1543 4352 1637 4414 quam
1651 4331 1765 4395 beatae

504 4596 528 4644 4.
545 4598 569 4644 44
584 4604 674 4643 eorum
689 4603 775 4640 44414441
792 4590 867 4639 GVr
879 4616 906 4626 —
926 4591 950 4639 2.
968 4590 1194 4654 fugiendarumque
1210 4602 1263 4639 om.
1278 4588 1336 4647 PV,
1353 4588 1531 4651 fugiendorum
1547 4602 1561 4638 r
1577 4616 1603 4626 -
1623 4589 1646 4639 3.
1660 4592 1703 4651 qui
1719 4591 1766 4642 boc

437 4670 510 4719 444444
526 4683 541 4718 4
557 4694 585 4703 -
605 4666 629 4717 4.
647 4678 702 4715 acm
718 4666 832 4714 4444144144
844 4667 885 4722 G¹;
905 4676 947 4712 4144
962 4669 1102 4714 miccinam
1114 4666 1211 4714 4444444
1226 4690 1253 4700 -
1273 4666 1297 4714 4.
1317 4668 1369 4712 tom
1384 4676 1444 4712 4444
1456 4665 1477 4711 V
1490 4690 1518 4700 —
1538 4666 1560 4713 6.
1575 4670 1650 4726 atque
1665 4672 1766 4717 4444444

437 4746 459 4794 G
477 4769 504 4779 -
523 4743 721 4805 44444441-
737 4740 863 4803 4444444144
879 4739 931 4787 tom
948 4741 982 4799 G,
1005 4740 1211 4803 iamprosetaam
1227 4739 1249 4786 V
1268 4764 1295 4773 -
1317 4750 1372 4787 som
1389 4740 1432 4786 Gr
1451 4765 1477 4775 -
1496 4740 1520 4789 8.
1538 4752 1578 4788 me
1594 4742 1627 4789 G:
1646 4744 1764 4793 ombl‘

436 4820 511 4869 V0r
529 4842 555 4854 -
581 4816 661 4877 lnquit
682 4826 736 4864 om.
755 4815 776 4863 G
799 4841 826 4850 -
850 4813 873 4861 9.
891 4813 940 4876 fuit
959 4816 1012 4863 tom
1028 4827 1046 4863 4
1068 4814 1132 4863 Ptot.
1151 4818 1285 4875 acceptor
1303 4838 1329 4848 -
1357 4813 1395 4862 44.
1414 4816 1628 4875 4444411444ῑά6,
1647 4818 1762 4868 utcoui.

436 4895 580 4945 llanutius:
599 4903 685 4940 oerum
700 4894 724 4938 44
740 4889 800 4951 quid
817 4888 919 4938 APVr
935 4914 968 4925 -
985 4890 1025 4938 ta.
1043 4890 1195 4939 consentiens
1211 4890 1267 4939 Cr:
1288 4889 1439 4938 4444444444
1454 4890 1485 4937 att
1503 4891 1595 4938 ocum
1608 4891 1762 4952 Goerenzio,

434 4978 583 5029 4444444444
605 4962 777 5030 probabiliter
797 4962 906 5013 Krische
928 4976 954 5028 p.
973 4965 1004 5013 ot
1027 4965 1083 5025 (uisi
1107 4964 1178 5026 quod
1196 4964 1264 5014 mele
1281 4965 1312 5013 444
1329 4963 1437 5024 eddidit)
1457 4963 1515 5014 coll.
1534 4965 1615 5014 Acad.
1634 4966 1668 5022 ll.
1687 4965 1703 5029 5
1720 4967 1762 5019 94.

435 5042 505 5093 Orat.
524 5040 539 5105 5
558 5041 613 5090 tto.
631 5037 736 5089 Tuscul.
756 5038 785 5098 V,
804 5037 820 5100 5
837 5038 878 5087 68.
897 5036 931 5087 de
948 5036 1016 5101 legg.
1035 5040 1059 5099 1,
1077 5038 1092 5102 ἓ
1110 5040 1150 5088 64.
1171 5066 1198 5076 -
1221 5053 1365 5103 repugnans
1382 5041 1526 5090 Manutius:
1553 5045 1673 5104 repugnet
1690 5042 1765 5091 COr

437 5141 465 5154 -
477 5114 663 5179 premonuit:
679 5114 791 5175 4144444444
807 5111 939 5162 APVOr
953 5138 980 5146 -
995 5114 1231 5175 purtcmillomOr
1244 5142 1271 5151 -
1291 5114 1331 5164 tl.
1344 5128 1466 5165 4444444414
1478 5115 1539 5163 tuuc
1551 5117 1569 5165 P
1583 5142 1609 5151 —
1624 5115 1664 5164 46.
1677 5116 1765 5165 omnia

434 5205 449 5242 4
464 5195 519 5240 not.
533 5203 586 5239 4411.
600 5190 620 5238 G
639 5214 666 5224 -
684 5201 698 5238 4
714 5186 779 5238 PV:
798 5189 868 5236 444
886 5186 957 5236 haud
974 5189 1029 5237 scio
1047 5200 1080 5237 an
1092 5189 1191 5238 rectius
1202 5216 1235 5225 —
1250 5191 1337 5239 44444144
1349 5193 1369 5239 G
1383 5215 1409 5225 -
1430 5191 1469 5239 48.
1485 5189 1567 5251 puter.
1580 5193 1642 5241 P—
1659 5191 1699 5239 tt.
1713 5192 1764 5240 tm·

430 5267 583 5330 pressiones
600 5264 656 5313 Cr:
679 5263 860 5324 eeprcsaioncm
875 5270 903 5324 ψ
913 5264 961 5314 tto
980 5289 1006 5298 -
1031 5265 1065 5311 od
1087 5277 1181 5326 compr.
1201 5264 1306 5326 inpectis
1324 5266 1442 5313 4444444441
1459 5266 1531 5314 Cor
1549 5266 1649 5328 (ingenit
1666 5268 1702 5325 rl;
1722 5266 1764 5315 in-

433 5342 512 5407 geniis
528 5337 659 5403 glossema
677 5351 737 5387 esse
755 5338 808 5387 iam
826 5338 956 5387 Manutius
975 5336 1108 5387 intellexit.
1129 5364 1155 5373 —
1179 5339 1220 5389 44.
1239 5351 1316 5399 eoque
1333 5340 1365 5388 44
1381 5340 1412 5388 444
1428 5352 1481 5389 4411.
1502 5340 1521 5389 E
1541 5366 1567 5374 -
1593 5341 1624 5387 444
1641 5352 1667 5387 r:
1686 5339 1724 5388 444
1742 5339 1762 5390 C

436 5446 462 5454 -
484 5417 542 5468 lort.
560 5419 583 5465 44
603 5415 629 5463 in
653 5426 779 5463 4144444-
806 5412 847 5461 ta.
866 5418 889 5462 44
907 5414 1103 5463 admemoriam
1120 5416 1141 5463 t}
1158 5441 1190 5450 -
1215 5413 1256 5464 at.
1275 5420 1310 5463 444
1326 5428 1351 5472 4;
1374 5428 1424 5463 4444
1444 5413 1618 5478 probabiliter
1634 5412 1712 5462 Orelli
1733 5440 1760 5449 -

433 5494 474 5543 25.
487 5491 633 5541 4444444444
648 5488 834 5537 anamalech
845 5489 866 5537 G
877 5514 904 5523 -
923 5488 963 5536 46.
976 5488 1032 5549 ipso
1045 5489 1200 5551 philosophia
1211 5492 1230 5538 G
1244 5514 1270 5523 -
1291 5490 1331 5537 at.
1345 5502 1388 5538 4444
1400 5490 1422 5537 V
1436 5515 1463 5524 -
1483 5490 1622 5539 absolutum
1632 5492 1663 5545 Α,
1682 5491 1711 5537 414
1722 5489 1763 5538 vi-

433 5569 525 5617 detur:
544 5578 599 5616 4411.
618 5564 740 5622 GEPV3
764 5564 901 5627 perfectum
923 5577 936 5613 r
953 5589 980 5599 —
1008 5576 1025 5611 4
1046 5564 1137 5612 uirtute
1153 5566 1173 5612 G
1194 5589 1220 5598 -
1244 5563 1285 5612 28.
1304 5562 1455 5623 chamutum,
1478 5564 1571 5624 uirtus,
1597 5565 1622 5612 td
1639 5567 1673 5611 444
1690 5563 1763 5625 quoti

433 5639 605 5706 probabiliter
626 5640 716 5690 Christ
736 5638 796 5688 coll.
819 5640 873 5689 Cic.
894 5637 992 5690 Luculli
1013 5638 1090 5701 526,
1114 5638 1148 5688 de
1166 5638 1229 5687 liuu.
1249 5636 1276 5686 b.
1296 5641 1322 5687 et
1339 5651 1374 5687 111.
1394 5639 1435 5698 lV,
1455 5637 1470 5701 5
1487 5639 1527 5688 35.
1547 5639 1577 5697 V,
1595 5638 1611 5701 5
1628 5638 1672 5696 38;
1697 5637 1760 5687 edd.

433 5717 523 5768 Galeui
550 5715 583 5766 de
606 5714 679 5766 decr.
703 5716 779 5779 llipp.
803 5718 831 5764 et
852 5714 914 5765 Plat.
933 5717 963 5765 a:
990 5708 1009 5779 ἡ
1027 5708 1114 5783 ἀρετὴ
1136 5708 1278 5776 τελειότης
1295 5711 1355 5762 ἐστὶ
1373 5709 1424 5776 τῆς
1442 5709 1567 5763 ἑκάστου
1584 5709 1710 5775 φύσεως,
1730 5737 1758 5747 -

433 5792 474 5842 344.
486 5793 551 5842 euim
567 5796 622 5841 crat
634 5791 747 5842 GPVr:
767 5790 833 5839 4444441
844 5803 897 5839 4411.
911 5792 946 5847 4;
964 5793 1019 5840 4444
1035 5790 1100 5838 caim
1112 5788 1170 5837 Bes.
1184 5789 1211 5836 et
1223 5788 1242 5836 0
1254 5813 1280 5822 -
1295 5788 1334 5835 34.
1354 5788 1406 5836 iam
1418 5791 1436 5836 G
1446 5788 1467 5837 V
1478 5802 1490 5835 r
1503 5814 1529 5823 -
1549 5789 1628 5837 uirtus
1639 5789 1665 5836 44
1682 5785 1761 5835 ocimi

433 5866 502 5916 444444
517 5872 540 5917 et
556 5867 584 5915 444
599 5866 712 5929 corporis
727 5866 839 5915 4444444144
854 5870 877 5915 et
893 5867 920 5914 444
936 5864 1084 5927 quibusdum
1101 5865 1135 5913 G:
1158 5864 1238 5912 4444444
1258 5864 1336 5913 ocimi
1354 5863 1422 5912 444444
1438 5869 1461 5912 44
1477 5863 1589 5924 corporis
1605 5862 1717 5910 cernitur
1733 5862 1760 5909 444

432 5940 578 6003 4444444444
594 5938 651 5993 rell.
669 5939 817 5993 4444411444
833 5941 861 5989 et
876 5952 904 6001 r;
921 5940 1001 5989 4444444
1017 5938 1171 5990 comitium
1188 5936 1335 5999 quibuisdam
1345 5939 1365 5990 0
1377 5950 1439 5989 curn
1450 5935 1574 5989 Walkero
1586 5935 1651 5999 (lam
1666 5934 1757 5997 4444144,
