4342 7459
438 1248 502 1317 252
890 1250 944 1315 bia
966 1247 1136 1315 DEORUM
1156 1244 1319 1312 NATURA

438 1433 511 1488 cur,
541 1410 628 1497 quod
658 1411 691 1473 in
721 1413 781 1475 ista
810 1412 979 1495 partitione
1008 1431 1048 1474 ne
1070 1430 1164 1494 egere
1184 1408 1316 1493 quidem
1339 1405 1483 1470 oratione
1504 1404 1659 1483 dixisses,
1685 1405 1773 1491 quod

439 1509 525 1571 essel
544 1507 744 1591 perspicuum
767 1513 798 1570 et
819 1507 903 1570 inter
924 1508 1025 1570 omnis
1048 1511 1220 1578 constaret,
1244 1504 1284 1566 de
1299 1522 1337 1565 eo
1359 1501 1430 1586 ipso
1450 1507 1512 1565 tam
1529 1498 1627 1564 multa
1642 1500 1774 1566 dixeris.

439 1599 522 1677 Quia
543 1607 574 1664 tc
597 1620 744 1684 quoque,
766 1600 887 1683 inquit,
909 1600 1130 1673 animadverti,
1154 1599 1261 1671 Cotta,
1284 1614 1394 1679 saepe,
1417 1615 1488 1657 cum
1504 1596 1539 1657 in
1552 1595 1624 1658 foro
1640 1595 1774 1668 diceres,

438 1714 533 1778 quam
556 1694 702 1779 plurimis
723 1714 835 1778 posses
856 1695 1049 1776 argumentis
1072 1713 1204 1757 onerare
1226 1691 1377 1765 iudicem,
1400 1690 1426 1753 si
1442 1690 1539 1753 modo
1554 1709 1624 1752 eam
1640 1689 1775 1754 bouita-

413 1795 501 1851 etem
523 1787 581 1851 tihi
604 1788 695 1851 daret
716 1807 820 1851 causa.
857 1789 960 1871 Atque
982 1789 1042 1852 hoc
1064 1787 1149 1851 idem
1172 1796 1203 1850 et
1232 1784 1414 1871 philosophi
1436 1784 1558 1849 faciunt
1578 1791 1610 1849 et
1630 1803 1708 1870 ego,
1738 1793 1775 1849 ut

437 1882 540 1966 potui,
569 1881 642 1946 feci.
678 1883 727 1945 Tu
750 1890 870 1956 autem,
899 1882 1008 1967 quiid
1033 1882 1177 1966 quaeris,
1207 1880 1353 1944 similiter
1382 1879 1460 1943 iacis
1487 1899 1524 1944 ac
1547 1880 1573 1943 si
1596 1899 1774 1963 moroges,

438 1995 494 2040 cur
522 1983 554 2040 te
582 1976 707 2039 duobus
736 1983 888 2040 contuear
913 1976 1014 2040 oculis
1036 1983 1067 2039 et
1089 1996 1154 2039 non
1177 1973 1275 2039 altero
1299 1973 1477 2049 coniveam,
1507 1974 1685 2038 cumidem
1706 1991 1773 2038 unu

436 2068 571 2157 adsequi
593 2070 725 2154 possim.
769 2070 822 2132 lv.
843 2067 874 2133 9.
897 2072 976 2133 Tum
1002 2071 1110 2144 Cotta,
1141 2069 1243 2147 Quam
1270 2069 1374 2133 simile
1395 2066 1480 2132 istud
1504 2070 1563 2145 sit,
1590 2069 1712 2153 inquit,
1737 2075 1773 2131 tu

436 2162 563 2228 videris.
608 2166 687 2228 Nam
719 2183 778 2245 ego
805 2182 910 2247 neque
937 2166 970 2227 in
993 2165 1112 2239 causis,
1142 2165 1169 2228 si
1193 2164 1269 2249 quid
1293 2172 1341 2227 est
1362 2162 1510 2237 evidens,
1540 2162 1580 2228 de
1603 2164 1775 2247 quainter

400 2258 541 2322 scamnis
573 2257 756 2332 conveniat,
784 2259 996 2340 argumentari
1024 2260 1130 2323 soleo:
1159 2257 1367 2343 perspicuitas
1390 2258 1474 2320 enim
1497 2257 1774 2341 argumentatione

438 2352 596 2416 elevatur:
626 2372 703 2429 nec,
725 2353 752 2415 si
775 2351 809 2415 id
831 2351 968 2416 lacerem
989 2353 1022 2415 in
1046 2352 1150 2416 causis
1172 2351 1367 2426 forensibus,
1391 2352 1476 2413 idem
1497 2350 1634 2415 facerem
1657 2352 1691 2415 in
1713 2349 1774 2413 hac

437 2444 610 2512 subtilitate
632 2448 798 2511 sermonis.
835 2447 899 2510 Cur
921 2448 1084 2511 coniveres
1107 2455 1213 2510 autem
1235 2446 1335 2509 altero
1355 2446 1464 2519 oculo,
1488 2465 1582 2510 causa
1597 2466 1663 2511 non
1679 2451 1774 2520 esset,

437 2557 509 2604 cum
531 2541 616 2604 idem
638 2541 767 2605 obtutus
790 2550 875 2605 esset
895 2541 1061 2604 amborum
1077 2548 1109 2603 ct
1130 2560 1321 2604 cumrerum
1338 2547 1465 2614 natura,
1487 2560 1582 2625 quarn
1598 2548 1633 2605 tu
1648 2539 1775 2626 sapien-

437 2642 501 2699 tem
525 2654 595 2699 esse
617 2636 681 2710 vis,
703 2635 767 2699 duo
790 2636 908 2699 lumina
930 2636 970 2698 ah
993 2636 1099 2703 animo
1122 2635 1163 2698 ad
1184 2635 1296 2699 oculos
1318 2634 1477 2717 perforata
1500 2654 1558 2699 nos
1580 2630 1699 2700 habere
1718 2653 1774 2697 vo·

401 2737 429 2786 ts
439 2726 559 2793 luisset
597 2726 659 2792 Sed
682 2729 757 2813 qnia
772 2748 837 2792 non
852 2725 1033 2792 confidebas
1049 2738 1112 2793 tam
1129 2749 1199 2794 esse
1214 2729 1247 2793 id
1261 2730 1479 2813 perspicuum,
1502 2749 1596 2813 qnam
1612 2736 1647 2792 tu
1663 2725 1774 2803 velles,

439 2830 605 2908 propterea
627 2820 736 2886 multis
758 2823 952 2907 argumentis
973 2824 1051 2887 daos
1074 2843 1145 2887 esse
1168 2824 1283 2887 docere
1304 2823 1444 2887 voluisti.
1479 2823 1557 2888 Mihi
1574 2822 1658 2885 enim
1673 2841 1775 2886 unum

438 2925 487 2981 sat
515 2924 596 2993 erat,
624 2917 668 2981 ita
699 2917 791 2981 nubis
813 2917 951 2982 maiores
973 2924 1098 2982 nostros
1120 2918 1308 2995 tradidisse;
1339 2918 1395 2980 sed
1417 2924 1451 2981 tu
1474 2916 1678 2982 auctoritates
1700 2936 1776 2981 con·

438 3011 569 3086 temnis,
597 3012 719 3075 ratione
749 3030 882 3096 pugnas.
927 3006 978 3073 l0.
1000 3013 1111 3075 Patere
1133 3013 1231 3094 igitur
1252 3011 1406 3081 rationem
1428 3032 1530 3076 meam
1553 3031 1626 3075 cum
1647 3018 1703 3077 tua
1724 3029 1775 3075 ra·

438 3104 526 3170 tione
552 3104 755 3170 contendere.
796 3105 910 3169 Adfers
938 3105 1145 3170 haecomnia
1171 3115 1371 3189 argumenta,
1403 3127 1459 3171 cur
1481 3105 1513 3168 di
1535 3106 1615 3182 sint,
1643 3126 1775 3193 remque

401 3207 510 3263 ”mea
529 3201 686 3266 sententia
707 3201 837 3263 minime
853 3195 980 3264 dubiam
995 3201 1243 3286 argumentando
1259 3200 1387 3263 dubiam
1402 3200 1491 3263 tacis.
1524 3201 1674 3265 Mandavi
1688 3202 1774 3266 enim

439 3294 695 3359 memoriaenon
717 3313 882 3358 numerum
906 3294 1024 3371 solum,
1053 3293 1109 3357 sed
1137 3295 1230 3358 etiam
1259 3295 1403 3360 ordinem
1429 3302 1684 3377 argumentorum
1704 3303 1777 3360 tuo·

438 3405 518 3451 rum.
556 3388 692 3451 Primum
721 3388 799 3463 fuit,
828 3409 900 3452 cum
930 3389 1052 3452 caelum
1075 3389 1347 3473 suspexissemus,
1377 3389 1483 3453 statim
1504 3409 1564 3453 nos
1587 3388 1775 3474 intellegere

440 3491 510 3548 esse
533 3479 665 3566 aliquod
687 3502 822 3558 numen,
846 3503 911 3567 quo
931 3481 1011 3545 haec
1033 3491 1192 3566 regantur.
1236 3485 1285 3545 Ex
1305 3483 1368 3546 hoc
1389 3481 1469 3546 illud
1492 3484 1587 3547 etiam

565 3576 714 3660 Aspice
736 3576 807 3640 boc
829 3575 1037 3641 sublimen
1060 3578 1255 3652 candens,
1286 3597 1401 3659 quem
1430 3576 1621 3641 invocant
1643 3595 1775 3642 amnes

401 3678 430 3729 aa
1200 3671 1354 3734 Iovem:

441 3758 492 3826 ll.
515 3762 605 3847 quasi
628 3781 704 3827 vero
728 3762 894 3847 quisquam
917 3772 1059 3828 nostrum
1082 3766 1178 3829 istum
1200 3765 1417 3850 potiusquam
1435 3764 1645 3850 Capitolinum
1666 3763 1775 3829 Iovem

439 3857 580 3944 appellet
601 3864 656 3921 aut
682 3855 743 3920 hoc
765 3859 967 3940 perspicuum
989 3859 1031 3922 sit
1052 3867 1241 3945 constetque
1263 3859 1346 3922 inter
1368 3859 1486 3934 omnis,
1514 3877 1570 3921 eos
1592 3877 1663 3922 esse
1686 3858 1776 3934 deos,

440 3972 522 4038 qnos
549 3950 606 4016 tihi
627 3948 768 4015 Velleius
791 3952 946 4036 multique
974 3959 1139 4036 praeterea
1160 3974 1201 4016 ne
1224 3953 1392 4017 animantis
1416 3952 1545 4036 quidem
1568 3972 1639 4016 esse
1661 3972 1776 4017 conce·

440 4045 526 4112 dant.
568 4045 670 4110 Grave
700 4046 793 4110 etiam
817 4055 1037 4130 argumentum
1058 4047 1115 4111 tihi
1139 4045 1321 4124 videbatur,
1343 4047 1432 4131 quod
1456 4047 1567 4131 opinio
1590 4045 1630 4110 de
1654 4044 1703 4111 dis
1726 4046 1776 4110 in·

508 4384 532 4435 l.
545 4384 612 4446 qaod
622 4382 649 4432 ia
658 4382 708 4432 teta
715 4382 852 4443 partitione
863 4380 1045 4432 Heindorfius:
1062 4383 1130 4445 qaod
1137 4384 1297 4446 perspicuam
1308 4383 1335 4432 in
1345 4384 1421 4433 islam
1428 4389 1529 4446 partem
1541 4379 1578 4442 ‘ih
1598 4386 1642 4447 qai
1652 4385 1680 4434 id
1690 4385 1718 4434 ie
1728 4386 1778 4435 ieta

436 4461 574 4524 partitione
590 4459 695 4509 Mosero
712 4461 820 4509 auctore
833 4459 852 4508 0
867 4485 892 4495 -
907 4459 973 4521 quod
983 4464 1043 4509 esset
1052 4462 1213 4522 perspicuum
1224 4459 1243 4507 B
1254 4454 1299 4506 Vl:
1319 4459 1386 4520 qaod
1396 4463 1430 4508 est
1439 4459 1600 4520 perspicuam
1610 4461 1631 4509 A
1642 4453 1674 4506 V¹
1685 4474 1692 4518 ;
1710 4460 1778 4522 quoa

437 4537 461 4582 et
470 4533 629 4595 perspicuam
640 4534 660 4583 c
670 4534 704 4591 E;
724 4534 790 4596 quod
801 4537 823 4582 et
833 4536 992 4596 perspicuam
1004 4539 1063 4583 esset
1073 4535 1220 4597 Madvig-
1234 4534 1258 4582 2.
1272 4533 1368 4583 diceris
1385 4537 1437 4583 tam
1448 4533 1529 4583 matta
1540 4534 1559 4581 P
1573 4559 1601 4570 -
1616 4531 1641 4582 3.
1660 4538 1684 4583 te
1694 4534 1778 4595 iuquit

439 4621 536 4670 qaoque
546 4610 565 4657 P
574 4635 599 4645 -
614 4610 701 4671 inquid
713 4612 733 4658 A
745 4634 772 4644 -·
785 4607 808 4659 l.
820 4609 899 4670 possis
911 4609 960 4659 AB
971 4610 990 4658 C
1001 4608 1020 4657 E
1031 4605 1088 4657 PV¹
1098 4635 1124 4644 -
1139 4610 1163 4658 6.
1178 4607 1265 4672 quiid]
1279 4610 1345 4667 qaod
1358 4606 1380 4658 a
1392 4634 1418 4643 -
1433 4609 1457 4657 7.
1470 4608 1600 4656 contusam
1611 4607 1774 4671 Madvigius:

437 4689 560 4733 cummi·
575 4681 635 4734 MO.
656 4687 755 4735 «Pruvc
772 4685 903 4748 ropetitur
919 4688 1057 4742 contuear3
1075 4696 1157 4747 prave
1175 4698 1225 4732 nou
1242 4683 1323 4732 attero
1334 4682 1432 4732 dicitur
1449 4695 1498 4747 pro
1514 4695 1564 4731 uon
1576 4696 1627 4731 aaa
1639 4684 1775 4746 (tantumla

438 4770 521 4823 prave
539 4760 656 4809 variatur
673 4760 752 4810 attero
763 4773 839 4808 -uuo
856 4760 881 4809 in
900 4759 995 4809 eadem
1013 4758 1213 4820 significatione.
1241 4760 1296 4808 Nec
1313 4760 1401 4809 minus
1419 4758 1558 4808 manifesta
1576 4758 1702 4808 orationis
1714 4758 1777 4807 vitia

438 4836 465 4885 in
483 4835 528 4892 iis,
547 4848 616 4899 quas
634 4835 675 4884 his
691 4832 770 4899 paulo
787 4836 849 4899 post
867 4834 891 4897 (5
903 4834 926 4895 9)
944 4833 1122 4896 respondent,
1142 4834 1194 4884 Cur
1210 4839 1354 4884 coutuuers
1371 4838 1455 4882 autem
1472 4833 1552 4882 altero
1570 4834 1656 4891 ocatc;
1676 4845 1738 4883 nam
1751 4836 1777 4884 et

438 4908 475 4959 ibi
496 4909 577 4960 attero
593 4910 686 4959 vitiose
708 4922 756 4974 pro
772 4922 823 4957 auo
840 4907 901 4971 (aaa
917 4909 1025 4973 tautam)
1042 4912 1150 4975 ponitur
1167 4912 1194 4961 et
1217 4924 1299 4976 prave
1317 4916 1460 4960 coutamre
1476 4910 1549 4959 initio
1569 4909 1685 4973 ponitur,
1703 4922 1776 4971 cum,

437 4983 465 5033 in
482 4982 534 5034 hac
551 4984 694 5048 scriptura,
713 4984 818 5049 pondus
836 4983 985 5035 sententiae
1003 4985 1037 5035 sit
1054 4988 1079 5034 in
1098 4986 1186 5036 altero.
1206 4990 1291 5049 Atque
1310 4986 1361 5035 hoc
1373 4986 1520 5050 posteriore
1533 4984 1695 5036 locaveram
1708 4986 1777 5035 scri·

438 5059 546 5122 pturam
563 5060 655 5123 optimi
673 5058 780 5110 codices
804 5071 889 5124 paene
907 5060 1038 5124 integram
1055 5064 1211 5120 servarunt,
1236 5062 1282 5123 qui
1300 5060 1401 5110 hubent
1418 5066 1558 5122 noctuam,
1575 5060 1627 5109 hoc
1643 5063 1701 5110 est:
1726 5060 1778 5111 aar

438 5134 566 5185 amiseras
582 5139 667 5184 autem
682 5136 763 5186 attero
780 5136 865 5198 cado,
883 5149 962 5187 caraea
979 5151 1029 5186 noa
1046 5141 1106 5186 esset
1123 5135 1179 5199 (aas
1195 5137 1249 5185 aue
1259 5135 1329 5199 Auge
1338 5148 1371 5185 aa
1385 5135 1522 5196 subiissem,
1534 5134 1622 5184 warde
1632 5133 1703 5184 letae
1716 5135 1778 5184 Ver-

438 5209 578 5273 aetaauorp
594 5210 628 5259 da
644 5208 716 5274 suo).
734 5211 827 5273 ltaque
845 5210 925 5260 etiam
944 5212 1031 5275 priore
1049 5208 1108 5260 loco
1125 5210 1298 5263 scribendum
1316 5213 1358 5261 est
1370 5211 1468 5274 optima
1486 5210 1604 5260 oratione
1622 5212 1649 5259 et
1667 5212 1778 5260 senten·

438 5283 490 5333 tia:
514 5298 561 5333 cur
581 5289 604 5334 te
626 5284 722 5335 duobus
743 5289 864 5335 contuear
881 5285 958 5334 amab
974 5291 997 5335 et
1017 5299 1067 5334 uon
1084 5286 1165 5337 attero
1182 5287 1324 5346 contusam,
1347 5286 1486 5335 cumidem
1501 5298 1552 5335 uua
1569 5285 1672 5346 adsequi
1685 5285 1778 5347 possim

438 5356 502 5421 (essa
524 5357 591 5407 nicia
607 5357 653 5408 aas
668 5360 722 5410 ane
737 5360 862 5421 scitiesse,
885 5361 920 5408 da
936 5361 975 5409 ici
992 5362 1039 5410 mit
1054 5362 1134 5411 anun
1150 5362 1263 5424 eiusigea
1280 5359 1389 5410 aassetbc
1405 5358 1545 5409 aussichteu
1566 5358 1653 5421 Mun).
1680 5361 1778 5410 Notum

438 5434 480 5483 est
502 5445 583 5497 quarn
606 5432 750 5484 obnoxium
773 5432 941 5484 librariorum
967 5434 1103 5486 erroribus
1126 5434 1204 5486 fuerit
1226 5436 1355 5485 contuendi
1372 5432 1501 5495 verbum,
1530 5435 1555 5483 in
1573 5447 1627 5496 quo
1644 5433 1777 5486 offensum

439 5508 521 5559 etiam
543 5510 585 5559 est
601 5521 616 5558 a
634 5508 817 5573 compluribus
834 5509 855 5558 ll
878 5508 968 5571 §tlh
992 5507 1046 5559 Alia
1065 5508 1188 5575 exempla
1205 5513 1267 5562 sunt
1289 5512 1314 5560 in
1332 5525 1371 5561 or.
1390 5511 1411 5559 ll
1430 5511 1456 5560 in
1474 5507 1549 5560 Catil.
1568 5509 1583 5574 5
1600 5511 1642 5561 27.
1668 5510 1701 5561 de
1719 5509 1777 5576 lege

440 5594 496 5646 agr.
514 5584 536 5633 11
555 5583 570 5646 5
588 5584 629 5634 77.
648 5582 682 5634 de
701 5584 808 5649 harusp.
828 5596 902 5648 resp.
920 5584 935 5647 5
953 5585 985 5635 38
1003 5588 1031 5635 et
1047 5586 1106 5636 aa.»
1127 5612 1154 5623 -
1175 5587 1214 5636 sa.
1234 5588 1407 5650 argumentari
1425 5599 1495 5636 corr.
1509 5599 1542 5636 ex
1555 5586 1778 5649 argumentarisv

441 5684 470 5695 -
490 5660 529 5708 ti.
548 5659 649 5708 tenemur
664 5659 684 5708 Β
695 5658 717 5706 V
735 5660 811 5721 (corr.
825 5672 857 5709 ex
869 5660 983 5710 eteaatur
994 5660 1025 5722 V)
1038 5687 1065 5697 -
1088 5662 1127 5711 ia.
1147 5663 1274 5713 contuens
1290 5662 1437 5726 Madvigius
1448 5677 1453 5711 :
1471 5666 1599 5712 ccutueres
1616 5666 1636 5712 A
1646 5662 1665 5712 Β
1677 5661 1777 5721 CPV¹;

438 5734 592 5784 contuerems
608 5733 686 5792 EV¹;
705 5738 850 5784 contuerere
865 5735 893 5784 0.
913 5735 978 5786 Vide
996 5736 1030 5786 ad
1047 5749 1073 5786 v.
1087 5738 1112 5787 7.
1128 5762 1155 5772 -
1175 5736 1215 5787 ⁴3.
1234 5750 1283 5787 esse
1299 5738 1331 5786 Vl
1346 5764 1373 5773 -
1395 5740 1434 5788 ta.
1453 5738 1527 5788 celtes
1543 5737 1699 5788 Ernestlus:
1716 5735 1780 5787 uella

439 5804 492 5858 tio
512 5832 540 5843 -
567 5808 609 5857 46.
627 5810 816 5859 suumome
839 5834 867 5845 -
895 5810 935 5860 ⁴7.
953 5815 993 5860 sat
1016 5808 1055 5862 ll:
1075 5811 1173 5862 satisO
1195 5837 1222 5846 -
1250 5814 1509 5864 matorisABV1—
1536 5810 1776 5875 cmampcsv—

441 5882 481 5933 l8.
500 5896 557 5932 crea
580 5895 650 5933 corr.
669 5897 700 5933 ex
724 5897 802 5947 quum
823 5884 859 5945 V;
884 5896 962 5946 qaam
983 5890 1002 5937 P
1024 5914 1057 5923 —
1080 5887 1120 5938 ts.
1139 5892 1311 5950 emtonpusro
1327 5893 1346 5941 P
1370 5917 1398 5927 -
1420 5890 1462 5940 20.
1481 5888 1680 5954 argumetum
1696 5885 1730 5937 Ψ
1749 5911 1777 5925 -

439 5954 482 6008 il.
495 5956 599 6009 mttime
609 5953 632 6010 a
642 5958 672 6010 0.
691 5959 757 6011 Vide
769 5958 804 6011 ad
814 5974 842 6025 p.
855 5959 914 6024 ias,
928 5962 952 6013 3.
962 5986 990 5998 ·-
1004 5962 1485 6029 mammaemammal)
1500 5990 1527 6001 -
1541 5964 1583 6016 29.
1595 5976 1703 6029 graues
1713 5963 1777 6014 ΑΨ.
