4342 7459
438 1215 502 1291 eet
680 1230 735 1295 nr
756 1216 1022 1324 brvmsrroun
1064 1232 1133 1296 un.
1148 1233 1172 1295 1.
1196 1226 1270 1297 cr».
1285 1227 1393 1298 unu.
1415 1227 1526 1317 siae.

566 1390 835 1474 indidemque¹
856 1389 987 1454 eadem
1021 1408 1118 1475 quse
1152 1392 1341 1455 oriuntur
1372 1392 1417 1456 de
1448 1395 1771 1481 integroseqne

1117 1485 1253 1549 eodem
1285 1486 1487 1551 occidunt.

441 1577 527 1655 Quid
551 1586 602 1642 est
621 1578 719 1661 igitur
740 1597 806 1653 cur,
828 1597 899 1641 cum
921 1578 1035 1643 domus
1057 1581 1098 1643 sit
1119 1581 1261 1643 omnium
1282 1599 1345 1644 une
1368 1588 1473 1665 eaque
1492 1583 1669 1647 communis
1683 1603 1771 1648 onm-

439 1691 502 1756 que
524 1672 620 1735 animi
641 1672 803 1736 hominum
825 1691 952 1755 semper
971 1673 1092 1738 luerint
1113 1674 1275 1758 futurique
1298 1675 1379 1750 sint,
1402 1693 1459 1738 cur
1479 1675 1502 1737 ii
1525 1676 1604 1760 quid
1627 1697 1668 1741 ex
1690 1695 1771 1760 quo

415 1778 500 1846 tque
526 1766 652 1829 eveniat
679 1773 712 1829 et
739 1766 817 1849 quid
847 1784 1009 1851 quamque
1037 1788 1103 1830 rem
1133 1765 1289 1850 significet
1317 1768 1496 1853 perspicere
1525 1789 1591 1832 non
1619 1772 1770 1854 possint?

438 1859 524 1923 Haec
545 1859 659 1936 habui,
682 1860 801 1944 inquit,
824 1861 864 1924 de
887 1859 1081 1925 divinatione
1103 1880 1186 1944 quae
1208 1862 1355 1924 dicerem.

523 1953 634 2017 LVlll.
665 1950 736 2017 idi.
758 1957 850 2018 Nunc
872 1954 927 2017 illa
949 1955 1103 2028 testabor,
1135 1974 1199 2017 non
1221 1974 1273 2018 me
1294 1955 1464 2037 sortilegos
1487 1974 1592 2039 neque
1614 1977 1690 2033 eos,
1716 1961 1772 2041 qui

438 2053 590 2131 quaestus
620 2067 715 2113 causa
737 2049 952 2125 bariolentur,
985 2070 1027 2113 ne
1052 2049 1294 2133 psychomantia
1324 2049 1474 2132 quidem,
1509 2051 1626 2133 quibus
1648 2053 1772 2135 Appius

437 2142 557 2204 amicus
579 2149 652 2205 tuus
675 2143 719 2206 uti
743 2143 886 2215 solebat,
908 2159 1092 2225 agnoscere.
1135 2144 1206 2205 Non
1229 2143 1331 2206 babeo
1354 2142 1494 2226 denique
1517 2145 1609 2208 nauci
1631 2146 1771 2208 Marsum

401 2250 607 2317 inaugurem,
630 2256 693 2299 non
715 2237 845 2300 vicanos
866 2235 1067 2321 haruspices,
1090 2255 1155 2299 non
1178 2237 1218 2299 de
1241 2238 1325 2300 circo
1347 2237 1544 2319 astrologos,
1566 2257 1631 2301 non
1654 2239 1773 2303 isiacos

438 2329 646 2403 coniectores,
668 2350 734 2393 nnn
755 2331 945 2414 interpretes
967 2332 1173 2395 somniorum.
1217 2333 1289 2394 Non
1312 2332 1397 2394 enim
1420 2330 1538 2394 nuntii
1561 2341 1618 2396 sut
1638 2333 1773 2396 scientia

439 2430 495 2487 aut
516 2431 583 2487 arte
606 2424 716 2499 divini,
1199 2421 1206 2426 ’

565 2516 641 2582 Sed
672 2520 959 2601 superstitiosi
990 2527 1102 2583 rates
1131 2519 1467 2603 inpudentesque
1496 2518 1657 2595 harioli,

566 2613 642 2675 Aut
670 2613 834 2677 inertes
865 2621 929 2677 aut
957 2613 1096 2675 insani
1125 2620 1190 2675 aut
1216 2613 1364 2695 quibus
1388 2618 1543 2695 egestas
1566 2612 1751 2696 imperat,

567 2706 640 2782 Qui
671 2707 747 2770 sibi
771 2708 948 2771 semitam
972 2727 1043 2769 non
1067 2707 1249 2789 sapiunt,
1271 2707 1388 2769 alteri
1411 2714 1632 2769 monstrant
1653 2708 1772 2770 viam

567 2800 725 2878 Quibus
753 2802 930 2866 divitias
960 2801 1236 2883 pollicentur,
1267 2801 1312 2863 ab
1339 2800 1389 2864 iis
1419 2800 1672 2863 drachumam
1694 2800 1771 2883 ipsi

1112 2901 1269 2978 petunt

565 2992 619 3053 De
648 2990 709 3054 liis
739 2988 903 3054 divitiis
933 2988 1016 3051 sibi
1049 2988 1255 3051 deducant
1286 2988 1564 3062 drachumam,
1596 2985 1774 3051 reddant

1114 3091 1265 3145 cetera.

399 3177 542 3260 nltqne
569 3175 650 3241 haec
672 3176 800 3261 quidem
824 3176 962 3250 Ennius,
986 3178 1040 3261 qui
1064 3179 1174 3259 paucis
1198 3184 1272 3238 anta
1294 3175 1439 3238 versibus
1462 3194 1541 3238 esse·
1555 3173 1633 3237 deos
1654 3181 1774 3247 censet.

438 3270 495 3333 sed
526 3288 581 3333 eos
608 3290 672 3334 non
703 3291 812 3334 curare
841 3272 992 3354 opinatur
1019 3272 1097 3355 quid
1120 3279 1193 3353 agat
1216 3270 1389 3331 humanum
1412 3287 1523 3350 genus.
1567 3268 1635 3349 Ego
1657 3275 1774 3341 autem,

439 3366 494 3449 qui
525 3372 557 3427 et
585 3384 696 3428 curare
725 3364 860 3428 arbitror
888 3373 921 3427 et
946 3384 1077 3428 monere
1096 3366 1198 3427 etiam
1226 3382 1262 3426 ac
1286 3360 1604 3444 muiu'praedicers,
1635 3361 1774 3435 levitate,

437 3458 599 3532 vanitate,
633 3459 752 3522 malitia
786 3458 948 3522 exclusam
982 3459 1213 3521 divinationem
1245 3458 1357 3542 probo.
1413 3456 1504 3530 Quae
1538 3475 1608 3519 cum
1640 3454 1775 3518 dixisset

438 3551 593 3629 Quintus,
617 3553 799 3616 «Praeclare
821 3562 854 3615 tu
878 3552 1027 3636 quidemn
1051 3552 1182 3636 inquam
1206 3560 1353 3635 sparatus
1377 3548 1431 3585 ³¹*
1448 3550 1467 3585 '⁸

504 3882 529 3931 l.
548 3881 766 3943 eodeincuoeat
785 3880 918 3943 eodemque
935 3876 1046 3929 BHVO
1072 3904 1104 3914 -
1130 3874 1359 3940 oequescaliger:
1386 3880 1463 3939 atque
1480 3876 1530 3926 CO
1556 3902 1583 3911 ·-
1610 3875 1635 3927 3.
1653 3891 1772 3929 curem.

438 3955 559 4008 Davisius
576 3970 608 4007 ex
625 3954 705 4007 codd.
719 3956 783 4005 dett.
800 3981 826 3991 -
847 3967 949 4015 unoque
964 3954 1103 4003 commosis
1119 3951 1214 4003 salisb.
1231 3980 1257 3989 -
1278 3953 1302 4002 l.
1321 3950 1356 3999 liii
1372 3952 1392 4001 B
1413 3978 1435 3987 -
1459 3952 1483 4000 e.
1499 3953 1596 4013 possim
1612 3952 1771 4005 Lambinus:

435 4034 574 4094 possuntc
600 4058 627 4068 —
655 4032 678 4081 6.
697 4031 822 4094 inquisti
848 4058 874 4066 -
899 4032 922 4079 8.
943 4034 1057 4093 quaestor
1075 4027 1105 4078 Α1
1126 4056 1151 4065 -
1175 4043 1206 4079 ne
1224 4027 1303 4077 codd.
1323 4027 1404 4076 dett:
1423 4028 1506 4078 accc
1533 4054 1558 4063 -
1585 4028 1609 4078 9.
1628 4040 1680 4078 nnn
1696 4029 1774 4080 liddon

437 4108 541 4167 deniare
564 4108 642 4157 scuni
666 4107 745 4157 codd.
773 4106 837 4156 dett.
865 4104 981 4168 aliquot:
1007 4118 1058 4153 nos
1080 4103 1112 4151 ob
1133 4105 1216 4153 eodem
1238 4104 1309 4152 sonci
1335 4103 1426 4163 [suncti
1449 4103 1469 4152 B
1493 4115 1562 4151 corr.
1582 4104 1608 4151 in
1626 4105 1715 4164 sonci)
1739 4106 1772 4163 C.

437 4196 487 4231 oon
504 4183 582 4231 tabeo
598 4183 653 4230 doio
671 4183 747 4231 nauci
769 4182 837 4231 coni.
859 4182 996 4236 Davisius;
1023 4179 1107 4228 verba
1133 4180 1193 4229 inite
1218 4178 1252 4228 ab
1283 4194 1352 4227 «noo
1369 4178 1464 4227 buteo»
1491 4180 1611 4229 numeris
1635 4178 1773 4229 includere

437 4259 511 4307 uario
529 4257 609 4307 modo
627 4258 675 4305 viri
693 4256 762 4306 docti
781 4259 951 4305 tentaverunt
971 4282 995 4289 -
1017 4254 1047 4302 io
1070 4256 1193 4318 isiacosss
1209 4281 1234 4289 —
1256 4255 1295 4303 ii.
1309 4254 1334 4301 lii
1351 4253 1403 4311 AV,
1423 4254 1457 4299 iii
1474 4253 1493 4302 B
1514 4278 1539 4287 -
1562 4252 1601 4302 ti.
1618 4253 1667 4303 Sed
1685 4257 1773 4304 utrum

438 4334 472 4382 sit
490 4333 563 4381 Ennii
581 4344 613 4380 an
633 4332 769 4382 Ciceronis
786 4330 899 4380 dubitari
919 4343 997 4394 posse
1016 4333 1089 4378 recte
1108 4331 1200 4378 monet
1218 4328 1336 4378 Ribbeck
1365 4355 1390 4363 —
1420 4328 1460 4378 46.
1479 4328 1553 4377 bisc
1576 4356 1601 4364 -
1628 4330 1774 4379 drachmam

439 4405 511 4465 13¹0,
534 4408 669 4470 draconem
687 4404 754 4464 ΒΝ,
778 4407 910 4455 draconem
926 4409 962 4462 Α;
987 4419 1011 4454 v.
1031 4405 1203 4455 ltitscbelium
1221 4407 1246 4453 in
1265 4417 1334 4453 mus.
1353 4405 1429 4453 rhen.
1450 4416 1519 4454 novo
1538 4405 1595 4463 Vll,
1609 4406 1658 4454 5³⁹
1676 4432 1709 4442 -
1733 4406 1772 4455 tii.

439 4482 601 4545 dantesie]
629 4482 700 4530 bunc
722 4495 831 4530 versum
852 4479 930 4530 obelo
953 4483 1054 4530 notavit
1076 4481 1211 4536 Ribbeck.
1235 4491 1400 4541 quemquam
1425 4479 1483 4528 tutis
1505 4481 1650 4529 commenti
1674 4478 1773 4529 nullum

439 4555 510 4608 aliud
528 4560 569 4605 est
586 4557 611 4605 in
630 4556 671 4605 his
688 4555 761 4606 libris
774 4557 912 4618 uestigium
927 4581 953 4589 -
973 4555 1138 4604 drachumam
1149 4554 1257 4605 AB¹V¹÷
1276 4556 1407 4602 dracmam
1421 4552 1459 4614 Ψ,
1479 4556 1612 4617 dracmam
1625 4550 1662 4610 θ’,
1682 4556 1774 4603 droci-

438 4644 508 4681 mom
525 4632 544 4680 0
559 4656 584 4665 -
604 4631 645 4679 20.
659 4632 806 4691 quidenoiue
824 4632 852 4679 B¹
874 4657 898 4665 -
919 4632 959 4680 si.
980 4629 1019 4693 oc]
1036 4630 1083 4679 linc
1101 4632 1119 4679 B
1139 4658 1165 4665 -
1186 4631 1226 4679 23.
1246 4630 1349 4678 smirna
1367 4630 1386 4678 0
1405 4643 1466 4678 cum
1479 4628 1603 4678 Turnebo
1621 4631 1646 4678 in
1659 4630 1771 4680 Advers.

439 4694 1771 4764 iffi-dldmmmmmmmnmmfflmmmmmmdqdmmmn

438 4792 512 4833 soris
533 4791 606 4829 mans
626 4794 718 4832 rursus
739 4794 857 4831 srrrrcrr
875 4792 972 4831 rucrrrr
992 4792 1066 4829 siner
1082 4794 1111 4831 ri.
1137 4794 1276 4831 rnrrcrrra.
1302 4782 1339 4840 Β,
1366 4783 1404 4830 Mi
1421 4791 1526 4829 runcina
1561 4781 1599 4829 De
1617 4781 1773 4828 divinatione

438 4855 502 4905 tiber
522 4868 541 4904 1.
564 4855 654 4916 explic.
678 4856 756 4917 locta.
776 4869 806 4906 rr.
826 4856 862 4916 ll,
888 4856 1025 4904 diruerit
1047 4870 1178 4908 cressonis
1199 4870 1234 4907 ns
1256 4858 1412 4906 diuinatione
1433 4854 1486 4906 cis.
1509 4870 1526 4905 r.
1551 4856 1691 4918 supliciter.
1717 4852 1768 4907 nic.

440 4942 514 4980 usura
530 4942 666 4981 secuunus.
688 4931 718 4979 V.
