<?xml version="1.0" encoding="UTF-8"?>
<!DOCTYPE html PUBLIC "-//W3C//DTD XHTML 1.0 Transitional//EN"
    "http://www.w3.org/TR/xhtml1/DTD/xhtml1-transitional.dtd">
<html xmlns="http://www.w3.org/1999/xhtml" xml:lang="en" lang="en">
 <head>
  <title>
</title>
<meta http-equiv="Content-Type" content="text/html;charset=utf-8" />
  <meta name='ocr-system' content='tesseract 3.04.00' />
  <meta name='ocr-capabilities' content='ocr_page ocr_carea ocr_par ocr_line ocrx_word'/>
</head>
<body>
  <div class='ocr_page' id='page_1' title='image "./operaquaesupers00halmgoog/operaquaesupers00halmgoog_0890.png"; bbox 0 0 4342 7459; ppageno 0'>
   <div class='ocr_carea' id='block_1_1' title="bbox 349 1179 1223 1290">
    <p class='ocr_par' dir='ltr' id='par_1_1' title="bbox 349 1179 1223 1290">
     <span class='ocr_line' id='line_1_1' title="bbox 349 1179 1223 1290; baseline -0.001 -2"><span class='ocrx_word' id='word_1_1' title='bbox 349 1179 357 1192; x_wconf 78' lang='grc'>’</span> <span class='ocrx_word' id='word_1_2' title='bbox 435 1219 499 1290; x_wconf 80' lang='lat' dir='ltr'><strong>stt</strong></span> <span class='ocrx_word' id='word_1_3' title='bbox 977 1225 1031 1290; x_wconf 83' lang='lat' dir='ltr'><strong>oe</strong></span> <span class='ocrx_word' id='word_1_4' title='bbox 1051 1223 1223 1290; x_wconf 77' lang='lat' dir='ltr'><strong>morsus</strong></span> 
     </span>
    </p>
   </div>
   <div class='ocr_carea' id='block_1_2' title="bbox 399 1381 1768 4097">
    <p class='ocr_par' dir='ltr' id='par_1_2' title="bbox 435 1381 1768 1750">
     <span class='ocr_line' id='line_1_2' title="bbox 521 1381 1767 1468; baseline -0.002 -18"><span class='ocrx_word' id='word_1_5' title='bbox 521 1385 608 1450; x_wconf 79' lang='lat' dir='ltr'>XXI.</span> <span class='ocrx_word' id='word_1_6' title='bbox 636 1385 699 1449; x_wconf 84' lang='lat' dir='ltr'><strong>An.</strong></span> <span class='ocrx_word' id='word_1_7' title='bbox 720 1385 805 1468; x_wconf 83' lang='lat' dir='ltr'><strong>llrgo</strong></span> <span class='ocrx_word' id='word_1_8' title='bbox 826 1383 996 1450; x_wconf 79' lang='lat' dir='ltr'><strong>adsentiris</strong></span> <span class='ocrx_word' id='word_1_9' title='bbox 1009 1383 1168 1450; x_wconf 88' lang='lat' dir='ltr'><strong>Antiocbo</strong></span> <span class='ocrx_word' id='word_1_10' title='bbox 1189 1382 1339 1448; x_wconf 77' lang='lat' dir='ltr'><strong>familiari</strong></span> <span class='ocrx_word' id='word_1_11' title='bbox 1359 1401 1433 1448; x_wconf 90' lang='lat' dir='ltr'><strong>meo</strong></span> <span class='ocrx_word' id='word_1_12' title='bbox 1446 1415 1489 1432; x_wconf 92' lang='lat'><strong>·-</strong></span> <span class='ocrx_word' id='word_1_13' title='bbox 1501 1381 1659 1467; x_wconf 56' lang='lat' dir='ltr'><strong>mapulam</strong></span> <span class='ocrx_word' id='word_1_14' title='bbox 1678 1381 1767 1448; x_wconf 79' lang='lat' dir='ltr'><strong>eain</strong></span> 
     </span>
     <span class='ocr_line' id='line_1_3' title="bbox 436 1475 1768 1564; baseline -0.003 -18"><span class='ocrx_word' id='word_1_15' title='bbox 436 1500 501 1546; x_wconf 89' lang='lat' dir='ltr'><strong>nou</strong></span> <span class='ocrx_word' id='word_1_16' title='bbox 520 1477 626 1544; x_wconf 90' lang='lat' dir='ltr'><strong>audeo</strong></span> <span class='ocrx_word' id='word_1_17' title='bbox 648 1477 754 1543; x_wconf 88' lang='lat' dir='ltr'><strong>dicere</strong></span> <span class='ocrx_word' id='word_1_18' title='bbox 768 1509 820 1555; x_wconf 94' lang='lat'><strong>-,</strong></span> <span class='ocrx_word' id='word_1_19' title='bbox 842 1497 981 1564; x_wconf 88' lang='lat' dir='ltr'><strong>quocum</strong></span> <span class='ocrx_word' id='word_1_20' title='bbox 1002 1478 1068 1543; x_wconf 82' lang='lat' dir='ltr'><strong>vixi</strong></span> <span class='ocrx_word' id='word_1_21' title='bbox 1089 1486 1123 1542; x_wconf 92' lang='lat' dir='ltr'><strong>et</strong></span> <span class='ocrx_word' id='word_1_22' title='bbox 1144 1478 1199 1561; x_wconf 92' lang='lat' dir='ltr'><strong>qui</strong></span> <span class='ocrx_word' id='word_1_23' title='bbox 1221 1498 1274 1542; x_wconf 93' lang='lat' dir='ltr'><strong>me</strong></span> <span class='ocrx_word' id='word_1_24' title='bbox 1294 1496 1337 1541; x_wconf 79' lang='lat' dir='ltr'><strong>ex</strong></span> <span class='ocrx_word' id='word_1_25' title='bbox 1356 1476 1473 1543; x_wconf 74' lang='lat' dir='ltr'><strong>normis</strong></span> <span class='ocrx_word' id='word_1_26' title='bbox 1494 1495 1598 1563; x_wconf 65' lang='lat' dir='ltr'><strong>meua</strong></span> <span class='ocrx_word' id='word_1_27' title='bbox 1610 1475 1768 1542; x_wconf 77' lang='lat' dir='ltr'><strong>convellit</strong></span> 
     </span>
     <span class='ocr_line' id='line_1_4' title="bbox 435 1569 1765 1656; baseline 0 -20"><span class='ocrx_word' id='word_1_28' title='bbox 435 1571 571 1637; x_wconf 82' lang='lat' dir='ltr'><strong>hortulis</strong></span> <span class='ocrx_word' id='word_1_29' title='bbox 598 1570 795 1656; x_wconf 81' lang='lat' dir='ltr'><strong>deduxitque</strong></span> <span class='ocrx_word' id='word_1_30' title='bbox 821 1573 854 1637; x_wconf 92' lang='lat' dir='ltr'><strong>iu</strong></span> <span class='ocrx_word' id='word_1_31' title='bbox 880 1573 1083 1637; x_wconf 80' lang='lat' dir='ltr'><strong>Academiam</strong></span> <span class='ocrx_word' id='word_1_32' title='bbox 1111 1570 1313 1656; x_wconf 78' lang='lat' dir='ltr'><strong>perpauculis</strong></span> <span class='ocrx_word' id='word_1_33' title='bbox 1340 1571 1499 1655; x_wconf 83' lang='lat' dir='ltr'><strong>passibus.</strong></span> <span class='ocrx_word' id='word_1_34' title='bbox 1546 1571 1593 1636; x_wconf 76' lang='grc' dir='ltr'><strong>Ι.</strong></span> <span class='ocrx_word' id='word_1_35' title='bbox 1617 1569 1679 1634; x_wconf 81' lang='lat' dir='ltr'><strong>Vir</strong></span> <span class='ocrx_word' id='word_1_36' title='bbox 1704 1569 1765 1636; x_wconf 78' lang='lat' dir='ltr'><strong>lose</strong></span> 
     </span>
     <span class='ocr_line' id='line_1_5' title="bbox 435 1663 1765 1750; baseline 0 -20"><span class='ocrx_word' id='word_1_37' title='bbox 435 1665 495 1731; x_wconf 84' lang='lat' dir='ltr'><strong>tuit</strong></span> <span class='ocrx_word' id='word_1_38' title='bbox 515 1665 571 1731; x_wconf 93' lang='lat' dir='ltr'><strong>ille</strong></span> <span class='ocrx_word' id='word_1_39' title='bbox 593 1664 724 1750; x_wconf 90' lang='lat' dir='ltr'><strong>quidem</strong></span> <span class='ocrx_word' id='word_1_40' title='bbox 745 1665 884 1749; x_wconf 83' lang='lat' dir='ltr'><strong>prodens</strong></span> <span class='ocrx_word' id='word_1_41' title='bbox 911 1673 944 1730; x_wconf 87' lang='lat' dir='ltr'><strong>et</strong></span> <span class='ocrx_word' id='word_1_42' title='bbox 968 1674 1080 1730; x_wconf 88' lang='lat' dir='ltr'><strong>acutus</strong></span> <span class='ocrx_word' id='word_1_43' title='bbox 1103 1673 1136 1729; x_wconf 90' lang='lat' dir='ltr'><strong>et</strong></span> <span class='ocrx_word' id='word_1_44' title='bbox 1155 1666 1191 1730; x_wconf 89' lang='lat' dir='ltr'><strong>in</strong></span> <span class='ocrx_word' id='word_1_45' title='bbox 1210 1683 1271 1728; x_wconf 89' lang='lat' dir='ltr'><strong>suo</strong></span> <span class='ocrx_word' id='word_1_46' title='bbox 1292 1683 1409 1748; x_wconf 85' lang='lat' dir='ltr'><strong>genere</strong></span> <span class='ocrx_word' id='word_1_47' title='bbox 1429 1663 1587 1748; x_wconf 71' lang='lat' dir='ltr'><strong>perform</strong></span> <span class='ocrx_word' id='word_1_48' title='bbox 1608 1663 1765 1749; x_wconf 76' lang='lat' dir='ltr'><strong>uniatque,</strong></span> 
     </span>
    </p>

    <p class='ocr_par' dir='ltr' id='par_1_3' title="bbox 399 1756 1767 4097">
     <span class='ocr_line' id='line_1_6' title="bbox 416 1756 1766 1843; baseline -0.001 -20"><span class='ocrx_word' id='word_1_49' title='bbox 416 1768 473 1824; x_wconf 83' lang='lat' dir='ltr'><strong>eut</strong></span> <span class='ocrx_word' id='word_1_50' title='bbox 492 1760 570 1834; x_wconf 85' lang='lat' dir='ltr'><strong>scia,</strong></span> <span class='ocrx_word' id='word_1_51' title='bbox 598 1757 779 1833; x_wconf 76' lang='lat' dir='ltr'><strong>familiam,</strong></span> <span class='ocrx_word' id='word_1_52' title='bbox 807 1759 886 1843; x_wconf 94' lang='lat' dir='ltr'><strong>quoi</strong></span> <span class='ocrx_word' id='word_1_53' title='bbox 913 1764 1019 1824; x_wconf 76' lang='lat' dir='ltr'><strong>tamm</strong></span> <span class='ocrx_word' id='word_1_54' title='bbox 1048 1778 1108 1842; x_wconf 90' lang='lat' dir='ltr'><strong>ego</strong></span> <span class='ocrx_word' id='word_1_55' title='bbox 1134 1756 1295 1822; x_wconf 77' lang='lat' dir='ltr'><strong>adsentiar</strong></span> <span class='ocrx_word' id='word_1_56' title='bbox 1323 1759 1359 1822; x_wconf 92' lang='lat' dir='ltr'><strong>iu</strong></span> <span class='ocrx_word' id='word_1_57' title='bbox 1386 1758 1534 1823; x_wconf 81' lang='lat' dir='ltr'><strong>omnibus</strong></span> <span class='ocrx_word' id='word_1_58' title='bbox 1560 1777 1666 1823; x_wconf 88' lang='lat' dir='ltr'><strong>neone</strong></span> <span class='ocrx_word' id='word_1_59' title='bbox 1686 1777 1766 1822; x_wconf 81' lang='grc' dir='ltr'><strong>ιοι</strong></span> 
     </span>
     <span class='ocr_line' id='line_1_7' title="bbox 435 1848 1765 1935; baseline -0.001 -16"><span class='ocrx_word' id='word_1_60' title='bbox 435 1852 564 1919; x_wconf 83' lang='lat' dir='ltr'><strong>videro:</strong></span> <span class='ocrx_word' id='word_1_61' title='bbox 584 1851 646 1918; x_wconf 88' lang='lat' dir='ltr'><strong>boc</strong></span> <span class='ocrx_word' id='word_1_62' title='bbox 666 1851 748 1927; x_wconf 83' lang='lat' dir='ltr'><strong>dico,</strong></span> <span class='ocrx_word' id='word_1_63' title='bbox 770 1853 1018 1918; x_wconf 83' lang='lat' dir='ltr'><strong>controversiam</strong></span> <span class='ocrx_word' id='word_1_64' title='bbox 1039 1861 1139 1917; x_wconf 88' lang='lat' dir='ltr'><strong>totam</strong></span> <span class='ocrx_word' id='word_1_65' title='bbox 1159 1852 1253 1916; x_wconf 85' lang='lat' dir='ltr'><strong>iatam</strong></span> <span class='ocrx_word' id='word_1_66' title='bbox 1271 1871 1366 1935; x_wconf 88' lang='lat' dir='ltr'><strong>posse</strong></span> <span class='ocrx_word' id='word_1_67' title='bbox 1381 1850 1496 1916; x_wconf 70' lang='lat' dir='ltr'><strong>oman.</strong></span> <span class='ocrx_word' id='word_1_68' title='bbox 1537 1848 1592 1915; x_wconf 79' lang='lat' dir='ltr'><strong>bb.</strong></span> <span class='ocrx_word' id='word_1_69' title='bbox 1611 1851 1678 1916; x_wconf 80' lang='lat' dir='ltr'><strong>An</strong></span> <span class='ocrx_word' id='word_1_70' title='bbox 1699 1851 1765 1929; x_wconf 81' lang='lat' dir='ltr'><strong>Qut</strong></span> 
     </span>
     <span class='ocr_line' id='line_1_8' title="bbox 434 1943 1764 2022; baseline -0.003 -10"><span class='ocrx_word' id='word_1_71' title='bbox 434 1947 516 2012; x_wconf 78' lang='lat' dir='ltr'><strong>intuo</strong></span> <span class='ocrx_word' id='word_1_72' title='bbox 537 1945 664 2012; x_wconf 67' lang='lat' dir='ltr'><strong>undem</strong></span> <span class='ocrx_word' id='word_1_73' title='bbox 687 1943 798 2010; x_wconf 77' lang='lat' dir='ltr'><strong>rideat</strong></span> <span class='ocrx_word' id='word_1_74' title='bbox 839 1947 883 2010; x_wconf 83' lang='lat' dir='ltr'><strong>Al.</strong></span> <span class='ocrx_word' id='word_1_75' title='bbox 913 1945 1013 2022; x_wconf 82' lang='lat' dir='ltr'><strong>Quia,</strong></span> <span class='ocrx_word' id='word_1_76' title='bbox 1033 1946 1078 2020; x_wconf 89' lang='lat' dir='ltr'><strong>si,</strong></span> <span class='ocrx_word' id='word_1_77' title='bbox 1099 1954 1137 2009; x_wconf 93' lang='lat' dir='ltr'><strong>ut</strong></span> <span class='ocrx_word' id='word_1_78' title='bbox 1157 1943 1254 2010; x_wconf 85' lang='lat' dir='ltr'><strong>Cbius</strong></span> <span class='ocrx_word' id='word_1_79' title='bbox 1275 1945 1381 2010; x_wconf 87' lang='lat' dir='ltr'><strong>Aristo</strong></span> <span class='ocrx_word' id='word_1_80' title='bbox 1410 1943 1493 2010; x_wconf 82' lang='lat' dir='ltr'><strong>dixit</strong></span> <span class='ocrx_word' id='word_1_81' title='bbox 1517 1944 1621 2012; x_wconf 83' lang='lat' dir='ltr'><strong>solum</strong></span> <span class='ocrx_word' id='word_1_82' title='bbox 1642 1946 1764 2010; x_wconf 61' lang='lat' dir='ltr'><strong>buum</strong></span> 
     </span>
     <span class='ocr_line' id='line_1_9' title="bbox 437 2037 1766 2124; baseline -0.002 -18"><span class='ocrx_word' id='word_1_83' title='bbox 437 2059 508 2106; x_wconf 84' lang='lat' dir='ltr'><strong>esse</strong></span> <span class='ocrx_word' id='word_1_84' title='bbox 530 2037 617 2123; x_wconf 88' lang='lat' dir='ltr'><strong>quod</strong></span> <span class='ocrx_word' id='word_1_85' title='bbox 638 2037 810 2104; x_wconf 89' lang='lat' dir='ltr'><strong>bouestum</strong></span> <span class='ocrx_word' id='word_1_86' title='bbox 831 2046 933 2114; x_wconf 87' lang='lat' dir='ltr'><strong>emet,</strong></span> <span class='ocrx_word' id='word_1_87' title='bbox 962 2039 1148 2123; x_wconf 74' lang='lat' dir='ltr'><strong>nodumque</strong></span> <span class='ocrx_word' id='word_1_88' title='bbox 1175 2040 1264 2123; x_wconf 92' lang='lat' dir='ltr'><strong>quod</strong></span> <span class='ocrx_word' id='word_1_89' title='bbox 1293 2048 1401 2124; x_wconf 90' lang='lat' dir='ltr'><strong>turpe,</strong></span> <span class='ocrx_word' id='word_1_90' title='bbox 1429 2047 1552 2104; x_wconf 85' lang='lat' dir='ltr'><strong>ceteras</strong></span> <span class='ocrx_word' id='word_1_91' title='bbox 1577 2060 1631 2106; x_wconf 85' lang='lat' dir='ltr'><strong>res</strong></span> <span class='ocrx_word' id='word_1_92' title='bbox 1659 2039 1766 2106; x_wconf 83' lang='lat' dir='ltr'><strong>omnis</strong></span> 
     </span>
     <span class='ocr_line' id='line_1_10' title="bbox 436 2132 1767 2219; baseline 0.001 -22"><span class='ocrx_word' id='word_1_93' title='bbox 436 2134 533 2219; x_wconf 89' lang='lat' dir='ltr'><strong>plane</strong></span> <span class='ocrx_word' id='word_1_94' title='bbox 560 2132 646 2216; x_wconf 87' lang='lat' dir='ltr'><strong>paris</strong></span> <span class='ocrx_word' id='word_1_95' title='bbox 674 2149 711 2196; x_wconf 86' lang='lat' dir='ltr'><strong>ac</strong></span> <span class='ocrx_word' id='word_1_96' title='bbox 737 2151 779 2198; x_wconf 90' lang='lat' dir='ltr'><strong>ne</strong></span> <span class='ocrx_word' id='word_1_97' title='bbox 801 2133 965 2198; x_wconf 89' lang='lat' dir='ltr'><strong>minimum</strong></span> <span class='ocrx_word' id='word_1_98' title='bbox 989 2133 1119 2217; x_wconf 91' lang='lat' dir='ltr'><strong>quidem</strong></span> <span class='ocrx_word' id='word_1_99' title='bbox 1140 2140 1246 2197; x_wconf 86' lang='lat' dir='ltr'><strong>utmm</strong></span> <span class='ocrx_word' id='word_1_100' title='bbox 1266 2132 1418 2197; x_wconf 85' lang='lat' dir='ltr'><strong>adessent</strong></span> <span class='ocrx_word' id='word_1_101' title='bbox 1435 2153 1479 2197; x_wconf 87' lang='lat' dir='ltr'><strong>an</strong></span> <span class='ocrx_word' id='word_1_102' title='bbox 1497 2133 1649 2200; x_wconf 76' lang='lat' dir='ltr'><strong>mount</strong></span> <span class='ocrx_word' id='word_1_103' title='bbox 1667 2135 1767 2200; x_wconf 78' lang='lat' dir='ltr'><strong>iales·-</strong></span> 
     </span>
     <span class='ocr_line' id='line_1_11' title="bbox 401 2225 1767 2304; baseline 0.003 -14"><span class='ocrx_word' id='word_1_104' title='bbox 401 2243 524 2304; x_wconf 83' lang='lat' dir='ltr'><strong>soesse,</strong></span> <span class='ocrx_word' id='word_1_105' title='bbox 552 2226 644 2292; x_wconf 81' lang='lat' dir='ltr'><strong>valde</strong></span> <span class='ocrx_word' id='word_1_106' title='bbox 664 2244 685 2290; x_wconf 91' lang='lat' dir='ltr'><strong>a</strong></span> <span class='ocrx_word' id='word_1_107' title='bbox 707 2227 888 2292; x_wconf 81' lang='lat' dir='ltr'><strong>Xenocrate</strong></span> <span class='ocrx_word' id='word_1_108' title='bbox 909 2235 942 2291; x_wconf 90' lang='lat' dir='ltr'><strong>et</strong></span> <span class='ocrx_word' id='word_1_109' title='bbox 962 2226 1132 2292; x_wconf 72' lang='lat' dir='ltr'>Aristotele</span> <span class='ocrx_word' id='word_1_110' title='bbox 1152 2235 1186 2291; x_wconf 90' lang='lat' dir='ltr'><strong>et</strong></span> <span class='ocrx_word' id='word_1_111' title='bbox 1206 2225 1247 2290; x_wconf 85' lang='lat' dir='ltr'><strong>ab</strong></span> <span class='ocrx_word' id='word_1_112' title='bbox 1268 2226 1324 2291; x_wconf 85' lang='lat' dir='ltr'><strong>ille</strong></span> <span class='ocrx_word' id='word_1_113' title='bbox 1345 2227 1487 2292; x_wconf 82' lang='lat' dir='ltr'><strong>Platonis</strong></span> <span class='ocrx_word' id='word_1_114' title='bbox 1506 2225 1626 2292; x_wconf 77' lang='lat' dir='ltr'><strong>familia</strong></span> <span class='ocrx_word' id='word_1_115' title='bbox 1647 2227 1767 2294; x_wconf 84' lang='lat' dir='ltr'><strong>discre-</strong></span> 
     </span>
     <span class='ocr_line' id='line_1_12' title="bbox 437 2319 1766 2409; baseline -0.003 -21"><span class='ocrx_word' id='word_1_116' title='bbox 437 2331 529 2409; x_wconf 83' lang='lat' dir='ltr'><strong>paret</strong></span> <span class='ocrx_word' id='word_1_117' title='bbox 553 2331 581 2388; x_wconf 85' lang='lat' dir='ltr'><strong>et</strong></span> <span class='ocrx_word' id='word_1_118' title='bbox 608 2327 693 2386; x_wconf 85' lang='lat' dir='ltr'><strong>esset</strong></span> <span class='ocrx_word' id='word_1_119' title='bbox 719 2321 804 2386; x_wconf 88' lang='lat' dir='ltr'><strong>iuter</strong></span> <span class='ocrx_word' id='word_1_120' title='bbox 825 2340 881 2385; x_wconf 89' lang='lat' dir='ltr'><strong>eos</strong></span> <span class='ocrx_word' id='word_1_121' title='bbox 903 2322 944 2387; x_wconf 89' lang='lat' dir='ltr'><strong>de</strong></span> <span class='ocrx_word' id='word_1_122' title='bbox 965 2341 1000 2387; x_wconf 87' lang='lat' dir='ltr'><strong>re</strong></span> <span class='ocrx_word' id='word_1_123' title='bbox 1020 2322 1160 2385; x_wconf 80' lang='lat' dir='ltr'><strong>maxima</strong></span> <span class='ocrx_word' id='word_1_124' title='bbox 1180 2328 1213 2385; x_wconf 88' lang='lat' dir='ltr'><strong>et</strong></span> <span class='ocrx_word' id='word_1_125' title='bbox 1233 2320 1275 2385; x_wconf 90' lang='lat' dir='ltr'><strong>de</strong></span> <span class='ocrx_word' id='word_1_126' title='bbox 1296 2323 1382 2386; x_wconf 92' lang='lat' dir='ltr'><strong>omui</strong></span> <span class='ocrx_word' id='word_1_127' title='bbox 1403 2319 1531 2385; x_wconf 83' lang='lat' dir='ltr'><strong>vivendi</strong></span> <span class='ocrx_word' id='word_1_128' title='bbox 1552 2323 1680 2386; x_wconf 73' lang='lat' dir='ltr'><strong>atinae</strong></span> <span class='ocrx_word' id='word_1_129' title='bbox 1701 2319 1766 2384; x_wconf 82' lang='lat' dir='ltr'><strong>dia·</strong></span> 
     </span>
     <span class='ocr_line' id='line_1_13' title="bbox 438 2416 1767 2502; baseline 0 -20"><span class='ocrx_word' id='word_1_130' title='bbox 438 2417 560 2482; x_wconf 72' lang='lat' dir='ltr'><strong>tensior</strong></span> <span class='ocrx_word' id='word_1_131' title='bbox 592 2433 677 2478; x_wconf 89' lang='lat' dir='ltr'><strong>nuuc</strong></span> <span class='ocrx_word' id='word_1_132' title='bbox 705 2433 797 2490; x_wconf 88' lang='lat' dir='ltr'><strong>vero,</strong></span> <span class='ocrx_word' id='word_1_133' title='bbox 829 2434 927 2498; x_wconf 90' lang='lat' dir='ltr'><strong>quom</strong></span> <span class='ocrx_word' id='word_1_134' title='bbox 956 2416 1070 2494; x_wconf 87' lang='lat' dir='ltr'><strong>decus,</strong></span> <span class='ocrx_word' id='word_1_135' title='bbox 1097 2418 1183 2502; x_wconf 91' lang='lat' dir='ltr'><strong>quod</strong></span> <span class='ocrx_word' id='word_1_136' title='bbox 1211 2417 1334 2502; x_wconf 88' lang='lat' dir='ltr'><strong>antiqui</strong></span> <span class='ocrx_word' id='word_1_137' title='bbox 1360 2438 1518 2483; x_wconf 89' lang='lat' dir='ltr'><strong>summum</strong></span> <span class='ocrx_word' id='word_1_138' title='bbox 1544 2417 1667 2482; x_wconf 88' lang='lat' dir='ltr'><strong>bonnm</strong></span> <span class='ocrx_word' id='word_1_139' title='bbox 1694 2435 1767 2482; x_wconf 86' lang='lat' dir='ltr'><strong>essa</strong></span> 
     </span>
     <span class='ocr_line' id='line_1_14' title="bbox 437 2507 1767 2595; baseline 0.002 -22"><span class='ocrx_word' id='word_1_140' title='bbox 437 2509 594 2585; x_wconf 82' lang='lat' dir='ltr'><strong>dixerant,</strong></span> <span class='ocrx_word' id='word_1_141' title='bbox 615 2507 667 2572; x_wconf 90' lang='lat' dir='ltr'><strong>bic</strong></span> <span class='ocrx_word' id='word_1_142' title='bbox 688 2507 793 2573; x_wconf 84' lang='lat' dir='ltr'><strong>solum</strong></span> <span class='ocrx_word' id='word_1_143' title='bbox 814 2509 934 2574; x_wconf 89' lang='lat' dir='ltr'><strong>bouum</strong></span> <span class='ocrx_word' id='word_1_144' title='bbox 955 2509 1050 2587; x_wconf 85' lang='lat' dir='ltr'><strong>dicat,</strong></span> <span class='ocrx_word' id='word_1_145' title='bbox 1072 2513 1213 2595; x_wconf 80' lang='lat' dir='ltr'><strong>itemque</strong></span> <span class='ocrx_word' id='word_1_146' title='bbox 1234 2511 1374 2577; x_wconf 86' lang='lat' dir='ltr'><strong>dedecus</strong></span> <span class='ocrx_word' id='word_1_147' title='bbox 1394 2512 1443 2575; x_wconf 92' lang='lat' dir='ltr'><strong>illi</strong></span> <span class='ocrx_word' id='word_1_148' title='bbox 1461 2531 1618 2576; x_wconf 75' lang='lat' dir='ltr'><strong>mmmmm</strong></span> <span class='ocrx_word' id='word_1_149' title='bbox 1635 2511 1767 2586; x_wconf 69' lang='lat' dir='ltr'><strong>ndum,</strong></span> 
     </span>
     <span class='ocr_line' id='line_1_15' title="bbox 437 2599 1766 2690; baseline 0.002 -22"><span class='ocrx_word' id='word_1_150' title='bbox 437 2601 490 2668; x_wconf 88' lang='lat' dir='ltr'><strong>bic</strong></span> <span class='ocrx_word' id='word_1_151' title='bbox 511 2602 625 2678; x_wconf 83' lang='lat' dir='ltr'><strong>solum,</strong></span> <span class='ocrx_word' id='word_1_152' title='bbox 646 2599 785 2678; x_wconf 82' lang='lat' dir='ltr'><strong>divitias,</strong></span> <span class='ocrx_word' id='word_1_153' title='bbox 802 2603 1026 2680; x_wconf 82' lang='lat' dir='ltr'><strong>valetudinem,</strong></span> <span class='ocrx_word' id='word_1_154' title='bbox 1049 2605 1318 2690; x_wconf 81' lang='lat' dir='ltr'><strong>pulchritudinem</strong></span> <span class='ocrx_word' id='word_1_155' title='bbox 1339 2606 1521 2671; x_wconf 84' lang='lat' dir='ltr'><strong>commodas</strong></span> <span class='ocrx_word' id='word_1_156' title='bbox 1541 2623 1594 2668; x_wconf 86' lang='lat' dir='ltr'><strong>res</strong></span> <span class='ocrx_word' id='word_1_157' title='bbox 1613 2603 1766 2689; x_wconf 84' lang='lat' dir='ltr'><strong>appellet.</strong></span> 
     </span>
     <span class='ocr_line' id='line_1_16' title="bbox 400 2695 1767 2778; baseline 0.003 -19"><span class='ocrx_word' id='word_1_158' title='bbox 400 2712 502 2761; x_wconf 81' lang='lat' dir='ltr'><strong>senon</strong></span> <span class='ocrx_word' id='word_1_159' title='bbox 523 2695 639 2770; x_wconf 84' lang='lat' dir='ltr'><strong>bones,</strong></span> <span class='ocrx_word' id='word_1_160' title='bbox 660 2705 893 2778; x_wconf 73' lang='lat' dir='ltr'><strong>paupertatem,</strong></span> <span class='ocrx_word' id='word_1_161' title='bbox 916 2696 1128 2775; x_wconf 80' lang='lat' dir='ltr'><strong>debilitatem,</strong></span> <span class='ocrx_word' id='word_1_162' title='bbox 1150 2699 1290 2764; x_wconf 89' lang='lat' dir='ltr'><strong>dolorem</strong></span> <span class='ocrx_word' id='word_1_163' title='bbox 1311 2697 1541 2774; x_wconf 83' lang='lat' dir='ltr'><strong>incommodae,</strong></span> <span class='ocrx_word' id='word_1_164' title='bbox 1563 2717 1629 2763; x_wconf 86' lang='lat' dir='ltr'><strong>nnn</strong></span> <span class='ocrx_word' id='word_1_165' title='bbox 1654 2697 1767 2772; x_wconf 82' lang='lat' dir='ltr'><strong>malas.</strong></span> 
     </span>
     <span class='ocr_line' id='line_1_17' title="bbox 437 2788 1766 2876; baseline 0.002 -22"><span class='ocrx_word' id='word_1_166' title='bbox 437 2791 535 2854; x_wconf 88' lang='lat' dir='ltr'><strong>sentit</strong></span> <span class='ocrx_word' id='word_1_167' title='bbox 554 2788 640 2853; x_wconf 92' lang='lat' dir='ltr'><strong>idem</strong></span> <span class='ocrx_word' id='word_1_168' title='bbox 661 2789 749 2874; x_wconf 93' lang='lat' dir='ltr'><strong>quod</strong></span> <span class='ocrx_word' id='word_1_169' title='bbox 771 2791 976 2866; x_wconf 81' lang='lat' dir='ltr'><strong>Xenocrates,</strong></span> <span class='ocrx_word' id='word_1_170' title='bbox 998 2793 1087 2876; x_wconf 93' lang='lat' dir='ltr'><strong>quod</strong></span> <span class='ocrx_word' id='word_1_171' title='bbox 1109 2793 1306 2869; x_wconf 84' lang='lat' dir='ltr'><strong>Aristotcles,</strong></span> <span class='ocrx_word' id='word_1_172' title='bbox 1327 2792 1471 2876; x_wconf 90' lang='lat' dir='ltr'><strong>loquitur</strong></span> <span class='ocrx_word' id='word_1_173' title='bbox 1489 2791 1554 2856; x_wconf 90' lang='lat' dir='ltr'><strong>alio</strong></span> <span class='ocrx_word' id='word_1_174' title='bbox 1575 2789 1686 2856; x_wconf 71' lang='grc' dir='ltr'><strong>ιοοάο.</strong></span> <span class='ocrx_word' id='word_1_175' title='bbox 1716 2791 1766 2856; x_wconf 80' lang='lat' dir='ltr'><strong>lla</strong></span> 
     </span>
     <span class='ocr_line' id='line_1_18' title="bbox 436 2883 1766 2960; baseline 0.002 -12"><span class='ocrx_word' id='word_1_176' title='bbox 436 2883 497 2948; x_wconf 91' lang='lat' dir='ltr'><strong>bac</strong></span> <span class='ocrx_word' id='word_1_177' title='bbox 517 2890 624 2947; x_wconf 84' lang='lat' dir='ltr'><strong>autem</strong></span> <span class='ocrx_word' id='word_1_178' title='bbox 646 2902 712 2947; x_wconf 92' lang='lat' dir='ltr'><strong>uon</strong></span> <span class='ocrx_word' id='word_1_179' title='bbox 732 2903 847 2960; x_wconf 88' lang='lat' dir='ltr'><strong>rernm,</strong></span> <span class='ocrx_word' id='word_1_180' title='bbox 870 2886 928 2950; x_wconf 91' lang='lat' dir='ltr'><strong>sed</strong></span> <span class='ocrx_word' id='word_1_181' title='bbox 949 2887 1116 2952; x_wconf 85' lang='lat' dir='ltr'><strong>verborum</strong></span> <span class='ocrx_word' id='word_1_182' title='bbox 1138 2886 1296 2952; x_wconf 90' lang='lat' dir='ltr'><strong>discordia</strong></span> <span class='ocrx_word' id='word_1_183' title='bbox 1316 2885 1533 2950; x_wconf 79' lang='lat' dir='ltr'><strong>neumanensis</strong></span> <span class='ocrx_word' id='word_1_184' title='bbox 1553 2892 1606 2950; x_wconf 83' lang='lat' dir='ltr'><strong>est</strong></span> <span class='ocrx_word' id='word_1_185' title='bbox 1625 2891 1703 2950; x_wconf 81' lang='lat' dir='ltr'><strong>nata</strong></span> <span class='ocrx_word' id='word_1_186' title='bbox 1723 2883 1766 2950; x_wconf 89' lang='lat' dir='ltr'><strong>de</strong></span> 
     </span>
     <span class='ocr_line' id='line_1_19' title="bbox 437 2973 1765 3066; baseline 0 -24"><span class='ocrx_word' id='word_1_187' title='bbox 437 2973 570 3042; x_wconf 84' lang='lat' dir='ltr'><strong>fluibus:</strong></span> <span class='ocrx_word' id='word_1_188' title='bbox 605 2977 639 3040; x_wconf 87' lang='lat' dir='ltr'><strong>in</strong></span> <span class='ocrx_word' id='word_1_189' title='bbox 661 2996 741 3064; x_wconf 90' lang='lat' dir='ltr'><strong>qus,</strong></span> <span class='ocrx_word' id='word_1_190' title='bbox 764 2979 916 3063; x_wconf 85' lang='lat' dir='ltr'><strong>quoniam</strong></span> <span class='ocrx_word' id='word_1_191' title='bbox 937 2999 1015 3044; x_wconf 88' lang='lat' dir='ltr'><strong>usus</strong></span> <span class='ocrx_word' id='word_1_192' title='bbox 1037 2984 1202 3066; x_wconf 82' lang='lat' dir='ltr'><strong>cepionem</strong></span> <span class='ocrx_word' id='word_1_193' title='bbox 1224 2980 1392 3045; x_wconf 76' lang='lat' dir='ltr'><strong>duodecim</strong></span> <span class='ocrx_word' id='word_1_194' title='bbox 1414 2979 1541 3044; x_wconf 80' lang='lat' dir='ltr'><strong>tabulae</strong></span> <span class='ocrx_word' id='word_1_195' title='bbox 1562 2979 1648 3044; x_wconf 82' lang='lat' dir='ltr'><strong>intra</strong></span> <span class='ocrx_word' id='word_1_196' title='bbox 1669 2978 1765 3063; x_wconf 88' lang='lat' dir='ltr'><strong>quiu-</strong></span> 
     </span>
     <span class='ocr_line' id='line_1_20' title="bbox 437 3069 1767 3159; baseline -0.001 -22"><span class='ocrx_word' id='word_1_197' title='bbox 437 3092 502 3159; x_wconf 89' lang='lat' dir='ltr'><strong>que</strong></span> <span class='ocrx_word' id='word_1_198' title='bbox 523 3069 623 3156; x_wconf 81' lang='lat' dir='ltr'><strong>pedes</strong></span> <span class='ocrx_word' id='word_1_199' title='bbox 644 3090 715 3136; x_wconf 81' lang='lat' dir='ltr'><strong>esse</strong></span> <span class='ocrx_word' id='word_1_200' title='bbox 736 3072 923 3147; x_wconf 87' lang='lat' dir='ltr'><strong>noluerunt,</strong></span> <span class='ocrx_word' id='word_1_201' title='bbox 949 3073 1087 3158; x_wconf 83' lang='lat' dir='ltr'><strong>depasci</strong></span> <span class='ocrx_word' id='word_1_202' title='bbox 1100 3084 1241 3139; x_wconf 89' lang='lat' dir='ltr'><strong>veterem</strong></span> <span class='ocrx_word' id='word_1_203' title='bbox 1263 3075 1498 3157; x_wconf 83' lang='lat' dir='ltr'><strong>pomereionem</strong></span> <span class='ocrx_word' id='word_1_204' title='bbox 1519 3072 1705 3139; x_wconf 83' lang='lat' dir='ltr'><strong>academiae</strong></span> <span class='ocrx_word' id='word_1_205' title='bbox 1725 3072 1767 3136; x_wconf 85' lang='lat' dir='ltr'><strong>ab</strong></span> 
     </span>
     <span class='ocr_line' id='line_1_21' title="bbox 399 3163 1765 3250; baseline 0 -19"><span class='ocrx_word' id='word_1_206' title='bbox 399 3163 497 3231; x_wconf 78' lang='lat' dir='ltr'><strong>roboc</strong></span> <span class='ocrx_word' id='word_1_207' title='bbox 524 3173 618 3232; x_wconf 84' lang='lat' dir='ltr'><strong>acuto</strong></span> <span class='ocrx_word' id='word_1_208' title='bbox 646 3165 774 3231; x_wconf 91' lang='lat' dir='ltr'><strong>bomine</strong></span> <span class='ocrx_word' id='word_1_209' title='bbox 802 3186 866 3230; x_wconf 90' lang='lat' dir='ltr'><strong>uon</strong></span> <span class='ocrx_word' id='word_1_210' title='bbox 896 3168 1056 3243; x_wconf 89' lang='lat' dir='ltr'><strong>sinemus,</strong></span> <span class='ocrx_word' id='word_1_211' title='bbox 1084 3188 1143 3234; x_wconf 89' lang='lat' dir='ltr'><strong>nec</strong></span> <span class='ocrx_word' id='word_1_212' title='bbox 1165 3168 1304 3233; x_wconf 82' lang='lat' dir='ltr'><strong>Mamilia</strong></span> <span class='ocrx_word' id='word_1_213' title='bbox 1325 3169 1397 3250; x_wconf 87' lang='lat' dir='ltr'><strong>lege</strong></span> <span class='ocrx_word' id='word_1_214' title='bbox 1417 3166 1552 3250; x_wconf 88' lang='lat' dir='ltr'><strong>singuli,</strong></span> <span class='ocrx_word' id='word_1_215' title='bbox 1582 3165 1642 3231; x_wconf 87' lang='lat' dir='ltr'><strong>sed</strong></span> <span class='ocrx_word' id='word_1_216' title='bbox 1669 3188 1689 3231; x_wconf 95' lang='lat' dir='ltr'><strong>e</strong></span> <span class='ocrx_word' id='word_1_217' title='bbox 1717 3185 1765 3231; x_wconf 77' lang='grc' dir='ltr'><strong>ιιι</strong></span> 
     </span>
     <span class='ocr_line' id='line_1_22' title="bbox 437 3255 1766 3344; baseline -0.002 -18"><span class='ocrx_word' id='word_1_218' title='bbox 437 3267 501 3326; x_wconf 87' lang='lat' dir='ltr'><strong>tres</strong></span> <span class='ocrx_word' id='word_1_219' title='bbox 522 3258 634 3324; x_wconf 76' lang='lat' dir='ltr'><strong>arbitri</strong></span> <span class='ocrx_word' id='word_1_220' title='bbox 655 3255 726 3325; x_wconf 85' lang='lat' dir='ltr'><strong>finis</strong></span> <span class='ocrx_word' id='word_1_221' title='bbox 747 3279 904 3344; x_wconf 57' lang='lat' dir='ltr'><strong>remmus.</strong></span> <span class='ocrx_word' id='word_1_222' title='bbox 940 3258 992 3326; x_wconf 84' lang='grc'><strong>56.</strong></span> <span class='ocrx_word' id='word_1_223' title='bbox 1015 3263 1053 3341; x_wconf 88' lang='lat' dir='ltr'><strong>Q.</strong></span> <span class='ocrx_word' id='word_1_224' title='bbox 1076 3262 1253 3339; x_wconf 78' lang='lat' dir='ltr'><strong>Quamnam</strong></span> <span class='ocrx_word' id='word_1_225' title='bbox 1275 3261 1372 3344; x_wconf 84' lang='lat' dir='ltr'><strong>igitur</strong></span> <span class='ocrx_word' id='word_1_226' title='bbox 1391 3260 1581 3325; x_wconf 85' lang='lat' dir='ltr'><strong>seutentiam</strong></span> <span class='ocrx_word' id='word_1_227' title='bbox 1605 3260 1766 3325; x_wconf 82' lang='lat' dir='ltr'><strong>dicimusl</strong></span> 
     </span>
     <span class='ocr_line' id='line_1_23' title="bbox 436 3353 1765 3442; baseline 0 -24"><span class='ocrx_word' id='word_1_228' title='bbox 436 3355 481 3418; x_wconf 81' lang='grc' dir='ltr'><strong>Μ.</strong></span> <span class='ocrx_word' id='word_1_229' title='bbox 513 3354 645 3438; x_wconf 88' lang='lat' dir='ltr'><strong>llequiri</strong></span> <span class='ocrx_word' id='word_1_230' title='bbox 675 3354 801 3438; x_wconf 86' lang='lat' dir='ltr'><strong>placere</strong></span> <span class='ocrx_word' id='word_1_231' title='bbox 829 3355 998 3430; x_wconf 88' lang='lat' dir='ltr'><strong>terminos,</strong></span> <span class='ocrx_word' id='word_1_232' title='bbox 1032 3377 1112 3442; x_wconf 86' lang='lat' dir='ltr'><strong>quos</strong></span> <span class='ocrx_word' id='word_1_233' title='bbox 1143 3357 1291 3420; x_wconf 84' lang='lat' dir='ltr'><strong>Socrates</strong></span> <span class='ocrx_word' id='word_1_234' title='bbox 1319 3355 1463 3440; x_wconf 88' lang='lat' dir='ltr'><strong>pegerit,</strong></span> <span class='ocrx_word' id='word_1_235' title='bbox 1495 3353 1601 3438; x_wconf 87' lang='lat' dir='ltr'><strong>iisque</strong></span> <span class='ocrx_word' id='word_1_236' title='bbox 1638 3373 1765 3437; x_wconf 78' lang='lat' dir='ltr'><strong>parere.</strong></span> 
     </span>
     <span class='ocr_line' id='line_1_24' title="bbox 440 3446 1765 3533; baseline 0 -23"><span class='ocrx_word' id='word_1_237' title='bbox 440 3447 478 3526; x_wconf 83' lang='lat' dir='ltr'><strong>Q.</strong></span> <span class='ocrx_word' id='word_1_238' title='bbox 508 3446 690 3522; x_wconf 83' lang='lat' dir='ltr'><strong>Praeclare,</strong></span> <span class='ocrx_word' id='word_1_239' title='bbox 718 3447 833 3524; x_wconf 82' lang='lat' dir='ltr'><strong>irater,</strong></span> <span class='ocrx_word' id='word_1_240' title='bbox 860 3448 923 3513; x_wconf 88' lang='lat' dir='ltr'><strong>iam</strong></span> <span class='ocrx_word' id='word_1_241' title='bbox 952 3469 1036 3512; x_wconf 91' lang='lat' dir='ltr'><strong>nuuc</strong></span> <span class='ocrx_word' id='word_1_242' title='bbox 1062 3470 1080 3513; x_wconf 88' lang='lat' dir='ltr'><strong>a</strong></span> <span class='ocrx_word' id='word_1_243' title='bbox 1108 3459 1140 3514; x_wconf 91' lang='lat' dir='ltr'><strong>te</strong></span> <span class='ocrx_word' id='word_1_244' title='bbox 1168 3450 1264 3514; x_wconf 90' lang='lat' dir='ltr'><strong>verba</strong></span> <span class='ocrx_word' id='word_1_245' title='bbox 1289 3457 1482 3533; x_wconf 68' lang='lat' dir='ltr'><strong>usurpantur</strong></span> <span class='ocrx_word' id='word_1_246' title='bbox 1502 3447 1607 3512; x_wconf 83' lang='lat' dir='ltr'><strong>civilis</strong></span> <span class='ocrx_word' id='word_1_247' title='bbox 1628 3447 1710 3512; x_wconf 86' lang='lat' dir='ltr'><strong>iuris</strong></span> <span class='ocrx_word' id='word_1_248' title='bbox 1731 3454 1765 3510; x_wconf 87' lang='lat' dir='ltr'><strong>et</strong></span> 
     </span>
     <span class='ocr_line' id='line_1_25' title="bbox 438 3539 1767 3629; baseline -0.001 -24"><span class='ocrx_word' id='word_1_249' title='bbox 438 3542 561 3625; x_wconf 91' lang='lat' dir='ltr'><strong>legum,</strong></span> <span class='ocrx_word' id='word_1_250' title='bbox 589 3559 654 3624; x_wconf 92' lang='lat' dir='ltr'><strong>quo</strong></span> <span class='ocrx_word' id='word_1_251' title='bbox 677 3542 717 3606; x_wconf 93' lang='lat' dir='ltr'><strong>de</strong></span> <span class='ocrx_word' id='word_1_252' title='bbox 738 3561 854 3625; x_wconf 70' lang='lat' dir='ltr'><strong>geum</strong></span> <span class='ocrx_word' id='word_1_253' title='bbox 875 3550 1028 3626; x_wconf 83' lang='lat' dir='ltr'><strong>exspecto</strong></span> <span class='ocrx_word' id='word_1_254' title='bbox 1050 3542 1297 3629; x_wconf 72' lang='lat' dir='ltr'><strong>disputationum</strong></span> <span class='ocrx_word' id='word_1_255' title='bbox 1319 3551 1421 3619; x_wconf 79' lang='lat' dir='ltr'><strong>tuam3</strong></span> <span class='ocrx_word' id='word_1_256' title='bbox 1449 3559 1523 3604; x_wconf 90' lang='lat' dir='ltr'><strong>uam</strong></span> <span class='ocrx_word' id='word_1_257' title='bbox 1550 3541 1613 3604; x_wconf 84' lang='lat' dir='ltr'><strong>ista</strong></span> <span class='ocrx_word' id='word_1_258' title='bbox 1633 3539 1767 3625; x_wconf 91' lang='lat' dir='ltr'><strong>quidem</strong></span> 
     </span>
     <span class='ocr_line' id='line_1_26' title="bbox 401 3633 1766 3720; baseline -0.001 -20"><span class='ocrx_word' id='word_1_259' title='bbox 401 3653 552 3717; x_wconf 73' lang='lat' dir='ltr'><strong>lomagna</strong></span> <span class='ocrx_word' id='word_1_260' title='bbox 574 3633 758 3698; x_wconf 84' lang='lat' dir='ltr'><strong>diiudicatio</strong></span> <span class='ocrx_word' id='word_1_261' title='bbox 781 3643 846 3709; x_wconf 90' lang='lat' dir='ltr'><strong>est,</strong></span> <span class='ocrx_word' id='word_1_262' title='bbox 868 3645 905 3700; x_wconf 93' lang='lat' dir='ltr'><strong>ut</strong></span> <span class='ocrx_word' id='word_1_263' title='bbox 925 3655 967 3700; x_wconf 82' lang='lat' dir='ltr'><strong>ex</strong></span> <span class='ocrx_word' id='word_1_264' title='bbox 988 3646 1019 3700; x_wconf 91' lang='lat' dir='ltr'><strong>te</strong></span> <span class='ocrx_word' id='word_1_265' title='bbox 1040 3638 1112 3720; x_wconf 91' lang='lat' dir='ltr'><strong>ipso</strong></span> <span class='ocrx_word' id='word_1_266' title='bbox 1134 3656 1230 3720; x_wconf 86' lang='lat' dir='ltr'><strong>saepe</strong></span> <span class='ocrx_word' id='word_1_267' title='bbox 1252 3637 1395 3719; x_wconf 86' lang='lat' dir='ltr'><strong>cognovi.</strong></span> <span class='ocrx_word' id='word_1_268' title='bbox 1439 3633 1515 3714; x_wconf 85' lang='lat' dir='ltr'><strong>[Sed</strong></span> <span class='ocrx_word' id='word_1_269' title='bbox 1537 3643 1624 3700; x_wconf 88' lang='lat' dir='ltr'><strong>certe</strong></span> <span class='ocrx_word' id='word_1_270' title='bbox 1646 3637 1694 3700; x_wconf 86' lang='lat' dir='ltr'><strong>ita</strong></span> <span class='ocrx_word' id='word_1_271' title='bbox 1714 3653 1766 3698; x_wconf 85' lang='lat' dir='ltr'><strong>res</strong></span> 
     </span>
     <span class='ocr_line' id='line_1_27' title="bbox 440 3725 1766 3806; baseline 0.002 -15"><span class='ocrx_word' id='word_1_272' title='bbox 440 3747 475 3791; x_wconf 90' lang='lat' dir='ltr'><strong>se</strong></span> <span class='ocrx_word' id='word_1_273' title='bbox 495 3725 606 3802; x_wconf 88' lang='lat' dir='ltr'><strong>babet,</strong></span> <span class='ocrx_word' id='word_1_274' title='bbox 633 3735 668 3791; x_wconf 92' lang='lat' dir='ltr'><strong>ut</strong></span> <span class='ocrx_word' id='word_1_275' title='bbox 689 3747 731 3791; x_wconf 82' lang='lat' dir='ltr'><strong>ex</strong></span> <span class='ocrx_word' id='word_1_276' title='bbox 752 3737 864 3793; x_wconf 90' lang='lat' dir='ltr'><strong>natura</strong></span> <span class='ocrx_word' id='word_1_277' title='bbox 887 3730 992 3796; x_wconf 88' lang='lat' dir='ltr'><strong>vivere</strong></span> <span class='ocrx_word' id='word_1_278' title='bbox 1013 3751 1170 3794; x_wconf 88' lang='lat' dir='ltr'><strong>summum</strong></span> <span class='ocrx_word' id='word_1_279' title='bbox 1191 3729 1311 3794; x_wconf 91' lang='lat' dir='ltr'><strong>bonum</strong></span> <span class='ocrx_word' id='word_1_280' title='bbox 1331 3731 1390 3806; x_wconf 89' lang='lat' dir='ltr'><strong>sit,</strong></span> <span class='ocrx_word' id='word_1_281' title='bbox 1411 3729 1446 3794; x_wconf 93' lang='lat' dir='ltr'><strong>id</strong></span> <span class='ocrx_word' id='word_1_282' title='bbox 1467 3738 1531 3803; x_wconf 83' lang='lat' dir='ltr'><strong>est,</strong></span> <span class='ocrx_word' id='word_1_283' title='bbox 1553 3727 1619 3792; x_wconf 83' lang='lat' dir='ltr'><strong>rita</strong></span> <span class='ocrx_word' id='word_1_284' title='bbox 1639 3727 1766 3793; x_wconf 84' lang='lat' dir='ltr'><strong>modica</strong></span> 
     </span>
     <span class='ocr_line' id='line_1_28' title="bbox 441 3819 1766 3908; baseline 0 -23"><span class='ocrx_word' id='word_1_285' title='bbox 441 3828 474 3885; x_wconf 89' lang='lat' dir='ltr'><strong>et</strong></span> <span class='ocrx_word' id='word_1_286' title='bbox 493 3828 566 3903; x_wconf 83' lang='lat' dir='ltr'><strong>apta</strong></span> <span class='ocrx_word' id='word_1_287' title='bbox 587 3819 702 3884; x_wconf 84' lang='lat' dir='ltr'><strong>virtum</strong></span> <span class='ocrx_word' id='word_1_288' title='bbox 723 3821 861 3906; x_wconf 81' lang='lat' dir='ltr'><strong>pertrui,</strong></span> <span class='ocrx_word' id='word_1_289' title='bbox 882 3831 937 3887; x_wconf 92' lang='lat' dir='ltr'><strong>aut</strong></span> <span class='ocrx_word' id='word_1_290' title='bbox 957 3832 1101 3887; x_wconf 87' lang='lat' dir='ltr'><strong>usturam</strong></span> <span class='ocrx_word' id='word_1_291' title='bbox 1124 3824 1216 3908; x_wconf 90' lang='lat' dir='ltr'><strong>sequi</strong></span> <span class='ocrx_word' id='word_1_292' title='bbox 1238 3832 1271 3888; x_wconf 89' lang='lat' dir='ltr'><strong>et</strong></span> <span class='ocrx_word' id='word_1_293' title='bbox 1290 3827 1361 3888; x_wconf 85' lang='lat' dir='ltr'><strong>eius</strong></span> <span class='ocrx_word' id='word_1_294' title='bbox 1381 3825 1473 3908; x_wconf 87' lang='lat' dir='ltr'><strong>qnasi</strong></span> <span class='ocrx_word' id='word_1_295' title='bbox 1495 3824 1565 3906; x_wconf 87' lang='lat' dir='ltr'><strong>lege</strong></span> <span class='ocrx_word' id='word_1_296' title='bbox 1585 3823 1714 3898; x_wconf 87' lang='lat' dir='ltr'><strong>vivere,</strong></span> <span class='ocrx_word' id='word_1_297' title='bbox 1733 3821 1766 3886; x_wconf 93' lang='lat' dir='ltr'><strong>id</strong></span> 
     </span>
     <span class='ocr_line' id='line_1_29' title="bbox 441 3913 1767 4010; baseline 0.001 -32"><span class='ocrx_word' id='word_1_298' title='bbox 441 3922 506 3989; x_wconf 89' lang='lat' dir='ltr'><strong>est,</strong></span> <span class='ocrx_word' id='word_1_299' title='bbox 527 3913 626 3990; x_wconf 88' lang='lat' dir='ltr'><strong>nibil,</strong></span> <span class='ocrx_word' id='word_1_300' title='bbox 647 3925 799 3998; x_wconf 90' lang='lat' dir='ltr'><strong>quantum</strong></span> <span class='ocrx_word' id='word_1_301' title='bbox 820 3917 853 3979; x_wconf 90' lang='lat' dir='ltr'><strong>iu</strong></span> <span class='ocrx_word' id='word_1_302' title='bbox 876 3917 945 4001; x_wconf 92' lang='lat' dir='ltr'><strong>ipso</strong></span> <span class='ocrx_word' id='word_1_303' title='bbox 967 3919 1024 3992; x_wconf 90' lang='lat' dir='ltr'><strong>sit,</strong></span> <span class='ocrx_word' id='word_1_304' title='bbox 1047 3917 1300 4002; x_wconf 74' lang='lat' dir='ltr'><strong>praetermittere</strong></span> <span class='ocrx_word' id='word_1_305' title='bbox 1321 3937 1385 4002; x_wconf 89' lang='lat' dir='ltr'><strong>quo</strong></span> <span class='ocrx_word' id='word_1_306' title='bbox 1407 3916 1511 3981; x_wconf 89' lang='lat' dir='ltr'><strong>minus</strong></span> <span class='ocrx_word' id='word_1_307' title='bbox 1532 3935 1580 3992; x_wconf 92' lang='lat' dir='ltr'><strong>ea,</strong></span> <span class='ocrx_word' id='word_1_308' title='bbox 1604 3934 1690 4010; x_wconf 88' lang='lat' dir='ltr'><strong>quae</strong></span> <span class='ocrx_word' id='word_1_309' title='bbox 1711 3933 1767 3979; x_wconf 85' lang='lat' dir='ltr'><strong>aa·</strong></span> 
     </span>
     <span class='ocr_line' id='line_1_30' title="bbox 440 4008 1766 4097; baseline 0 -24"><span class='ocrx_word' id='word_1_310' title='bbox 440 4017 510 4074; x_wconf 87' lang='lat' dir='ltr'><strong>tura</strong></span> <span class='ocrx_word' id='word_1_311' title='bbox 531 4008 687 4094; x_wconf 85' lang='lat' dir='ltr'><strong>postulet,</strong></span> <span class='ocrx_word' id='word_1_312' title='bbox 709 4019 937 4096; x_wconf 76' lang='lat' dir='ltr'><strong>consequatur,</strong></span> <span class='ocrx_word' id='word_1_313' title='bbox 961 4014 1048 4097; x_wconf 94' lang='lat' dir='ltr'><strong>quod</strong></span> <span class='ocrx_word' id='word_1_314' title='bbox 1070 4011 1152 4076; x_wconf 91' lang='lat' dir='ltr'><strong>iuter</strong></span> <span class='ocrx_word' id='word_1_315' title='bbox 1172 4012 1250 4074; x_wconf 91' lang='lat' dir='ltr'><strong>baec</strong></span> <span class='ocrx_word' id='word_1_316' title='bbox 1271 4010 1349 4073; x_wconf 92' lang='lat' dir='ltr'><strong>velit</strong></span> <span class='ocrx_word' id='word_1_317' title='bbox 1370 4010 1486 4075; x_wconf 87' lang='lat' dir='ltr'><strong>virtute</strong></span> <span class='ocrx_word' id='word_1_318' title='bbox 1508 4016 1673 4093; x_wconf 88' lang='lat' dir='ltr'><strong>tamquam</strong></span> <span class='ocrx_word' id='word_1_319' title='bbox 1695 4009 1766 4094; x_wconf 87' lang='lat' dir='ltr'><strong>lege</strong></span> 
     </span>
    </p>
   </div>
   <div class='ocr_carea' id='block_1_3' title="bbox 440 4183 614 4194">
    <p class='ocr_par' dir='ltr' id='par_1_4' title="bbox 440 4183 614 4194">
     <span class='ocr_line' id='line_1_31' title="bbox 440 4183 614 4194; baseline -0.017 0"><span class='ocrx_word' id='word_1_320' title='bbox 440 4183 614 4194; x_wconf 82' lang='lat'>—————</span> 
     </span>
    </p>
   </div>
   <div class='ocr_carea' id='block_1_4' title="bbox 434 4278 1773 5999">
    <p class='ocr_par' dir='ltr' id='par_1_5' title="bbox 434 4278 1773 5999">
     <span class='ocr_line' id='line_1_32' title="bbox 504 4278 1766 4347; baseline -0.006 -10"><span class='ocrx_word' id='word_1_321' title='bbox 504 4283 717 4347; x_wconf 78' lang='lat' dir='ltr'><strong>2qooqoomA¹</strong></span> <span class='ocrx_word' id='word_1_322' title='bbox 744 4310 769 4321; x_wconf 93' lang='lat'>-</span> <span class='ocrx_word' id='word_1_323' title='bbox 797 4297 934 4334; x_wconf 72' lang='lat' dir='ltr'><strong>meeum</strong></span> <span class='ocrx_word' id='word_1_324' title='bbox 956 4288 976 4335; x_wconf 99' lang='lat' dir='ltr'>A</span> <span class='ocrx_word' id='word_1_325' title='bbox 999 4285 1094 4334; x_wconf 88' lang='lat' dir='ltr'><strong>iuras.</strong></span> <span class='ocrx_word' id='word_1_326' title='bbox 1114 4282 1196 4333; x_wconf 89' lang='lat' dir='ltr'><strong>habet</strong></span> <span class='ocrx_word' id='word_1_327' title='bbox 1224 4311 1250 4319; x_wconf 87' lang='lat'>—</span> <span class='ocrx_word' id='word_1_328' title='bbox 1277 4282 1396 4332; x_wconf 75' lang='lat' dir='ltr'><strong>conradet</strong></span> <span class='ocrx_word' id='word_1_329' title='bbox 1412 4278 1481 4332; x_wconf 85' lang='lat' dir='ltr'><strong>A¹a¹</strong></span> <span class='ocrx_word' id='word_1_330' title='bbox 1509 4308 1536 4318; x_wconf 89' lang='lat'>-</span> <span class='ocrx_word' id='word_1_331' title='bbox 1564 4278 1766 4342; x_wconf 77' lang='lat' dir='ltr'><strong>l.!sitillell:</strong></span> 
     </span>
     <span class='ocr_line' id='line_1_33' title="bbox 436 4356 1767 4423; baseline -0.002 -13"><span class='ocrx_word' id='word_1_332' title='bbox 436 4360 507 4423; x_wconf 76' lang='lat' dir='ltr'><strong>sutile</strong></span> <span class='ocrx_word' id='word_1_333' title='bbox 523 4361 567 4410; x_wconf 86' lang='lat' dir='ltr'><strong>AB</strong></span> <span class='ocrx_word' id='word_1_334' title='bbox 595 4385 622 4396; x_wconf 92' lang='lat'>-</span> <span class='ocrx_word' id='word_1_335' title='bbox 650 4360 748 4420; x_wconf 83' lang='lat' dir='ltr'><strong>quidem</strong></span> <span class='ocrx_word' id='word_1_336' title='bbox 765 4358 827 4409; x_wconf 91' lang='lat' dir='ltr'><strong>edd.</strong></span> <span class='ocrx_word' id='word_1_337' title='bbox 845 4362 921 4409; x_wconf 82' lang='lat' dir='ltr'><strong>vett:</strong></span> <span class='ocrx_word' id='word_1_338' title='bbox 939 4358 1026 4409; x_wconf 86' lang='lat' dir='ltr'><strong>om.C</strong></span> <span class='ocrx_word' id='word_1_339' title='bbox 1054 4384 1081 4394; x_wconf 98' lang='lat'>-</span> <span class='ocrx_word' id='word_1_340' title='bbox 1108 4356 1399 4418; x_wconf 75' lang='lat' dir='ltr'><strong>ocutmetprodenrll</strong></span> <span class='ocrx_word' id='word_1_341' title='bbox 1427 4381 1454 4392; x_wconf 95' lang='lat'><em>-</em></span> <span class='ocrx_word' id='word_1_342' title='bbox 1481 4357 1506 4405; x_wconf 83' lang='lat' dir='ltr'><strong>li.</strong></span> <span class='ocrx_word' id='word_1_343' title='bbox 1525 4357 1585 4418; x_wconf 78' lang='lat' dir='ltr'><strong>quoi</strong></span> <span class='ocrx_word' id='word_1_344' title='bbox 1602 4359 1623 4407; x_wconf 86' lang='lat' dir='ltr'>A</span> <span class='ocrx_word' id='word_1_345' title='bbox 1641 4369 1713 4407; x_wconf 81' lang='lat' dir='ltr'><strong>corr.</strong></span> <span class='ocrx_word' id='word_1_346' title='bbox 1731 4371 1767 4408; x_wconf 90' lang='lat' dir='ltr'><strong>m.</strong></span> 
     </span>
     <span class='ocr_line' id='line_1_34' title="bbox 437 4428 1770 4498; baseline -0.002 -15"><span class='ocrx_word' id='word_1_347' title='bbox 437 4447 490 4498; x_wconf 73' lang='lat' dir='ltr'><strong>pm:</strong></span> <span class='ocrx_word' id='word_1_348' title='bbox 508 4447 557 4496; x_wconf 83' lang='lat' dir='ltr'><strong>quo</strong></span> <span class='ocrx_word' id='word_1_349' title='bbox 573 4435 651 4493; x_wconf 82' lang='lat' dir='ltr'><strong>A¹ll¹‚</strong></span> <span class='ocrx_word' id='word_1_350' title='bbox 669 4435 711 4484; x_wconf 83' lang='lat' dir='ltr'><strong>coi</strong></span> <span class='ocrx_word' id='word_1_351' title='bbox 728 4431 818 4485; x_wconf 80' lang='lat' dir='ltr'><strong>B²li0</strong></span> <span class='ocrx_word' id='word_1_352' title='bbox 837 4459 864 4469; x_wconf 96' lang='lat'><em>-</em></span> <span class='ocrx_word' id='word_1_353' title='bbox 890 4434 914 4483; x_wconf 70' lang='lat' dir='ltr'><strong>o,</strong></span> <span class='ocrx_word' id='word_1_354' title='bbox 933 4435 978 4483; x_wconf 85' lang='lat' dir='ltr'><strong>boc</strong></span> <span class='ocrx_word' id='word_1_355' title='bbox 994 4434 1065 4483; x_wconf 85' lang='lat' dir='ltr'><strong>video</strong></span> <span class='ocrx_word' id='word_1_356' title='bbox 1082 4433 1152 4483; x_wconf 82' lang='lat' dir='ltr'><strong>Bake</strong></span> <span class='ocrx_word' id='word_1_357' title='bbox 1172 4459 1199 4470; x_wconf 96' lang='lat'><em>-</em></span> <span class='ocrx_word' id='word_1_358' title='bbox 1218 4435 1262 4492; x_wconf 83' lang='lat' dir='ltr'><strong>qni</strong></span> <span class='ocrx_word' id='word_1_359' title='bbox 1280 4431 1345 4481; x_wconf 88' lang='lat' dir='ltr'><strong>dett.</strong></span> <span class='ocrx_word' id='word_1_360' title='bbox 1359 4428 1472 4494; x_wconf 77' lang='lat' dir='ltr'><strong>aliquot:</strong></span> <span class='ocrx_word' id='word_1_361' title='bbox 1491 4432 1552 4492; x_wconf 81' lang='lat' dir='ltr'><strong>quin</strong></span> <span class='ocrx_word' id='word_1_362' title='bbox 1569 4433 1589 4482; x_wconf 88' lang='lat' dir='ltr'>C</span> <span class='ocrx_word' id='word_1_363' title='bbox 1610 4456 1638 4468; x_wconf 94' lang='lat'><em>-</em></span> <span class='ocrx_word' id='word_1_364' title='bbox 1658 4433 1685 4482; x_wconf 82' lang='lat'><strong>7.</strong></span> <span class='ocrx_word' id='word_1_365' title='bbox 1704 4433 1770 4482; x_wconf 81' lang='lat' dir='ltr'><strong>irtad</strong></span> 
     </span>
     <span class='ocr_line' id='line_1_35' title="bbox 438 4504 1771 4570; baseline -0.002 -12"><span class='ocrx_word' id='word_1_366' title='bbox 438 4508 459 4558; x_wconf 92' lang='lat'>0</span> <span class='ocrx_word' id='word_1_367' title='bbox 485 4534 513 4547; x_wconf 94' lang='lat'>-</span> <span class='ocrx_word' id='word_1_368' title='bbox 540 4509 635 4570; x_wconf 74' lang='lat' dir='ltr'><strong>†dinit</strong></span> <span class='ocrx_word' id='word_1_369' title='bbox 651 4510 684 4568; x_wconf 85' lang='lat'><strong>0,</strong></span> <span class='ocrx_word' id='word_1_370' title='bbox 707 4515 735 4558; x_wconf 82' lang='lat' dir='ltr'><strong>ot</strong></span> <span class='ocrx_word' id='word_1_371' title='bbox 751 4509 1042 4568; x_wconf 62' lang='lat' dir='ltr'><strong>circumlationes</strong></span> <span class='ocrx_word' id='word_1_372' title='bbox 1063 4509 1174 4566; x_wconf 85' lang='lat' dir='ltr'><strong>Davies,</strong></span> <span class='ocrx_word' id='word_1_373' title='bbox 1198 4507 1278 4567; x_wconf 72' lang='lat' dir='ltr'><strong>diest,</strong></span> <span class='ocrx_word' id='word_1_374' title='bbox 1291 4506 1394 4556; x_wconf 73' lang='lat' dir='ltr'><strong>dioismt</strong></span> <span class='ocrx_word' id='word_1_375' title='bbox 1415 4504 1533 4568; x_wconf 77' lang='lat' dir='ltr'><strong>Madvig,</strong></span> <span class='ocrx_word' id='word_1_376' title='bbox 1559 4508 1587 4556; x_wconf 87' lang='lat' dir='ltr'><strong>et</strong></span> <span class='ocrx_word' id='word_1_377' title='bbox 1603 4519 1631 4555; x_wconf 90' lang='lat' dir='ltr'><strong>v.</strong></span> <span class='ocrx_word' id='word_1_378' title='bbox 1649 4506 1721 4557; x_wconf 81' lang='lat' dir='ltr'><strong>Bake</strong></span> <span class='ocrx_word' id='word_1_379' title='bbox 1743 4508 1771 4556; x_wconf 86' lang='lat' dir='ltr'><strong>et</strong></span> 
     </span>
     <span class='ocr_line' id='line_1_36' title="bbox 438 4578 1768 4646; baseline -0.001 -13"><span class='ocrx_word' id='word_1_380' title='bbox 438 4581 596 4646; x_wconf 84' lang='lat' dir='ltr'><strong>l&#39;cldbucgel</strong></span> <span class='ocrx_word' id='word_1_381' title='bbox 624 4608 652 4620; x_wconf 94' lang='lat'><em>-</em></span> <span class='ocrx_word' id='word_1_382' title='bbox 679 4585 703 4635; x_wconf 81' lang='grc'><strong>8.</strong></span> <span class='ocrx_word' id='word_1_383' title='bbox 721 4597 772 4634; x_wconf 81' lang='lat' dir='ltr'><strong>esse</strong></span> <span class='ocrx_word' id='word_1_384' title='bbox 788 4584 927 4646; x_wconf 80' lang='lat' dir='ltr'><strong>quodbon.</strong></span> <span class='ocrx_word' id='word_1_385' title='bbox 946 4584 1036 4633; x_wconf 83' lang='lat' dir='ltr'><strong>omli</strong></span> <span class='ocrx_word' id='word_1_386' title='bbox 1061 4610 1087 4619; x_wconf 92' lang='lat'>-</span> <span class='ocrx_word' id='word_1_387' title='bbox 1114 4583 1242 4632; x_wconf 77' lang='lat' dir='ltr'><strong>nonestnnn</strong></span> <span class='ocrx_word' id='word_1_388' title='bbox 1259 4582 1373 4632; x_wconf 79' lang='lat' dir='ltr'><strong>erseAll</strong></span> <span class='ocrx_word' id='word_1_389' title='bbox 1400 4606 1428 4619; x_wconf 93' lang='lat'>-</span> <span class='ocrx_word' id='word_1_390' title='bbox 1455 4578 1768 4643; x_wconf 78' lang='lat' dir='ltr'><strong>o.poresa¹s¹}10-</strong></span> 
     </span>
     <span class='ocr_line' id='line_1_37' title="bbox 436 4653 1771 4720; baseline -0.002 -12"><span class='ocrx_word' id='word_1_391' title='bbox 436 4659 588 4708; x_wconf 80' lang='lat' dir='ltr'><strong>caninium</strong></span> <span class='ocrx_word' id='word_1_392' title='bbox 605 4658 649 4708; x_wconf 84' lang='lat' dir='ltr'><strong>All</strong></span> <span class='ocrx_word' id='word_1_393' title='bbox 678 4685 707 4696; x_wconf 96' lang='lat'><em>-</em></span> <span class='ocrx_word' id='word_1_394' title='bbox 735 4659 943 4709; x_wconf 57' lang='lat' dir='ltr'><strong>comburens</strong></span> <span class='ocrx_word' id='word_1_395' title='bbox 971 4684 997 4694; x_wconf 52' lang='grc' dir='ltr'><strong>-ν</strong></span> <span class='ocrx_word' id='word_1_396' title='bbox 1027 4660 1066 4708; x_wconf 88' lang='lat' dir='ltr'><strong>tt.</strong></span> <span class='ocrx_word' id='word_1_397' title='bbox 1086 4664 1266 4708; x_wconf 86' lang='lat' dir='ltr'><strong>eterretuos:</strong></span> <span class='ocrx_word' id='word_1_398' title='bbox 1285 4654 1435 4716; x_wconf 79' lang='lat' dir='ltr'><strong>ereetl3¹ll,</strong></span> <span class='ocrx_word' id='word_1_399' title='bbox 1459 4661 1569 4720; x_wconf 75' lang='lat' dir='ltr'><strong>meatque</strong></span> <span class='ocrx_word' id='word_1_400' title='bbox 1590 4655 1698 4714; x_wconf 68' lang='lat' dir='ltr'><strong>Amo,</strong></span> <span class='ocrx_word' id='word_1_401' title='bbox 1720 4653 1771 4706; x_wconf 87' lang='lat' dir='ltr'><strong>sed</strong></span> 
     </span>
     <span class='ocr_line' id='line_1_38' title="bbox 437 4728 1770 4796; baseline -0.003 -12"><span class='ocrx_word' id='word_1_402' title='bbox 437 4738 457 4784; x_wconf 93' lang='lat' dir='ltr'>A</span> <span class='ocrx_word' id='word_1_403' title='bbox 475 4734 515 4783; x_wconf 89' lang='lat' dir='ltr'><strong>sio</strong></span> <span class='ocrx_word' id='word_1_404' title='bbox 532 4734 557 4782; x_wconf 92' lang='lat' dir='ltr'><strong>iu</strong></span> <span class='ocrx_word' id='word_1_405' title='bbox 575 4745 628 4782; x_wconf 85' lang='lat' dir='ltr'><strong>res.</strong></span> <span class='ocrx_word' id='word_1_406' title='bbox 656 4758 684 4770; x_wconf 92' lang='lat'>-</span> <span class='ocrx_word' id='word_1_407' title='bbox 714 4735 755 4784; x_wconf 79' lang='lat' dir='ltr'><strong>ta.</strong></span> <span class='ocrx_word' id='word_1_408' title='bbox 773 4747 831 4784; x_wconf 80' lang='lat' dir='ltr'><strong>caan</strong></span> <span class='ocrx_word' id='word_1_409' title='bbox 846 4735 919 4784; x_wconf 83' lang='lat' dir='ltr'><strong>decor</strong></span> <span class='ocrx_word' id='word_1_410' title='bbox 936 4734 970 4793; x_wconf 85' lang='lat' dir='ltr'><strong>li,</strong></span> <span class='ocrx_word' id='word_1_411' title='bbox 995 4735 1061 4794; x_wconf 85' lang='lat' dir='ltr'><strong>qood</strong></span> <span class='ocrx_word' id='word_1_412' title='bbox 1077 4733 1151 4784; x_wconf 68' lang='lat' dir='ltr'><strong>mean</strong></span> <span class='ocrx_word' id='word_1_413' title='bbox 1167 4735 1213 4785; x_wconf 82' lang='lat' dir='ltr'><strong>All</strong></span> <span class='ocrx_word' id='word_1_414' title='bbox 1231 4747 1263 4783; x_wconf 81' lang='lat' dir='ltr'><strong>ea</strong></span> <span class='ocrx_word' id='word_1_415' title='bbox 1281 4734 1404 4796; x_wconf 69' lang='lat' dir='ltr'><strong>qmoccos</strong></span> <span class='ocrx_word' id='word_1_416' title='bbox 1422 4758 1450 4768; x_wconf 94' lang='lat'><em>-</em></span> <span class='ocrx_word' id='word_1_417' title='bbox 1474 4731 1514 4786; x_wconf 76' lang='lat' dir='ltr'><strong>tt.</strong></span> <span class='ocrx_word' id='word_1_418' title='bbox 1532 4732 1654 4782; x_wconf 72' lang='lat' dir='ltr'><strong>dinem</strong></span> <span class='ocrx_word' id='word_1_419' title='bbox 1669 4728 1770 4794; x_wconf 85' lang='lat' dir='ltr'><strong>aliquot</strong></span> 
     </span>
     <span class='ocr_line' id='line_1_39' title="bbox 437 4804 1769 4872; baseline -0.003 -14"><span class='ocrx_word' id='word_1_420' title='bbox 437 4807 502 4858; x_wconf 92' lang='lat' dir='ltr'><strong>dett.</strong></span> <span class='ocrx_word' id='word_1_421' title='bbox 523 4815 588 4868; x_wconf 78' lang='lat' dir='ltr'><strong>(cam</strong></span> <span class='ocrx_word' id='word_1_422' title='bbox 599 4809 829 4871; x_wconf 66' lang='lat' dir='ltr'><strong>manumet--</strong></span> <span class='ocrx_word' id='word_1_423' title='bbox 840 4810 952 4859; x_wconf 73' lang='lat' dir='ltr'><strong>etormet</strong></span> <span class='ocrx_word' id='word_1_424' title='bbox 968 4807 1082 4872; x_wconf 78' lang='lat' dir='ltr'><strong>iladvig)</strong></span> <span class='ocrx_word' id='word_1_425' title='bbox 1102 4835 1129 4846; x_wconf 93' lang='lat'>-</span> <span class='ocrx_word' id='word_1_426' title='bbox 1148 4810 1260 4869; x_wconf 81' lang='lat' dir='ltr'><strong>dedecor,</strong></span> <span class='ocrx_word' id='word_1_427' title='bbox 1278 4809 1344 4871; x_wconf 81' lang='lat' dir='ltr'><strong>qood</strong></span> <span class='ocrx_word' id='word_1_428' title='bbox 1359 4807 1397 4857; x_wconf 84' lang='lat' dir='ltr'><strong>illi</strong></span> <span class='ocrx_word' id='word_1_429' title='bbox 1415 4804 1506 4857; x_wconf 77' lang='lat' dir='ltr'><strong>bamb.</strong></span> <span class='ocrx_word' id='word_1_430' title='bbox 1526 4807 1553 4855; x_wconf 86' lang='lat' dir='ltr'><strong>et</strong></span> <span class='ocrx_word' id='word_1_431' title='bbox 1569 4805 1586 4855; x_wconf 64' lang='grc' dir='ltr'>ἱ</span> <span class='ocrx_word' id='word_1_432' title='bbox 1602 4804 1683 4855; x_wconf 88' lang='lat' dir='ltr'><strong>codd.</strong></span> <span class='ocrx_word' id='word_1_433' title='bbox 1702 4804 1769 4855; x_wconf 86' lang='lat' dir='ltr'><strong>dett.</strong></span> 
     </span>
     <span class='ocr_line' id='line_1_40' title="bbox 439 4880 1772 4949; baseline -0.001 -18"><span class='ocrx_word' id='word_1_434' title='bbox 439 4907 467 4920; x_wconf 87' lang='lat'><strong>-·</strong></span> <span class='ocrx_word' id='word_1_435' title='bbox 486 4880 527 4931; x_wconf 85' lang='lat' dir='ltr'><strong>ll.</strong></span> <span class='ocrx_word' id='word_1_436' title='bbox 544 4884 675 4933; x_wconf 88' lang='lat' dir='ltr'><strong>commodo</strong></span> <span class='ocrx_word' id='word_1_437' title='bbox 690 4880 721 4933; x_wconf 88' lang='lat' dir='ltr'><strong>A¹</strong></span> <span class='ocrx_word' id='word_1_438' title='bbox 753 4910 778 4920; x_wconf 93' lang='lat'><em>-</em></span> <span class='ocrx_word' id='word_1_439' title='bbox 809 4885 848 4934; x_wconf 72' lang='lat' dir='ltr'><strong>ll⁴</strong></span> <span class='ocrx_word' id='word_1_440' title='bbox 867 4890 982 4934; x_wconf 74' lang='lat' dir='ltr'><strong>notam</strong></span> <span class='ocrx_word' id='word_1_441' title='bbox 1002 4884 1035 4940; x_wconf 76' lang='lat'><strong>03</strong></span> <span class='ocrx_word' id='word_1_442' title='bbox 1062 4884 1311 4949; x_wconf 69' lang='lat' dir='ltr'><strong>estnotndepnibur</strong></span> <span class='ocrx_word' id='word_1_443' title='bbox 1331 4883 1397 4933; x_wconf 92' lang='lat' dir='ltr'><strong>Ain</strong></span> <span class='ocrx_word' id='word_1_444' title='bbox 1414 4880 1567 4933; x_wconf 73' lang='lat' dir='ltr'><strong>mehebel</strong></span> <span class='ocrx_word' id='word_1_445' title='bbox 1593 4905 1623 4918; x_wconf 93' lang='lat'><em>-</em></span> <span class='ocrx_word' id='word_1_446' title='bbox 1651 4881 1692 4931; x_wconf 78' lang='lat'><strong>⁴8.</strong></span> <span class='ocrx_word' id='word_1_447' title='bbox 1710 4891 1772 4930; x_wconf 75' lang='lat' dir='ltr'><strong>osas</strong></span> 
     </span>
     <span class='ocr_line' id='line_1_41' title="bbox 436 4954 1768 5022; baseline 0 -15"><span class='ocrx_word' id='word_1_448' title='bbox 436 4958 567 5019; x_wconf 79' lang='lat' dir='ltr'><strong>cepionem</strong></span> <span class='ocrx_word' id='word_1_449' title='bbox 588 4959 638 5009; x_wconf 77' lang='lat' dir='ltr'><strong>llll</strong></span> <span class='ocrx_word' id='word_1_450' title='bbox 662 4958 702 5019; x_wconf 86' lang='lat' dir='ltr'><strong>(m</strong></span> <span class='ocrx_word' id='word_1_451' title='bbox 718 4959 779 5009; x_wconf 80' lang='lat' dir='ltr'><strong>loll</strong></span> <span class='ocrx_word' id='word_1_452' title='bbox 799 4961 949 5022; x_wconf 87' lang='lat' dir='ltr'><strong>punctata):</strong></span> <span class='ocrx_word' id='word_1_453' title='bbox 975 4960 1154 5019; x_wconf 73' lang='lat' dir='ltr'><strong>usucapionem</strong></span> <span class='ocrx_word' id='word_1_454' title='bbox 1171 4961 1206 5016; x_wconf 86' lang='lat'><strong>0;</strong></span> <span class='ocrx_word' id='word_1_455' title='bbox 1228 4956 1525 5020; x_wconf 69' lang='lat' dir='ltr'><strong>mmcoptmeuoectn</strong></span> <span class='ocrx_word' id='word_1_456' title='bbox 1547 4957 1622 5021; x_wconf 84' lang='lat' dir='ltr'><strong>(sup.</strong></span> <span class='ocrx_word' id='word_1_457' title='bbox 1641 4954 1686 5007; x_wconf 91' lang='lat' dir='ltr'><strong>iio.</strong></span> <span class='ocrx_word' id='word_1_458' title='bbox 1706 4955 1768 5007; x_wconf 87' lang='lat' dir='ltr'><strong>add.</strong></span> 
     </span>
     <span class='ocr_line' id='line_1_42' title="bbox 436 5031 1771 5097; baseline 0 -16"><span class='ocrx_word' id='word_1_459' title='bbox 436 5033 494 5093; x_wconf 79' lang='lat' dir='ltr'><strong>dno)</strong></span> <span class='ocrx_word' id='word_1_460' title='bbox 513 5038 532 5083; x_wconf 86' lang='lat' dir='ltr'>A</span> <span class='ocrx_word' id='word_1_461' title='bbox 553 5059 579 5070; x_wconf 94' lang='lat'><em>-</em></span> <span class='ocrx_word' id='word_1_462' title='bbox 604 5034 673 5081; x_wconf 87' lang='lat' dir='ltr'><strong>intro</strong></span> <span class='ocrx_word' id='word_1_463' title='bbox 690 5033 733 5082; x_wconf 89' lang='lat' dir='ltr'><strong>ed.</strong></span> <span class='ocrx_word' id='word_1_464' title='bbox 748 5033 854 5097; x_wconf 90' lang='lat' dir='ltr'><strong>Stepb.:</strong></span> <span class='ocrx_word' id='word_1_465' title='bbox 872 5033 975 5084; x_wconf 80' lang='lat' dir='ltr'><strong>interC</strong></span> <span class='ocrx_word' id='word_1_466' title='bbox 995 5060 1022 5070; x_wconf 94' lang='lat'><em>-</em></span> <span class='ocrx_word' id='word_1_467' title='bbox 1050 5034 1090 5084; x_wconf 82' lang='grc'><strong>49.</strong></span> <span class='ocrx_word' id='word_1_468' title='bbox 1109 5035 1243 5083; x_wconf 82' lang='lat' dir='ltr'><strong>noluerunt</strong></span> <span class='ocrx_word' id='word_1_469' title='bbox 1259 5032 1385 5083; x_wconf 87' lang='lat' dir='ltr'><strong>Aloiatus:</strong></span> <span class='ocrx_word' id='word_1_470' title='bbox 1410 5031 1573 5081; x_wconf 73' lang='lat' dir='ltr'><strong>nolmrintc</strong></span> <span class='ocrx_word' id='word_1_471' title='bbox 1602 5056 1630 5066; x_wconf 89' lang='lat'>-</span> <span class='ocrx_word' id='word_1_472' title='bbox 1657 5032 1699 5081; x_wconf 78' lang='lat'><strong>20.</strong></span> <span class='ocrx_word' id='word_1_473' title='bbox 1717 5033 1771 5081; x_wconf 69' lang='lat' dir='ltr'><strong>oie-</strong></span> 
     </span>
     <span class='ocr_line' id='line_1_43' title="bbox 436 5104 1772 5172; baseline -0.001 -14"><span class='ocrx_word' id='word_1_474' title='bbox 436 5108 489 5171; x_wconf 81' lang='lat' dir='ltr'><strong>guli</strong></span> <span class='ocrx_word' id='word_1_475' title='bbox 505 5109 547 5158; x_wconf 76' lang='lat' dir='ltr'><strong>aed</strong></span> <span class='ocrx_word' id='word_1_476' title='bbox 563 5122 576 5157; x_wconf 93' lang='lat' dir='ltr'><strong>e</strong></span> <span class='ocrx_word' id='word_1_477' title='bbox 590 5120 630 5157; x_wconf 81' lang='lat' dir='ltr'><strong>ru</strong></span> <span class='ocrx_word' id='word_1_478' title='bbox 645 5112 696 5157; x_wconf 82' lang='lat' dir='ltr'><strong>tres</strong></span> <span class='ocrx_word' id='word_1_479' title='bbox 713 5109 880 5159; x_wconf 88' lang='lat' dir='ltr'><strong>ltancouetus</strong></span> <span class='ocrx_word' id='word_1_480' title='bbox 897 5107 953 5170; x_wconf 80' lang='lat' dir='ltr'><strong>(sed</strong></span> <span class='ocrx_word' id='word_1_481' title='bbox 970 5122 1003 5158; x_wconf 81' lang='lat' dir='ltr'><strong>er</strong></span> <span class='ocrx_word' id='word_1_482' title='bbox 1013 5110 1074 5168; x_wconf 75' lang='lat' dir='ltr'><strong>rui:</strong></span> <span class='ocrx_word' id='word_1_483' title='bbox 1093 5109 1198 5172; x_wconf 80' lang='lat' dir='ltr'><strong>rinpolic</strong></span> <span class='ocrx_word' id='word_1_484' title='bbox 1213 5108 1255 5157; x_wconf 81' lang='lat' dir='ltr'><strong>red</strong></span> <span class='ocrx_word' id='word_1_485' title='bbox 1270 5120 1304 5157; x_wconf 76' lang='lat' dir='ltr'><strong>eor</strong></span> <span class='ocrx_word' id='word_1_486' title='bbox 1319 5108 1341 5155; x_wconf 80' lang='lat' dir='ltr'><strong>is</strong></span> <span class='ocrx_word' id='word_1_487' title='bbox 1358 5106 1403 5169; x_wconf 80' lang='lat' dir='ltr'><strong>tbir</strong></span> <span class='ocrx_word' id='word_1_488' title='bbox 1414 5107 1443 5166; x_wconf 77' lang='lat' dir='ltr'><strong>ll)</strong></span> <span class='ocrx_word' id='word_1_489' title='bbox 1461 5118 1502 5155; x_wconf 81' lang='lat' dir='ltr'><strong>rer</strong></span> <span class='ocrx_word' id='word_1_490' title='bbox 1519 5106 1555 5162; x_wconf 85' lang='lat' dir='ltr'><strong>C;</strong></span> <span class='ocrx_word' id='word_1_491' title='bbox 1573 5104 1668 5168; x_wconf 80' lang='lat' dir='ltr'><strong>sinpuli</strong></span> <span class='ocrx_word' id='word_1_492' title='bbox 1683 5108 1772 5156; x_wconf 68' lang='lat' dir='ltr'><strong>rnen</strong></span> 
     </span>
     <span class='ocr_line' id='line_1_44' title="bbox 435 5181 1770 5245; baseline 0.001 -14"><span class='ocrx_word' id='word_1_493' title='bbox 435 5182 474 5231; x_wconf 81' lang='lat' dir='ltr'><strong>bia</strong></span> <span class='ocrx_word' id='word_1_494' title='bbox 489 5187 539 5232; x_wconf 75' lang='lat' dir='ltr'><strong>tren</strong></span> <span class='ocrx_word' id='word_1_495' title='bbox 555 5183 576 5231; x_wconf 91' lang='lat'>0</span> <span class='ocrx_word' id='word_1_496' title='bbox 593 5196 656 5232; x_wconf 91' lang='lat' dir='ltr'><strong>cum</strong></span> <span class='ocrx_word' id='word_1_497' title='bbox 673 5183 803 5239; x_wconf 87' lang='lat' dir='ltr'><strong>blanutio;</strong></span> <span class='ocrx_word' id='word_1_498' title='bbox 827 5188 855 5232; x_wconf 91' lang='lat' dir='ltr'><strong>at</strong></span> <span class='ocrx_word' id='word_1_499' title='bbox 871 5197 896 5231; x_wconf 93' lang='lat' dir='ltr'><strong>v.</strong></span> <span class='ocrx_word' id='word_1_500' title='bbox 912 5182 1010 5233; x_wconf 86' lang='lat' dir='ltr'><strong>vahlen</strong></span> <span class='ocrx_word' id='word_1_501' title='bbox 1033 5185 1058 5232; x_wconf 91' lang='lat' dir='ltr'><strong>iu</strong></span> <span class='ocrx_word' id='word_1_502' title='bbox 1075 5184 1191 5233; x_wconf 78' lang='lat' dir='ltr'><strong>Zeitscnr.</strong></span> <span class='ocrx_word' id='word_1_503' title='bbox 1208 5184 1253 5245; x_wconf 71' lang='lat' dir='ltr'><strong>for</strong></span> <span class='ocrx_word' id='word_1_504' title='bbox 1268 5184 1308 5232; x_wconf 85' lang='lat' dir='ltr'><strong>die</strong></span> <span class='ocrx_word' id='word_1_505' title='bbox 1325 5188 1413 5232; x_wconf 73' lang='lat' dir='ltr'><strong>dotem</strong></span> <span class='ocrx_word' id='word_1_506' title='bbox 1427 5181 1579 5243; x_wconf 71' lang='lat' dir='ltr'><strong>Gymnesiae</strong></span> <span class='ocrx_word' id='word_1_507' title='bbox 1596 5181 1673 5241; x_wconf 80' lang='grc'><strong>4860,</strong></span> <span class='ocrx_word' id='word_1_508' title='bbox 1690 5193 1718 5245; x_wconf 89' lang='lat' dir='ltr'><strong>p.</strong></span> <span class='ocrx_word' id='word_1_509' title='bbox 1728 5182 1770 5232; x_wconf 73' lang='grc'><strong>30.</strong></span> 
     </span>
     <span class='ocr_line' id='line_1_45' title="bbox 438 5257 1770 5321; baseline 0.002 -16"><span class='ocrx_word' id='word_1_510' title='bbox 438 5282 465 5294; x_wconf 89' lang='grc'><strong>-</strong></span> <span class='ocrx_word' id='word_1_511' title='bbox 484 5258 525 5307; x_wconf 76' lang='lat' dir='ltr'><strong>at.</strong></span> <span class='ocrx_word' id='word_1_512' title='bbox 541 5258 600 5321; x_wconf 67' lang='lat' dir='ltr'><strong>finis</strong></span> <span class='ocrx_word' id='word_1_513' title='bbox 616 5259 648 5307; x_wconf 87' lang='lat' dir='ltr'><strong>C:</strong></span> <span class='ocrx_word' id='word_1_514' title='bbox 668 5258 766 5320; x_wconf 65' lang='lat' dir='ltr'><strong>flaerO</strong></span> <span class='ocrx_word' id='word_1_515' title='bbox 785 5283 811 5293; x_wconf 92' lang='lat'><em>-</em></span> <span class='ocrx_word' id='word_1_516' title='bbox 831 5259 935 5307; x_wconf 81' lang='lat' dir='ltr'><strong>dicimus</strong></span> <span class='ocrx_word' id='word_1_517' title='bbox 952 5260 986 5308; x_wconf 83' lang='lat' dir='ltr'><strong>C:</strong></span> <span class='ocrx_word' id='word_1_518' title='bbox 1005 5259 1115 5309; x_wconf 76' lang='lat' dir='ltr'><strong>dmemne</strong></span> <span class='ocrx_word' id='word_1_519' title='bbox 1131 5260 1151 5308; x_wconf 92' lang='lat'>0</span> <span class='ocrx_word' id='word_1_520' title='bbox 1169 5271 1231 5310; x_wconf 88' lang='lat' dir='ltr'><strong>oum</strong></span> <span class='ocrx_word' id='word_1_521' title='bbox 1251 5262 1260 5307; x_wconf 91' lang='lat' dir='ltr'><strong>t</strong></span> <span class='ocrx_word' id='word_1_522' title='bbox 1282 5259 1341 5308; x_wconf 89' lang='lat' dir='ltr'><strong>cod.</strong></span> <span class='ocrx_word' id='word_1_523' title='bbox 1355 5259 1409 5308; x_wconf 90' lang='lat' dir='ltr'><strong>det.</strong></span> <span class='ocrx_word' id='word_1_524' title='bbox 1436 5285 1461 5294; x_wconf 96' lang='lat'><em>-</em></span> <span class='ocrx_word' id='word_1_525' title='bbox 1489 5257 1531 5307; x_wconf 72' lang='lat' dir='ltr'><strong>td.</strong></span> <span class='ocrx_word' id='word_1_526' title='bbox 1549 5259 1659 5306; x_wconf 78' lang='lat' dir='ltr'><strong>rocrotir</strong></span> <span class='ocrx_word' id='word_1_527' title='bbox 1674 5258 1723 5307; x_wconf 87' lang='lat' dir='ltr'><strong>AB</strong></span> <span class='ocrx_word' id='word_1_528' title='bbox 1741 5281 1770 5294; x_wconf 88' lang='lat'>-</span> 
     </span>
     <span class='ocr_line' id='line_1_46' title="bbox 434 5330 1772 5398; baseline -0.002 -15"><span class='ocrx_word' id='word_1_529' title='bbox 434 5334 530 5396; x_wconf 80' lang='lat' dir='ltr'><strong>peperit</strong></span> <span class='ocrx_word' id='word_1_530' title='bbox 546 5332 607 5382; x_wconf 82' lang='lat' dir='ltr'><strong>All:</strong></span> <span class='ocrx_word' id='word_1_531' title='bbox 630 5333 755 5395; x_wconf 82' lang='lat' dir='ltr'><strong>pepigerit</strong></span> <span class='ocrx_word' id='word_1_532' title='bbox 773 5334 808 5388; x_wconf 78' lang='lat' dir='ltr'><strong>li:</strong></span> <span class='ocrx_word' id='word_1_533' title='bbox 835 5332 905 5382; x_wconf 86' lang='lat' dir='ltr'><strong>cont.</strong></span> <span class='ocrx_word' id='word_1_534' title='bbox 925 5334 1093 5393; x_wconf 80' lang='lat' dir='ltr'><strong>Prisc.ll,t5,</strong></span> <span class='ocrx_word' id='word_1_535' title='bbox 1106 5334 1138 5382; x_wconf 76' lang='lat'><strong>³2</strong></span> <span class='ocrx_word' id='word_1_536' title='bbox 1157 5347 1182 5398; x_wconf 90' lang='lat' dir='ltr'><strong>p.</strong></span> <span class='ocrx_word' id='word_1_537' title='bbox 1193 5335 1241 5384; x_wconf 75' lang='lat'><strong>523</strong></span> <span class='ocrx_word' id='word_1_538' title='bbox 1260 5335 1347 5383; x_wconf 84' lang='lat' dir='ltr'><strong>llerlz.</strong></span> <span class='ocrx_word' id='word_1_539' title='bbox 1367 5358 1394 5369; x_wconf 89' lang='lat'>—</span> <span class='ocrx_word' id='word_1_540' title='bbox 1417 5333 1551 5394; x_wconf 86' lang='lat' dir='ltr'><strong>pororeA</strong></span> <span class='ocrx_word' id='word_1_541' title='bbox 1580 5355 1607 5367; x_wconf 91' lang='lat'>-</span> <span class='ocrx_word' id='word_1_542' title='bbox 1634 5330 1677 5381; x_wconf 82' lang='lat' dir='ltr'><strong>at.</strong></span> <span class='ocrx_word' id='word_1_543' title='bbox 1694 5331 1772 5380; x_wconf 74' lang='lat' dir='ltr'><strong>ista·</strong></span> 
     </span>
     <span class='ocr_line' id='line_1_47' title="bbox 435 5405 1773 5473; baseline -0.001 -16"><span class='ocrx_word' id='word_1_544' title='bbox 435 5408 535 5473; x_wconf 79' lang='lat' dir='ltr'><strong>quidem</strong></span> <span class='ocrx_word' id='word_1_545' title='bbox 550 5419 666 5471; x_wconf 77' lang='lat' dir='ltr'><strong>magno·</strong></span> <span class='ocrx_word' id='word_1_546' title='bbox 682 5411 703 5457; x_wconf 91' lang='lat' dir='ltr'>A</span> <span class='ocrx_word' id='word_1_547' title='bbox 722 5432 749 5443; x_wconf 90' lang='lat'>—</span> <span class='ocrx_word' id='word_1_548' title='bbox 777 5409 817 5457; x_wconf 77' lang='lat'><strong>25.</strong></span> <span class='ocrx_word' id='word_1_549' title='bbox 836 5409 972 5457; x_wconf 69' lang='lat' dir='ltr'><strong>cremnon</strong></span> <span class='ocrx_word' id='word_1_550' title='bbox 989 5407 1019 5459; x_wconf 86' lang='lat' dir='ltr'><strong>A¹</strong></span> <span class='ocrx_word' id='word_1_551' title='bbox 1039 5435 1064 5445; x_wconf 93' lang='lat'><em>-</em></span> <span class='ocrx_word' id='word_1_552' title='bbox 1085 5409 1168 5459; x_wconf 86' lang='lat' dir='ltr'><strong>verba</strong></span> <span class='ocrx_word' id='word_1_553' title='bbox 1185 5411 1227 5459; x_wconf 85' lang='lat' dir='ltr'><strong>md</strong></span> <span class='ocrx_word' id='word_1_554' title='bbox 1242 5411 1459 5465; x_wconf 74' lang='lat' dir='ltr'><strong>certe--oioera</strong></span> <span class='ocrx_word' id='word_1_555' title='bbox 1478 5405 1599 5471; x_wconf 87' lang='lat' dir='ltr'><strong>pluribus</strong></span> <span class='ocrx_word' id='word_1_556' title='bbox 1618 5405 1773 5456; x_wconf 83' lang='lat' dir='ltr'><strong>nominibus</strong></span> 
     </span>
     <span class='ocr_line' id='line_1_48' title="bbox 435 5480 1771 5547; baseline 0.001 -15"><span class='ocrx_word' id='word_1_557' title='bbox 435 5486 574 5546; x_wconf 82' lang='lat' dir='ltr'><strong>suspecta,</strong></span> <span class='ocrx_word' id='word_1_558' title='bbox 593 5481 650 5533; x_wconf 88' lang='lat' dir='ltr'><strong>aliis</strong></span> <span class='ocrx_word' id='word_1_559' title='bbox 668 5481 858 5545; x_wconf 86' lang='lat' dir='ltr'><strong>praeeuntibus</strong></span> <span class='ocrx_word' id='word_1_560' title='bbox 875 5486 904 5531; x_wconf 90' lang='lat' dir='ltr'><strong>ut</strong></span> <span class='ocrx_word' id='word_1_561' title='bbox 921 5484 1032 5533; x_wconf 85' lang='lat' dir='ltr'><strong>insiticia</strong></span> <span class='ocrx_word' id='word_1_562' title='bbox 1050 5487 1153 5535; x_wconf 85' lang='lat' dir='ltr'><strong>uncinis</strong></span> <span class='ocrx_word' id='word_1_563' title='bbox 1171 5484 1438 5547; x_wconf 83' lang='lat' dir='ltr'><strong>circumscripsimus.</strong></span> <span class='ocrx_word' id='word_1_564' title='bbox 1472 5484 1577 5544; x_wconf 82' lang='lat' dir='ltr'><strong>Longae</strong></span> <span class='ocrx_word' id='word_1_565' title='bbox 1594 5480 1771 5534; x_wconf 84' lang='lat' dir='ltr'><strong>litteratorum</strong></span> 
     </span>
     <span class='ocr_line' id='line_1_49' title="bbox 435 5555 1772 5622; baseline 0.001 -16"><span class='ocrx_word' id='word_1_566' title='bbox 435 5557 573 5607; x_wconf 89' lang='lat' dir='ltr'><strong>bominum</strong></span> <span class='ocrx_word' id='word_1_567' title='bbox 596 5556 630 5607; x_wconf 91' lang='lat' dir='ltr'><strong>de</strong></span> <span class='ocrx_word' id='word_1_568' title='bbox 651 5555 711 5607; x_wconf 88' lang='lat' dir='ltr'><strong>loeo</strong></span> <span class='ocrx_word' id='word_1_569' title='bbox 733 5557 926 5620; x_wconf 84' lang='lat' dir='ltr'><strong>disputationes</strong></span> <span class='ocrx_word' id='word_1_570' title='bbox 950 5572 981 5608; x_wconf 85' lang='lat' dir='ltr'><strong>er</strong></span> <span class='ocrx_word' id='word_1_571' title='bbox 1001 5561 1071 5610; x_wconf 77' lang='lat' dir='ltr'><strong>[latii</strong></span> <span class='ocrx_word' id='word_1_572' title='bbox 1093 5565 1119 5610; x_wconf 90' lang='lat' dir='ltr'><strong>et</strong></span> <span class='ocrx_word' id='word_1_573' title='bbox 1140 5575 1173 5611; x_wconf 83' lang='lat' dir='ltr'><strong>ex</strong></span> <span class='ocrx_word' id='word_1_574' title='bbox 1191 5558 1367 5621; x_wconf 76' lang='lat' dir='ltr'><strong>leldbuegelii</strong></span> <span class='ocrx_word' id='word_1_575' title='bbox 1385 5556 1545 5608; x_wconf 78' lang='lat' dir='ltr'><strong>editionibus</strong></span> <span class='ocrx_word' id='word_1_576' title='bbox 1561 5559 1689 5620; x_wconf 79' lang='lat' dir='ltr'><strong>cognosci</strong></span> <span class='ocrx_word' id='word_1_577' title='bbox 1706 5571 1772 5622; x_wconf 86' lang='lat' dir='ltr'><strong>poe-</strong></span> 
     </span>
     <span class='ocr_line' id='line_1_50' title="bbox 436 5632 1767 5698; baseline 0.001 -16"><span class='ocrx_word' id='word_1_578' title='bbox 436 5635 506 5682; x_wconf 91' lang='lat' dir='ltr'><strong>sunt.</strong></span> <span class='ocrx_word' id='word_1_579' title='bbox 527 5658 554 5669; x_wconf 97' lang='lat'>-</span> <span class='ocrx_word' id='word_1_580' title='bbox 573 5633 703 5682; x_wconf 75' lang='lat' dir='ltr'><strong>reatino</strong></span> <span class='ocrx_word' id='word_1_581' title='bbox 729 5659 762 5669; x_wconf 97' lang='lat'><em>-</em></span> <span class='ocrx_word' id='word_1_582' title='bbox 786 5633 828 5682; x_wconf 71' lang='lat'><strong>26.</strong></span> <span class='ocrx_word' id='word_1_583' title='bbox 847 5635 1277 5698; x_wconf 61' lang='lat' dir='ltr'><strong>revellererautapperettA</strong></span> <span class='ocrx_word' id='word_1_584' title='bbox 1306 5659 1333 5668; x_wconf 92' lang='lat'>-</span> <span class='ocrx_word' id='word_1_585' title='bbox 1359 5632 1434 5682; x_wconf 81' lang='lat' dir='ltr'><strong>babet</strong></span> <span class='ocrx_word' id='word_1_586' title='bbox 1451 5632 1567 5682; x_wconf 85' lang='lat' dir='ltr'><strong>Ernesti:</strong></span> <span class='ocrx_word' id='word_1_587' title='bbox 1593 5633 1721 5683; x_wconf 67' lang='lat' dir='ltr'><strong>buente</strong></span> <span class='ocrx_word' id='word_1_588' title='bbox 1741 5657 1767 5670; x_wconf 90' lang='lat'>-</span> 
     </span>
     <span class='ocr_line' id='line_1_51' title="bbox 435 5702 1770 5773; baseline -0.001 -16"><span class='ocrx_word' id='word_1_589' title='bbox 435 5702 578 5757; x_wconf 76' lang='lat' dir='ltr'><strong>otoeret13¹</strong></span> <span class='ocrx_word' id='word_1_590' title='bbox 605 5731 631 5743; x_wconf 92' lang='lat'><em>-</em></span> <span class='ocrx_word' id='word_1_591' title='bbox 661 5707 702 5757; x_wconf 78' lang='lat'><strong>27.</strong></span> <span class='ocrx_word' id='word_1_592' title='bbox 721 5712 782 5768; x_wconf 87' lang='lat' dir='ltr'><strong>opto</strong></span> <span class='ocrx_word' id='word_1_593' title='bbox 799 5706 861 5757; x_wconf 88' lang='lat' dir='ltr'><strong>edd.</strong></span> <span class='ocrx_word' id='word_1_594' title='bbox 875 5712 950 5758; x_wconf 82' lang='lat' dir='ltr'><strong>velt:</strong></span> <span class='ocrx_word' id='word_1_595' title='bbox 970 5716 1060 5771; x_wconf 84' lang='lat' dir='ltr'><strong>operto</strong></span> <span class='ocrx_word' id='word_1_596' title='bbox 1077 5712 1096 5759; x_wconf 87' lang='lat' dir='ltr'>C</span> <span class='ocrx_word' id='word_1_597' title='bbox 1116 5711 1172 5771; x_wconf 80' lang='lat' dir='ltr'><strong>(per</strong></span> <span class='ocrx_word' id='word_1_598' title='bbox 1189 5711 1214 5759; x_wconf 91' lang='lat' dir='ltr'><strong>iu</strong></span> <span class='ocrx_word' id='word_1_599' title='bbox 1233 5714 1252 5759; x_wconf 91' lang='lat' dir='ltr'>A</span> <span class='ocrx_word' id='word_1_600' title='bbox 1271 5722 1319 5773; x_wconf 88' lang='lat' dir='ltr'><strong>per</strong></span> <span class='ocrx_word' id='word_1_601' title='bbox 1336 5713 1451 5772; x_wconf 80' lang='lat' dir='ltr'><strong>compl:</strong></span> <span class='ocrx_word' id='word_1_602' title='bbox 1478 5709 1770 5769; x_wconf 64' lang='lat' dir='ltr'><strong>consentaneae.</strong></span> 
     </span>
     <span class='ocr_line' id='line_1_52' title="bbox 435 5779 1772 5847; baseline 0.001 -17"><span class='ocrx_word' id='word_1_603' title='bbox 435 5783 530 5845; x_wconf 88' lang='lat' dir='ltr'><strong>Zumpt</strong></span> <span class='ocrx_word' id='word_1_604' title='bbox 557 5804 583 5818; x_wconf 89' lang='lat'>-</span> <span class='ocrx_word' id='word_1_605' title='bbox 607 5782 707 5844; x_wconf 68' lang='lat' dir='ltr'><strong>perfrui</strong></span> <span class='ocrx_word' id='word_1_606' title='bbox 723 5787 743 5833; x_wconf 91' lang='lat' dir='ltr'>A</span> <span class='ocrx_word' id='word_1_607' title='bbox 761 5784 787 5833; x_wconf 90' lang='lat' dir='ltr'><strong>in</strong></span> <span class='ocrx_word' id='word_1_608' title='bbox 805 5795 857 5832; x_wconf 88' lang='lat' dir='ltr'><strong>ras.</strong></span> <span class='ocrx_word' id='word_1_609' title='bbox 876 5781 958 5832; x_wconf 90' lang='lat' dir='ltr'><strong>babet</strong></span> <span class='ocrx_word' id='word_1_610' title='bbox 986 5810 1011 5819; x_wconf 91' lang='lat'>-</span> <span class='ocrx_word' id='word_1_611' title='bbox 1039 5786 1126 5845; x_wconf 80' lang='lat' dir='ltr'><strong>requi·</strong></span> <span class='ocrx_word' id='word_1_612' title='bbox 1144 5789 1174 5840; x_wconf 86' lang='lat' dir='ltr'><strong>A.</strong></span> <span class='ocrx_word' id='word_1_613' title='bbox 1192 5786 1271 5847; x_wconf 77' lang='lat' dir='ltr'><strong>sequit</strong></span> <span class='ocrx_word' id='word_1_614' title='bbox 1289 5781 1317 5833; x_wconf 84' lang='lat' dir='ltr'><strong>ll&#39;</strong></span> <span class='ocrx_word' id='word_1_615' title='bbox 1344 5807 1371 5818; x_wconf 90' lang='lat'><em>-</em></span> <span class='ocrx_word' id='word_1_616' title='bbox 1400 5787 1423 5832; x_wconf 89' lang='lat' dir='ltr'><strong>et</strong></span> <span class='ocrx_word' id='word_1_617' title='bbox 1440 5785 1487 5840; x_wconf 74' lang='lat' dir='ltr'><strong>(em</strong></span> <span class='ocrx_word' id='word_1_618' title='bbox 1502 5779 1540 5844; x_wconf 77' lang='lat' dir='ltr'><strong>fl¹l</strong></span> <span class='ocrx_word' id='word_1_619' title='bbox 1557 5781 1772 5844; x_wconf 68' lang='lat' dir='ltr'><strong>umqomttepe</strong></span> 
     </span>
     <span class='ocr_line' id='line_1_53' title="bbox 436 5857 1771 5923; baseline -0.001 -16"><span class='ocrx_word' id='word_1_620' title='bbox 436 5857 509 5907; x_wconf 81' lang='lat' dir='ltr'><strong>B¹ll:</strong></span> <span class='ocrx_word' id='word_1_621' title='bbox 529 5859 581 5908; x_wconf 74' lang='lat' dir='ltr'><strong>nur</strong></span> <span class='ocrx_word' id='word_1_622' title='bbox 597 5870 650 5919; x_wconf 81' lang='lat' dir='ltr'><strong>qo.</strong></span> <span class='ocrx_word' id='word_1_623' title='bbox 667 5894 673 5908; x_wconf 91' lang='lat'><strong>.</strong></span> <span class='ocrx_word' id='word_1_624' title='bbox 691 5894 697 5908; x_wconf 90' lang='lat'><em>.</em></span> <span class='ocrx_word' id='word_1_625' title='bbox 715 5871 766 5921; x_wconf 82' lang='lat' dir='ltr'><strong>quo</strong></span> <span class='ocrx_word' id='word_1_626' title='bbox 783 5859 865 5922; x_wconf 76' lang='lat' dir='ltr'><strong>(quoni</strong></span> <span class='ocrx_word' id='word_1_627' title='bbox 882 5862 961 5920; x_wconf 78' lang='lat' dir='ltr'><strong>corr}</strong></span> <span class='ocrx_word' id='word_1_628' title='bbox 979 5859 1031 5923; x_wconf 84' lang='lat' dir='ltr'><strong>lege</strong></span> <span class='ocrx_word' id='word_1_629' title='bbox 1047 5861 1066 5910; x_wconf 97' lang='lat' dir='ltr'>A</span> <span class='ocrx_word' id='word_1_630' title='bbox 1086 5861 1188 5922; x_wconf 72' lang='lat' dir='ltr'><strong>(lacuna</strong></span> <span class='ocrx_word' id='word_1_631' title='bbox 1206 5864 1248 5910; x_wconf 89' lang='lat' dir='ltr'><strong>est</strong></span> <span class='ocrx_word' id='word_1_632' title='bbox 1265 5870 1362 5909; x_wconf 89' lang='lat' dir='ltr'><strong>novem</strong></span> <span class='ocrx_word' id='word_1_633' title='bbox 1379 5857 1510 5908; x_wconf 85' lang='lat' dir='ltr'><strong>decemve</strong></span> <span class='ocrx_word' id='word_1_634' title='bbox 1527 5857 1700 5922; x_wconf 81' lang='lat' dir='ltr'><strong>litterarum);</strong></span> <span class='ocrx_word' id='word_1_635' title='bbox 1716 5857 1771 5906; x_wconf 73' lang='lat' dir='ltr'><strong>eiua</strong></span> 
     </span>
     <span class='ocr_line' id='line_1_54' title="bbox 435 5931 1282 5999; baseline 0.005 -18"><span class='ocrx_word' id='word_1_636' title='bbox 435 5933 552 5994; x_wconf 83' lang='lat' dir='ltr'><strong>qsorlot</strong></span> <span class='ocrx_word' id='word_1_637' title='bbox 570 5934 602 5996; x_wconf 78' lang='lat' dir='ltr'><strong>(et</strong></span> <span class='ocrx_word' id='word_1_638' title='bbox 618 5932 700 5995; x_wconf 80' lang='lat' dir='ltr'><strong>corr.)</strong></span> <span class='ocrx_word' id='word_1_639' title='bbox 716 5936 789 5997; x_wconf 79' lang='lat' dir='ltr'><strong>quoni</strong></span> <span class='ocrx_word' id='word_1_640' title='bbox 805 5934 858 5999; x_wconf 76' lang='lat' dir='ltr'><strong>tage</strong></span> <span class='ocrx_word' id='word_1_641' title='bbox 874 5931 904 5983; x_wconf 71' lang='grc' dir='ltr'><strong>θ’</strong></span> <span class='ocrx_word' id='word_1_642' title='bbox 930 5959 957 5970; x_wconf 98' lang='grc'>-</span> <span class='ocrx_word' id='word_1_643' title='bbox 986 5934 1027 5985; x_wconf 73' lang='lat'><strong>20.</strong></span> <span class='ocrx_word' id='word_1_644' title='bbox 1045 5935 1106 5984; x_wconf 79' lang='lat' dir='ltr'><strong>boec</strong></span> <span class='ocrx_word' id='word_1_645' title='bbox 1123 5931 1166 5986; x_wconf 75' lang='lat'><strong>3²:</strong></span> <span class='ocrx_word' id='word_1_646' title='bbox 1189 5935 1235 5985; x_wconf 85' lang='lat' dir='ltr'><strong>boc</strong></span> <span class='ocrx_word' id='word_1_647' title='bbox 1252 5935 1282 5985; x_wconf 87' lang='lat' dir='ltr'><strong>C.</strong></span> 
     </span>
    </p>
   </div>
   <div class='ocr_carea' id='block_1_5' title="bbox 0 0 2178 7459">
    <p class='ocr_par' dir='ltr' id='par_1_6' title="bbox 0 0 2178 7459">
     <span class='ocr_line' id='line_1_55' title="bbox 0 0 2178 7459; baseline 0 0"><span class='ocrx_word' id='word_1_648' title='bbox 0 0 2178 7459; x_wconf 95' lang='lat' dir='ltr'><strong> </strong></span> 
     </span>
    </p>
   </div>
  </div>
 </body>
</html>
