4342 7459
758 1248 827 1313 cu.
848 1247 887 1311 11.
914 1242 988 1310 cn».
1010 1245 1149 1309 rx-x.
1175 1242 1221 1327 §s
1243 1240 1387 1308 ai-ss.

542 1408 751 1492 clepsisse
773 1407 866 1471 dolo
888 1426 1112 1489 poenasque
1134 1405 1222 1468 lori

539 1506 636 1567 Fato
659 1502 908 1585 expendisse
931 1520 1131 1582 supremo.

411 1599 478 1662 llas
500 1599 594 1682 igitur
615 1616 733 1681 poenas
754 1594 913 1678 pendens,
935 1592 1057 1657 adfixus
1078 1594 1118 1656 ad
1143 1593 1333 1665 Caucasum,
1355 1590 1433 1654 dicit
1453 1590 1550 1653 haec:

539 1692 726 1754 Titanum
749 1688 935 1761 suboles,
958 1690 1070 1750 socia
1094 1686 1228 1750 nostri
1250 1684 1482 1767 sanguinis,

540 1786 739 1848 Generata
763 1781 903 1856 Caelo,
927 1782 1107 1863 aspicite
1129 1779 1343 1861 religatum
1365 1779 1526 1862 asperis

538 1880 804 1960 Vinctumque
826 1876 952 1950 saxis,
976 1894 1104 1937 navem
1125 1881 1168 1937 ut
1187 1873 1403 1936 horrisono
1426 1871 1523 1936 freto

538 1975 696 2035 Noctem
719 1977 909 2053 paventes
932 1968 1066 2031 timidi
1088 1969 1315 2031 adnectunt
1334 1968 1503 2032 navitae.

540 2067 759 2130 Saturnius
781 2084 838 2126 me
860 2064 920 2126 sic
941 2062 1087 2126 infixit
1109 2063 1321 2145 luppiter,

539 2160 737 2243 lorisque
760 2176 899 2219 numen
922 2156 1130 2222 Mulciberi
1152 2156 1327 2219 adscivit
1348 2174 1494 2217 manus.

538 2255 618 2317 llos
642 2252 719 2315 ille
742 2271 887 2315 cuneos
909 2249 1066 2314 fabrica
1089 2249 1248 2314 crudeli
1270 2248 1455 2311 inserens

539 2348 722 2429 Perrupit
742 2353 871 2408 artus:
894 2363 970 2427 qua
992 2345 1114 2407 miser
1134 2343 1328 2408 sollertia

538 2439 906 2504 Transverberatus
928 2445 1099 2500 castrum
1121 2435 1192 2500 hoc
1214 2436 1415 2498 Furiarum
1436 2433 1587 2497 incolo.

464 2533 514 2597 24.
537 2537 612 2599 lam
636 2534 761 2598 tertio
784 2554 841 2596 me
864 2552 1023 2615 quoque
1045 2532 1210 2594 lunesto
1233 2529 1297 2591 die

538 2628 669 2691 Tristi
692 2626 885 2690 advolatu
907 2625 1076 2688 aduncis
1098 2623 1286 2688 lacerans
1309 2623 1510 2707 unguibus

539 2722 648 2785 lovis
671 2718 841 2782 satelles
863 2724 980 2799 pastu
1004 2718 1181 2782 dilaniat
1201 2718 1299 2782 fero.

539 2817 631 2879 Tum
653 2815 787 2877 iecore
810 2812 939 2896 opimo
961 2810 1066 2875 farta
1090 2821 1126 2876 et
1148 2815 1294 2877 satiata
1315 2811 1485 2875 adfatim

540 2908 782 2990 Clangorem
805 2904 939 2967 fundit
961 2914 1110 2970 vastum
1133 2914 1172 2970 et
1193 2907 1368 2971 sublime
1390 2905 1559 2970 avolans

538 3001 713 3063 Pinnata
735 2997 862 3062 cauda
884 3006 1064 3063 nostrum
1086 3001 1222 3065 adulat
1243 3001 1489 3083 sanguinem.

540 3094 630 3157 Cum
651 3113 742 3158 vero
765 3091 925 3155 adesum
947 3091 1101 3155 inflatu
1123 3103 1363 3159 renovatum
1386 3102 1448 3158 est
1467 3095 1596 3167 iecur,

539 3191 631 3253 Tum
652 3207 805 3251 rursum
826 3193 977 3249 taetros
999 3187 1118 3251 avida
1141 3187 1247 3253 acad
1269 3196 1409 3271 pastus
1431 3188 1567 3252 refert

540 3283 608 3346 Sic
626 3282 731 3345 hanc
753 3279 964 3344 custodem
987 3283 1129 3345 maesti
1151 3283 1354 3347 cruciatus
1376 3282 1454 3358 alo,
1488 3282 1492 3291 '

540 3375 648 3452 Quae
669 3395 725 3438 me
747 3374 911 3458 perenni
934 3374 1064 3438 virum
1087 3375 1227 3450 foedat
1247 3376 1420 3440 miseria.
1618 3442 1620 3446 ,

539 3473 729 3555 Namque,
750 3477 793 3532 ut
814 3468 978 3542 ridetis,
1000 3469 1154 3534 sinclis
1176 3473 1414 3536 constrictus
1435 3469 1546 3534 loris
1582 3481 1585 3487 “

538 3568 683 3628 Arcera
703 3582 862 3647 nequeo
885 3562 1009 3626 diram
1031 3563 1234 3627 volucrem
1255 3585 1275 3628 a
1296 3574 1470 3649 pectore.

466 3657 517 3724 25.
539 3662 606 3726 Sic
628 3680 685 3723 me
706 3660 794 3743 ipse
816 3659 960 3724 viduus
982 3667 1118 3743 pestes
1140 3661 1304 3742 excipio
1326 3661 1482 3736 anxias,

538 3757 677 3817 Amore
700 3754 839 3817 mortis
861 3753 1075 3817 terminum
1097 3754 1326 3836 anquirens
1347 3754 1452 3818 mali.

539 3847 615 3912 Sed
637 3847 754 3931 longe
776 3867 796 3911 a
816 3847 900 3910 leto
922 3847 1086 3910 numine
1107 3848 1278 3933 aspellor
1299 3850 1409 3912 loris.

537 3941 668 4025 dique
688 3943 790 4006 haec
812 3948 972 4005 uetusta
993 3941 1147 4005 saeclis
1169 3941 1388 4025 glomerata
1407 3943 1586 4009 horridis

537 4034 725 4099 Luctifica
747 4034 877 4099 clades
898 4044 1030 4100 nostro
1052 4034 1187 4099 infixa
1209 4044 1267 4101 est
1288 4037 1470 4121 corpori,

515 4198 670 4205 ..n-.-

477 4298 500 4346 t.
520 4297 624 4360 Cispisac
639 4297 659 4345 0
678 4309 739 4346 cum
753 4294 819 4344 God.
839 4296 999 4346 Hermanno.
1019 4296 1057 4346 ci.
1071 4296 1175 4360 Madvig
1191 4295 1225 4345 ad
1238 4297 1292 4347 Cic.
1307 4295 1340 4346 de
1359 4295 1412 4347 lin.
1426 4310 1452 4361 p.
1465 4297 1522 4350 748.
1535 4326 1568 4335 -
1583 4313 1662 4361 penas
1672 4314 1736 4363 puae

410 4372 460 4421 644
479 4396 506 4406 -
526 4373 550 4420 2.
570 4370 640 4435 Fato]
662 4372 734 4420 Furti
750 4369 884 4420 semlerus
905 4372 931 4420 in
948 4368 1055 4420 Miscell.
1076 4373 1157 4420 Lecti.
1178 4371 1198 4419 ll
1217 4384 1242 4434 p.
1261 4370 1292 4421 53
1311 4373 1338 4420 et
1354 4369 1472 4435 Bentley.
1491 4375 1519 4422 ln
1538 4374 1628 4436 Grato
1644 4390 1736 4427 corre-

409 4448 483 4494 ctum
500 4444 606 4494 videtur
622 4458 654 4494 ex
670 4445 745 4506 [coto.
767 4470 793 4479 -
813 4445 837 4493 3.
856 4445 916 4494 icoc
933 4445 992 4493 dicit
1009 4445 1029 4493 0
1049 4470 1076 4480 —-
1096 4444 1119 4495 4.
1138 4443 1230 4494 robola
1246 4445 1276 4493 C.
1295 4445 1333 4494 Cl.
1347 4447 1438 4496 llarini
1456 4448 1507 4496 Atti
1524 4447 1565 4498 de'
1581 4448 1736 4501 4444414444-

409 4516 462 4568 rali
480 4530 506 4582 p.
519 4519 576 4569 828.
597 4544 624 4556 -
643 4519 668 4568 6.
686 4519 828 4581 cataroae
845 4520 893 4568 Gli
912 4518 1017 4581 (sedin
1035 4520 1054 4567 li
1072 4531 1155 4583 super
1169 4518 1255 4569 littera
1272 4518 1282 4568 i
1298 4518 1391 4570 lineola
1409 4520 1506 4583 deleta)
1525 4550 1552 4559 -
1576 4524 1599 4573 9.
1617 4526 1737 4576 mulcebri

410 4595 477 4652 644,
494 4593 613 4643 4444444444·
629 4591 663 4642 ab
681 4593 777 4643 eadem
796 4605 831 4643 rn.
851 4606 920 4644 corr.
940 4595 967 4644 in
982 4592 1098 4644 4444444444
1115 4596 1147 4652 Β;
1170 4594 1287 4645 4444444444·
1303 4594 1332 4644 0.
1352 4595 1516 4658 stregderus
1533 4610 1566 4647 ex
1583 4600 1736 4666 archetypo

407 4667 545 4728 1¹1ch,
571 4668 654 4718 torma
675 4666 792 4717 inaudita
810 4670 850 4725 et,
873 4668 895 4717 si
915 4668 966 4717 hoc
983 4666 1093 4719 Vulcani
1110 4681 1257 4731 cognomen
1275 4680 1307 4717 ex
1324 4669 1431 4720 44444444
1448 4672 1474 4719 44
1488 4671 1585 4733 imum
1601 4677 1737 4738 composi-

419 4755 468 4794 nm
485 4746 528 4793 est
543 4744 621 4805 (Fest.
640 4755 663 4793 s.
678 4743 731 4803 r.),
749 4739 878 4793 anomala.
901 4741 1023 4792 44446444
1034 4741 1166 4792 Vulcanus
1184 4746 1225 4793 est
1238 4742 1338 4802 ovidio,
1357 4741 1427 4801 Silio.
1445 4745 1556 4807 Donato,
1576 4749 1661 4809 Festo,
1681 4752 1736 4800 lla-

408 4815 513 4873 crobio.
536 4817 668 4867 llarctano
691 4818 767 4882 Cap,
792 4818 937 4875 Priscian03
961 4830 1043 4881 quare
1067 4818 1161 4868 Cicero
1178 4828 1286 4879 quoqne
1303 4817 1361 4867 sine
1378 4816 1459 4867 dublo
1476 4820 1581 4885 scripsit
1598 4826 1636 4883 {ut
1652 4827 1693 4874 est
1710 4826 1737 4876 in

407 4890 512 4955 adquot
534 4890 623 4953 codd.)
646 4891 762 4941 usaue
779 4890 820 4941 vel
842 4893 929 4955 potius
952 4894 990 4953 tut
1007 4890 1048 4941 alii
1065 4890 1173 4953 habenti
1192 4890 1334 4950 4444444444,
1358 4891 1429 4954 quod
1448 4889 1567 4955 neque'a
1586 4901 1671 4948 metro
1687 4898 1737 4948 ab·

407 4966 503 5017 horret
519 4969 546 5015 et
562 4977 625 5016 cum
642 4967 811 5031 inscriptione
829 4966 862 5016 ab
880 4965 975 5017 Orellio
993 4965 1098 5017 laudata
1116 4981 1142 5016 n.
1156 4965 1219 5015 4382
1235 4966 1269 5027 (in
1282 4978 1334 5028 qua
1346 4964 1441 5028 legitur
1451 4967 1593 5032 Musicae)
1606 4975 1738 5023 consentit

408 5040 453 5102 444.
473 5039 614 5090 unitim
630 5040 701 5104 apud
719 5040 839 5091 Ovidium
857 5042 884 5090 et
901 5042 1098 5103 Priscianuml.s
1116 5042 1158 5091 W.
1175 5068 1201 5077 -
1220 5036 1306 5090 444444
1322 5042 1354 5098 li3
1373 5042 1464 5091 crcioit
1476 5055 1567 5106 margo
1580 5045 1622 5095 ed.
1635 5060 1658 5095 a.
1674 5047 1736 5098 4484

408 5116 437 5165 44
454 5113 521 5165 God.
535 5114 703 5165 Hermannus
720 5116 816 5179 opusc.
831 5115 863 5163 iv
882 5128 908 5179 p.
921 5116 978 5166 270.
993 5141 1020 5151 -
1041 5117 1081 5166 ⁴2.
1099 5116 1178 5165 inccta
1196 5115 1221 5164 in
1239 5127 1331 5165 rasura
1349 5114 1431 5165 habet
1447 5118 1467 5166 G
1480 5143 1507 5154 -
1527 5119 1567 5168 46.
1587 5119 1647 5169 Tam
1657 5122 1738 5172 444444

406 5188 493 5252 op'no
508 5187 579 5250 44444
595 5193 619 5239 et
634 5190 728 5238 satiata
745 5190 895 5239 Priscianus
911 5189 946 5249 X,
965 5189 989 5248 9,
1008 5188 1048 5239 43.
1068 5215 1095 5224 -
1114 5191 1180 5239 iecor
1196 5190 1278 5251 opimo
1296 5190 1354 5240 Gli¹
1373 5216 1399 5225 -
1420 5191 1459 5240 ii.
1479 5191 1582 5242 4444444
1599 5194 1737 5246 Turnebus

407 5267 437 5315 et
459 5260 578 5314 nonnulii
599 5264 693 5314 codd:
716 5264 874 5314 4444444446
900 5290 924 5300 -
952 5263 992 5314 ta.
1010 5269 1123 5312 44444444
1145 5262 1232 5313 adstat
1254 5264 1400 5327 4444444444
1422 5266 1566 5319 Arusianus
1585 5280 1611 5332 p.
1631 5270 1688 5320 aas.
1707 5296 1735 5305 -

406 5340 450 5392 si.
475 5339 588 5389 taccu
600 5340 670 5401 Quas
690 5337 815 5402 Bentley:
842 5339 906 5388 4444
918 5363 954 5375 --
967 5339 1015 5399 Qui
1037 5338 1095 5388 CO.
1129 5338 1322 5398 «Ciceronem,
1349 5340 1394 5402 qui
1416 5353 1496 5404 supra
1521 5344 1585 5393 14444
1608 5345 1738 5394 satelles

407 5410 517 5478 (4414444)
533 5411 625 5474 tarta
641 5415 669 5462 et
683 5413 807 5461 satiata
824 5415 851 5462 et
867 5414 986 5476 proximo
1003 5413 1142 5476 superiore
1158 5426 1238 5465 versu
1255 5413 1352 5463 ovida
1369 5412 1463 5465 dixerit
1480 5416 1521 5479 (ci.
1539 5418 1620 5469 Divin.
1636 5420 1655 5478 1,
1669 5419 1736 5479 406),

408 5486 529 5539 eundern
546 5486 572 5537 h.
592 5484 609 5537 l.
628 5486 766 5551 scripsisse
783 5486 865 5535 4444
881 5488 1051 5536 eamean
1062 5487 1117 5549 qui
1134 5499 1166 5536 ne
1184 5499 1234 5550 ego
1245 5486 1354 5551 quidem
1373 5488 1484 5541 credere
1502 5503 1620 5555 possum.
1640 5490 1737 5540 Klotzio

408 5563 517 5613 ridetur
535 5562 628 5612 Cicero
645 5561 685 5612 sic
701 5562 852 5610 4444444444
869 5562 1004 5612 notionem
1021 5562 1128 5624 gravius
1145 5562 1285 5623 extulisse,
1304 5565 1379 5625 quasi
1390 5568 1583 5629 praenosticum
1595 5579 1677 5629 genus
1689 5563 1738 5616 illis

408 5635 579 5702 temporibus
600 5636 732 5688 eiusmodi
748 5638 801 5687 vim
825 5635 904 5687 ullam
921 5635 1045 5686 habuerit
1062 5651 1094 5687 ac
1112 5649 1164 5687 non
1180 5638 1241 5688 4444
1257 5644 1336 5687 444444
1353 5652 1439 5703 eaque
1457 5644 1547 5691 custos
1564 5640 1641 5690 luerit
1657 5641 1737 5703 atque

407 5711 448 5760 444
463 5716 553 5760 castos.
580 5712 661 5762 Recte
684 5709 794 5772 Bentley
813 5711 878 5760 4444
895 5724 943 5775 pro
960 5712 1024 5761 4444
1041 5715 1068 5761 44
1085 5723 1150 5772 quoe
1166 5725 1215 5776 pro
1232 5714 1275 5776 qui
1292 5714 1411 5777 scripsit;
1435 5714 1467 5764 ci.
1487 5714 1502 5777 S
1520 5714 1551 5763 33
1567 5714 1642 5763 4444
1657 5719 1738 5763 custos

408 5785 540 5848 4444444444
555 5782 711 5845 (lenitudo),
730 5784 764 5835 de
781 5790 826 5834 uot
843 5788 870 5835 et
886 5791 931 5835 aot
947 5784 1063 5836 contusis
1081 5786 1100 5845 1,
1114 5785 1156 5845 84,
1176 5786 1210 5838 de
1222 5790 1266 5851 qui
1277 5791 1304 5839 et
1314 5801 1378 5852 puae
1389 5788 1404 5853 5
1416 5789 1456 5839 st.
1470 5789 1512 5847 444,
1526 5788 1564 5838 ti.
1579 5787 1609 5846 V,
1622 5788 1680 5837 69.»
1693 5789 1735 5838 W.

413 5884 440 5896 -
457 5858 548 5909 4444444
564 5857 622 5982 (ml
639 5862 699 5923 post
715 5859 725 5908 4
741 5858 826 5910 littera
844 5860 928 5922 erasa)
947 5862 968 5911 G
988 5887 1014 5897 -
1033 5860 1074 5911 44.
1092 5861 1194 5912 4444444
1210 5863 1231 5913 G
1251 5889 1276 5900 -
1295 5863 1336 5914 48.
1354 5863 1436 5925 adque
1453 5865 1484 5914 0¹
1502 5889 1529 5901 -
1547 5861 1588 5913 49.
1606 5861 1697 5927 eudes]
1713 5862 1737 5913 ct

411 5935 439 5985 ln
454 5943 547 5982 rasura
620 5934 648 5983 44
665 5933 694 5983 G.

1744 1791 1758 1834 4
