4342 7459
665 1268 733 1332 Lm.
755 1268 810 1333 itt.
839 1268 913 1332 Car.
935 1268 1225 1333 xxvi-xxvii.
1253 1266 1299 1353 §5
1322 1266 1469 1333 65-70.
1678 1267 1741 1336 169

535 1431 629 1516 Ipsa
651 1432 811 1494 interea
834 1428 1044 1511 effugeret,
1066 1431 1180 1495 illum
1196 1438 1237 1494 ut
1254 1431 1742 1520 maerortardarets'equi,

538 1525 621 1588 Sibi
644 1525 813 1588 salutem
836 1533 877 1587 ut
898 1525 1094 1590 familiari
1117 1534 1277 1607 pareret
1297 1527 1530 1608 parricidio.

408 1619 461 1684 68.
483 1620 564 1683 Huic
586 1626 620 1682 ut
635 1619 755 1692 scelus,
777 1620 822 1682 sic
836 1639 875 1682 ne
891 1622 971 1682 ratio
987 1620 1115 1702 quidem
1131 1619 1242 1683 detuit.
1275 1620 1383 1695 Quint
1404 1620 1459 1684 ille
1474 1620 1614 1684 funestas
1630 1621 1741 1706 epulas

407 1715 496 1779 tratri
518 1732 696 1795 conparans
718 1734 823 1777 nonne
847 1722 951 1777 versat
971 1714 1034 1775 huc
1057 1723 1089 1777 et
1110 1715 1187 1777 illue
1209 1714 1399 1798 cogitatione
1422 1716 1602 1778 rationem?

536 1809 663 1871 Maior
684 1807 779 1870 mibi
804 1807 948 1881 moles,
972 1810 1098 1870 maius
1121 1808 1400 1871 miscendumst
1422 1809 1576 1884 malurn,
1750 1829 1765 1875 s

536 1902 609 1978 Qui
632 1901 747 1964 illius
769 1902 948 1965 acerbum
972 1923 1039 1965 cor
1062 1900 1295 1966 contundam
1319 1909 1355 1964 et
1377 1905 1635 1985 conprimam.

408 1998 539 2062 xxvtt.
561 1998 627 2059 Neo
650 2003 754 2059 tamen
777 1996 831 2058 ille
855 1996 921 2079 ipse
944 2004 993 2058 est
1014 1997 1280 2078 praetereundus,

535 2090 609 2167 Qui
633 2109 708 2152 non
731 2098 792 2152 sat
814 2087 953 2151 habuit
975 2090 1185 2172 coniugem
1208 2090 1345 2153 inlexe
1367 2092 1406 2153 in
1429 2097 1630 2176 stuprum,

409 2185 448 2248 de
470 2207 536 2270 quo
558 2194 642 2249 recte
665 2193 698 2248 et
719 2184 893 2246 verissume
918 2184 1058 2266 loquitur
1078 2186 1213 2247 Atreus:

786 2277 889 2360 quod
912 2296 950 2339 re
973 2278 1010 2339 in
1033 2298 1181 2341 summa
1203 2298 1390 2342 summum
1414 2299 1504 2343 asse
1525 2280 1718 2354 arbitror,
1750 2297 1778 2343 to

535 2372 753 2445 Periolum,
776 2379 925 2433 matres
947 2372 1208 2455 coinquinari
1229 2374 1381 2455 regias,

536 2466 812 2532 Contaminari
835 2466 1004 2547 stirpem
1026 2487 1070 2529 66
1094 2469 1257 2531 misceri
1280 2487 1413 2551 genus.

408 2568 449 2629 11
469 2563 502 2627 id
525 2565 630 2645 ipsum
654 2580 748 2643 66666
771 2558 901 2634 661Ιί66,
920 2560 979 2642 qui
1003 2581 1134 2642 regnum
1157 2561 1313 2625 adulterio
1337 2570 1524 2644 quaereret:

534 2656 657 2728 Addo,
680 2654 800 2737 inquit,
824 2652 909 2726 buc,
932 2654 1032 2736 quod
1056 2656 1148 2717 mibi
1172 2664 1360 2736 portento
1384 2656 1605 2722 caelestum
1627 2663 1741 2741 pater

534 2748 770 2832 Prodigium
795 2749 905 2810 misit
926 2749 1038 2828 regni
1061 2749 1293 2812 stabilimen
1317 2752 1409 2824 mei,
1748 2764 1779 2813 tt

535 2848 687 2926 Agrium
711 2842 818 2904 inter
841 2840 1014 2922 pecudes
1036 2863 1153 2905 aurea
1176 2844 1328 2907 clarum
1352 2864 1473 2919 coma,

536 2940 658 3015 Quem
681 2935 778 2998 clam
801 2934 1013 3017 Thyestem
1036 2938 1195 3019 clepere
1218 2958 1353 3002 ausum
1377 2960 1466 3003 esse
1488 2960 1506 3002 e
1527 2940 1654 3023 regia,

535 3034 614 3110 Qua
636 3032 674 3093 in
697 3051 735 3094 re
758 3030 1001 3092 adiutricem
1023 3032 1228 3111 coniugem
1252 3036 1360 3114 cepit
1381 3033 1472 3096 sibi.

407 3129 459 3196 69.
488 3129 665 3193 Videturne
694 3145 816 3188 summa
846 3126 1035 3207 inprobitate
1064 3145 1141 3188 usus
1171 3145 1234 3187 non
1265 3129 1332 3190 sine
1354 3147 1476 3190 summa
1498 3147 1568 3191 esse
1590 3128 1739 3191 rationel

406 3227 472 3289 Nec
500 3242 575 3286 vero
606 3239 720 3283 scaena
742 3220 847 3282 solum
869 3218 985 3282 referta
1007 3227 1055 3281 est
1076 3218 1126 3282 his
1149 3221 1339 3294 sceleribus,
1368 3222 1423 3285 sed
1447 3223 1545 3287 multo
1568 3223 1631 3285 vita
1654 3236 1777 3285 com-ao

407 3320 513 3382 munis
545 3335 645 3399 paene
678 3314 859 3377 maioribus.
897 3314 1000 3376 Sentit
1027 3314 1141 3376 domus
1175 3316 1267 3377 unius
1295 3316 1468 3399 cuiusque,
1501 3317 1598 3379 sentit
1625 3315 1739 3389 iorum,

409 3413 506 3478 sentit
535 3410 639 3483 curia,
672 3428 817 3490 campus,
851 3409 947 3480 socii,
976 3410 1174 3490 provinciae,
1202 3420 1251 3483 ut,
1275 3431 1368 3494 quern
1398 3410 1437 3474 66
1468 3409 1596 3473 modum
1617 3410 1740 3473 ratione

409 3516 493 3571 reete
517 3504 585 3578 tiat,
608 3505 798 3590 eiuratione
821 3512 983 3585 peccetur,
1006 3505 1206 3588 alterumque
1228 3511 1260 3566 et
1280 3523 1300 3566 a
1323 3505 1431 3587 paucis
1446 3512 1477 3567 et
1498 3523 1584 3576 raro,
1607 3501 1740 3567 alterum

410 3609 442 3664 et
463 3620 559 3682 saepe
582 3607 613 3662 et
635 3618 653 3661 a
675 3599 837 3681 plurimis,
867 3606 901 3660 ut
929 3599 1027 3661 satius
1056 3598 1152 3661 suerit
1174 3599 1293 3662 nullam
1316 3600 1444 3662 omnino
1466 3598 1559 3662 uobis
1580 3616 1600 3660 a
1620 3595 1671 3659 dis
1691 3597 1740 3658 in·

409 3696 594 3759 mortalibus
623 3694 725 3755 datam
754 3712 824 3755 esse
855 3692 1005 3755 rationem
1035 3712 1130 3775 quam
1158 3701 1244 3755 tanta
1272 3713 1343 3755 cum
1372 3692 1512 3774 pernicie
1543 3691 1656 3754 datam.
1701 3689 1776 3752 Utat

409 3790 516 3851 vinum
540 3787 693 3869 aegrotis,
716 3787 792 3868 quia
815 3785 945 3867 prodest
965 3805 1052 3859 raro,
1075 3794 1168 3848 nocet
1189 3786 1391 3868 saepissime,
1415 3786 1527 3848 meiius
1542 3793 1670 3847 estnon
1685 3784 1741 3846 ad·

408 3883 519 3946 bibere
541 3882 670 3944 omnino
694 3901 788 3964 quarn
812 3902 867 3964 spe
886 3881 1000 3943 dubiae
1022 3881 1133 3943 salutis
1157 3878 1190 3943 in
1211 3889 1352 3962 apertam
1376 3880 1549 3961 perniciem
1571 3881 1741 3956 incurrere,

409 3976 454 4039 sic
477 3976 562 4037 haud
585 3975 652 4037 scio
675 3995 715 4036 66
739 3973 850 4037 melius
872 3975 967 4038 suerit
990 3976 1127 4038 bumauo
1150 3978 1256 4058 generi
1280 3983 1399 4038 motum
1424 3976 1517 4037 istum
1535 3974 1741 4037 6616666166-

409 4070 585 4151 gitationis,
608 4088 756 4139 acumen,
780 4068 967 4141 sollertiam,
991 4088 1084 4151 quam
1109 4071 1262 4131 rationem
1285 4087 1448 4142 vocamus,
1473 4070 1621 4151 qnoniam
1645 4069 1741 4150 pesti·

409 4164 475 4225 sera
499 4172 546 4223 est
568 4162 689 4234 multis,
712 4162 880 4224 admodum
905 4163 1015 4243 paucis
1037 4164 1199 4236 salutaris,
1229 4182 1293 4225 non
1316 4163 1384 4225 dari
1407 4163 1535 4224 omnino
1559 4182 1652 4245 qnam
1676 4169 1778 4223 tamw

410 4255 555 4319 munifice
578 4265 609 4318 et
632 4263 694 4318 tam
716 4255 802 4337 large
825 4255 901 4316 dari.
947 4253 997 4315 711.
1021 4257 1124 4331 Quam
1147 4257 1187 4318 ob
1211 4276 1275 4320 rem
1299 4256 1325 4317 si
1349 4276 1437 4318 meus
1460 4256 1669 4339 voluntasque
1693 4254 1741 4315 di·

409 4354 480 4413 vina
503 4351 622 4412 idcirco
646 4350 805 4412 consuluit
826 4349 1023 4422 hominibus,
1048 4350 1135 4432 quod
1158 4351 1198 4412 iis
1214 4360 1261 4413 est
1285 4351 1396 4431 largita
1414 4350 1587 4421 rationem,
1610 4349 1649 4410 iis
1665 4347 1740 4412 solis

409 4444 585 4516 consuluit,
608 4464 689 4527 quos
712 4444 795 4505 bona
819 4445 940 4506 ratione
964 4443 1107 4519 donavit,
1131 4464 1212 4528 quos
1229 4444 1390 4518 videmus,
1413 4445 1439 4507 si
1463 4443 1558 4507 modo
1583 4442 1639 4505 ulli
1656 4448 1740 4515 sunt,

475 4762 498 4810 tt.
518 4759 670 4808 miscendum
686 4761 721 4806 est
737 4755 760 4807 u
780 4783 805 4792 -
826 4758 850 4807 8.
869 4757 963 4808 inlares
980 4759 1014 4817 B,
1033 4759 1099 4808 11666
1116 4772 1184 4810 corr.
1205 4772 1240 4809 m.
1259 4772 1315 4809 sec.
1331 4760 1356 4809 iu
1373 4759 1448 4809 illaec
1464 4759 1487 4806 V
1498 4785 1531 4796 -
1549 4760 1587 4809 10.
1604 4759 1679 4823 quod]
1697 4760 1742 4820 661

409 4840 429 4889 E
448 4840 509 4899 (non
529 4836 556 4896 V)
578 4862 603 4870 -
623 4847 652 4881 ra
668 4835 694 4881 in
712 4833 868 4883 tussev:
887 4835 913 4881 in
930 4847 958 4882 re
975 4835 1000 4882 iu
1019 4835 1175 4897 (posteriora
1193 4837 1219 4884 in
1237 4837 1379 4897 expuncto)
1399 4835 1436 4891 C;
1455 4835 1482 4883 ia
1498 4849 1526 4885 re
1543 4836 1563 4884 Ο
1583 4862 1609 4871 -
1629 4836 1742 4886 arbitror

406 4912 530 4976 periclum
547 4910 597 4959 AC
611 4908 658 4956 PV
676 4909 753 4969 (iuter
770 4922 783 4957 6
802 4913 828 4957 et
844 4910 853 4957 1
871 4922 1005 4971 superscr.
1024 4923 1041 4956 6
1059 4911 1104 4969 Al:
1125 4910 1237 4958 arbitror
1251 4911 1391 4972 perieulum
1408 4910 1474 4967 BEt
1490 4912 1612 4972 periciam
1629 4911 1742 4961 arbitror

409 4990 429 5038 0
448 5012 475 5022 -
497 4987 536 5035 tt.
556 4985 737 5046 quotaquiaori
754 4982 830 5041 tv¹;
850 4984 1002 5046 conpuinnri
1020 4983 1138 5033 ltibbeclr
1156 4984 1216 5035 coli.
1236 4987 1317 5035 biario
1334 4984 1469 5034 Victorino
1487 4998 1512 5049 p.
1525 4983 1557 5035 ti
1569 4987 1598 5035 G.
1619 4987 1743 5036 6116611-

409 5074 509 5113 666666
526 5061 551 5109 in
571 5061 673 5108 tuerer.
693 5073 718 5124 p.
735 5059 791 5108 131.
812 5088 837 5097 -
857 5063 942 5123 regias
959 5060 1111 5110 ARCEP:
1131 5063 1228 5124 regiam
1245 5063 1315 5119 lauta
1333 5058 1624 5121 161666666666666)1Ῑ;
1643 5074 1741 5124 regum,

408 5140 492 5200 regios
510 5136 643 5192 Davisius,
663 5136 682 5181 0
703 5163 729 5171 -
754 5136 793 5183 ta.
813 5150 844 5185 ec
864 5136 962 5184 misceri
986 5134 1160 5185 Ribbeekius:
1187 5136 1318 5184 admisceri
1341 5132 1394 5184 ‘lio
1415 5163 1441 5173 -
1466 5136 1506 5186 ta.
1526 5142 1553 5186 61
1570 5148 1638 5185 corr.
1659 5149 1690 5186 er
1709 5136 1743 5185 od

409 5213 508 5265 ΛΒ1’;
527 5212 562 5259 66
579 5211 597 5259 Ε
618 5234 644 5243 -
665 5209 696 5259 tt
718 5210 785 5258 Adde
802 5210 970 5260 Ribbecltius.
987 5236 1014 5246 -
1033 5210 1135 5258 caeleste
1153 5212 1211 5259 P-
1232 5210 1271 5259 lii.
1291 5223 1385 5275 agnum
1401 5212 1513 5260 inter„
1526 5213 1652 5273 quondam
1666 5210 1743 5271 ltus-

409 5294 470 5337 rtem
494 5286 589 5346 clepere
612 5298 702 5333 numm
724 5299 774 5335 erre
796 5300 809 5335 e
831 5289 902 5347 regio
924 5287 1022 5335 Nouius
1046 5298 1070 5348 p.
1090 5286 1137 5340 20:
1167 5285 1216 5334 sed
1235 5284 1323 5335 locutu
1341 5287 1461 5348 spurium
1480 5300 1540 5337 esse
1559 5285 1743 5336 iudicaverunt

410 5361 528 5411 editores
553 5359 731 5417 basileenses,
756 5374 817 5410 cum
842 5361 876 5410 ab
899 5362 1005 5423 optimis
1029 5360 1107 5410 codd.
1127 5360 1204 5410 absit.
1234 5362 1392 5423 Suspectum
1417 5375 1479 5412 eum
1502 5361 1589 5412 reddit
1607 5361 1687 5409 etism
1705 5357 1741 5419 16,

410 5436 483 5502 6666
501 5437 551 5485 boc
568 5450 621 5485 uno
640 5435 697 5484 loco
715 5435 774 5485 libri
793 5438 822 5485 de
838 5442 891 5485 661.
905 5437 972 5485 deor.
986 5438 1116 5484 vocantur
1132 5449 1181 5499 pro
1199 5437 1229 5486 de
1245 5438 1311 5485 deor.
1326 5440 1380 5486 661.
1400 5462 1422 5471 -
1443 5437 1482 5485 ta.
1502 5450 1574 5497 quem
1590 5437 1656 5484 clam
1673 5436 1743 5496 tige-

410 5520 471 5563 6166
488 5516 522 5562 A:
542 5513 666 5574 66666661
684 5514 717 5569 lin
737 5514 754 5560 B
773 5526 805 5561 et
823 5513 996 5568 correctione}
1015 5512 1132 5571 tevestem
1149 5511 1215 5568 BC;
1241 5524 1313 5572 quem
1329 5511 1518 5571 61666116661666
1536 5512 1566 5564 Ρ;
1591 5523 1664 5572 quem
1681 5510 1743 5558 6661

410 5593 517 5651 tursum
534 5590 612 5650 (corr.
628 5601 658 5636 ex
677 5588 787 5647 tyrsum)
801 5588 835 5643 V;
855 5602 932 5649 qaum
948 5589 1009 5636 dont
1024 5587 1134 5634 tiiertem
1151 5586 1187 5643 E3
1205 5586 1332 5645 quondum
1349 5586 1465 5646 11666166
1481 5585 1532 5634 alii.
1549 5610 1574 5619 -
1594 5597 1643 5633 erre
1654 5597 1743 5634 usuam

411 5666 431 5714 0
451 5690 477 5699 -
498 5664 538 5712 18.
557 5676 608 5724 666
625 5666 696 5725 (post
713 5661 827 5711 litteram
845 5663 958 5722 erasum)
978 5667 1010 5712 A:
1030 5658 1261 5723 aquaticisque)
1280 5660 1417 5710 BCEPV
1436 5686 1462 5695 -
1482 5660 1562 5722 coepit
1578 5660 1646 5719 te,
1664 5661 1745 5721 666611

411 5739 431 5789 Β
445 5764 472 5774 -
491 5739 532 5787 10.
546 5751 637 5786 recena
650 5737 711 5785 AV:
731 5750 803 5783 scena
816 5738 835 5782 0
849 5762 875 5771 -
894 5735 937 5787 st.
950 5749 1023 5797 saepe
1035 5736 1180 5784 Manutius:
1198 5748 1293 5798 seraper
1304 5733 1363 5787 uo.
1382 5735 1420 5785 Ci.
1435 5735 1499 5799 flii.
1513 5760 1539 5770 —
1558 5734 1598 5783 21.
1611 5736 1744 5797 pernitiem

412 5818 432 5864 Δ
447 5814 529 5862 -18,
548 5813 616 5860 1666
633 5825 702 5860 corr.
722 5824 752 5859 ex
771 5817 816 5859 661
834 5812 851 5860 Β
868 5838 901 5848 -
924 5812 965 5861 30.
983 5818 1018 5860 ert
1035 5811 1253 5861 Schoemanuus:
1272 5809 1474 5861 616111113Ρ11
1493 5813 1569 5872 (corr.
1584 5811 1609 5859 iu
1627 5809 1658 5857 rit
1674 5808 1741 5870 Avi:

412 5890 444 5938 stt
461 5889 508 5938 CO
525 5916 558 5925 —
573 5889 694 5936 rulatmit
711 5899 781 5936 corr.
795 5888 820 5936 in
837 5887 963 5936 1616116616
980 5889 1039 5937 B-
1059 5886 1100 5936 31.
1119 5887 1156 5935 liis
1175 5886 1222 5937 BE
1240 5913 1272 5924 -
1288 5886 1509 5951 1666116660-
1529 5885 1561 5934 111
1578 5885 1612 5935 C:
1631 5885 1654 5935 tr
1672 5895 1741 5937 corr.

413 5963 545 6024 161161,
563 5960 807 6023 66666661
827 5987 854 5998 -
878 5961 918 6013 33.
936 5968 995 6013 tunt
1010 5962 1047 6014 E:
1065 5964 1115 6013 siat
1132 5962 1243 6014 1111111
1260 5961 1325 6025 iuliis
1341 5962 1457 6012 iuuare
1473 5962 1511 6025 P).
