4342 7459
777 1240 846 1305 nn.
861 1239 886 1303 1.
915 1238 988 1304 cn.
1002 1241 1144 1304 1x-x.
1171 1238 1217 1326 ss
1239 1238 1381 1306 aa-sa.
1675 1232 1740 1302 olo

418 1416 530 1462 causus
558 1400 727 1482 utriusque
754 1401 878 1482 generis
907 1420 1026 1484 easque
1046 1420 1099 1464 res
1119 1409 1194 1465 ente
1215 1402 1451 1477 constituimus,
1480 1400 1598 1485 quibus
1616 1398 1739 1463 iustitia

417 1492 651 1568 contineretur,
672 1492 764 1557 facile
786 1496 873 1578 qood
895 1498 1050 1579 cuiusque
1071 1497 1224 1577 temporis
1246 1495 1386 1559 ollicium
1408 1498 1446 1560 sit
1467 1497 1653 1580 poterimus,
1674 1493 1738 1558 nisi

416 1593 541 1650 nosmet
568 1586 657 1669 ipsos
684 1587 776 1652 valde
805 1589 996 1661 amabimus,
1024 1589 1173 1653 iudicare.
1222 1587 1273 1652 30.
1300 1593 1357 1652 Est
1383 1591 1468 1654 enim
1497 1586 1634 1653 dillicilis
1663 1606 1740 1651 cura

415 1701 521 1744 rerum
543 1682 735 1746 alienarum:
762 1703 955 1766 quamquam
970 1685 1177 1746 Terentianus
1199 1684 1253 1747 ille
1277 1683 1426 1747 Chremes
1449 1684 1597 1746 «bomani
1619 1681 1740 1745 nihile

415 1794 450 1838 se
470 1774 610 1839 alienum
632 1786 758 1860 putato:
793 1776 849 1840 sed
871 1787 993 1852 temen,
1021 1778 1097 1859 quia
1120 1777 1219 1859 magis
1249 1796 1285 1839 ea
1311 1778 1504 1861 percipimus
1525 1785 1620 1860 atque
1642 1775 1765 1838 sonu-o

414 1891 503 1944 mus,
532 1890 615 1953 quae
642 1871 734 1933 nobis
764 1870 842 1952 ipsis
871 1880 927 1933 aut
954 1890 1103 1953 prospera
1131 1877 1186 1933 eut
1207 1872 1339 1933 adversa
1361 1872 1528 1945 eveniunt,
1559 1890 1654 1953 quam
1676 1868 1740 1943 illu,

414 1983 496 2046 qnae
518 1964 645 2038 ceteris,
677 1983 761 2047 quae
785 1966 878 2048 quasi
901 1964 994 2046 longo
1017 1964 1184 2027 intervallo
1212 1966 1378 2027 interiecto
1400 1965 1558 2039 videmus,
1588 1964 1679 2027 aliter
1701 1963 1741 2025 da

414 2057 477 2121 illis
506 2078 543 2122 ac
573 2060 613 2121 de
643 2058 734 2121 nobis
764 2059 950 2122 iudicamus.
1006 2059 1163 2134 Quocirca
1198 2059 1279 2122 bene
1313 2060 1511 2142 praecipiunt
1549 2058 1603 2142 qui
1633 2062 1742 2120 votam

414 2151 584 2235 quicquam
607 2171 717 2235 agere,
746 2153 832 2236 quod
862 2151 986 2216 dubites
1012 2173 1148 2235 aequum
1172 2155 1215 2216 rit
1234 2174 1274 2216 on
1296 2155 1459 2235 iniquum3
1490 2152 1634 2235 aequitas
1656 2150 1741 2214 enim

415 2246 500 2310 lncot
521 2247 592 2328 ipsa
615 2267 671 2331 per
693 2268 741 2322 se,
765 2247 921 2310 dubitatio
943 2247 1165 2329 cogitationem
1188 2248 1347 2330 significet
1367 2248 1509 2310 iniuriae.
1747 2249 1778 2297 ⁴⁰

498 2341 538 2403 X.
560 2336 611 2404 ul.
636 2341 697 2404 Sed
720 2341 865 2404 incidunt
886 2362 981 2424 saepe
1004 2351 1156 2426 tempora,
1179 2366 1250 2407 cum
1273 2365 1321 2417 ea,
1343 2363 1425 2426 quae
1440 2342 1578 2406 maxime
1593 2336 1743 2401 videntur

414 2433 508 2514 digna
530 2454 600 2497 esse
623 2436 706 2498 iusto
728 2436 858 2498 homine
887 2456 1009 2518 eoque,
1039 2459 1133 2520 quern
1156 2440 1258 2502 virum
1281 2439 1398 2501 bonurn
1421 2437 1571 2511 dicimus,
1602 2451 1741 2498 commu·

413 2534 521 2590 tantur
542 2525 685 2612 fiuntque
708 2531 874 2603 contraria,
898 2539 933 2594 ut
955 2532 1087 2594 reddere
1103 2533 1292 2615 depositum,
1307 2532 1412 2595 lacere
1427 2532 1627 2615 promissum,
1644 2545 1742 2610 quee-

414 2640 477 2702 que
505 2623 666 2704 pertinent
692 2624 731 2686 nd
762 2624 926 2698 veritatem
955 2633 987 2688 et
1015 2625 1054 2687 ad
1083 2623 1194 2699 fidem,
1225 2646 1262 2689 ea
1284 2628 1421 2710 migrare
1443 2625 1601 2688 interdum
1624 2630 1655 2685 et
1674 2639 1740 2683 non

413 2732 539 2777 servare
568 2712 602 2779 fit
630 2716 758 2780 iustum.
810 2717 930 2780 Referri
962 2720 1045 2782 enim
1075 2720 1168 2782 decet
1196 2721 1236 2783 ad
1260 2741 1314 2795 ea,
1348 2740 1430 2803 quae
1455 2720 1547 2802 posui
1574 2716 1777 2800 principius

412 2804 617 2873 fundamenta
638 2810 793 2874 iustitiae:
823 2814 959 2895 primum
989 2821 1024 2876 ut
1050 2834 1090 2877 ne
1119 2816 1176 2886 cui
1192 2824 1358 2889 noceatur,
1387 2814 1504 2877 deinde
1524 2823 1560 2877 ut
1582 2809 1741 2875 communi

412 2901 540 2966 utilitati
563 2905 727 2967 serviatur.
771 2908 909 2969 Eanum
932 2919 1074 2990 tempore
1099 2916 1347 2981 commutantur,
1370 2915 1580 2971 commutatur
1601 2900 1740 2966 officium

412 3001 445 3057 et
465 3014 528 3059 non
551 3016 677 3080 semper
697 3006 747 3061 est
767 3000 862 3062 idem.
912 2997 963 3062 32.
993 3003 1102 3063 Potest
1124 3003 1209 3064 enim
1232 3003 1375 3065 accidere
1397 3002 1586 3085 promissum
1610 2995 1741 3080 aliquod

412 3096 445 3152 et
466 3100 675 3165 conuentum,
703 3101 738 3156 ut
759 3094 791 3155 id
814 3091 897 3156 effici
922 3096 962 3157 sit
983 3094 1098 3157 inutile
1120 3095 1171 3158 vel
1194 3095 1239 3167 ei,
1261 3098 1311 3158 cui
1334 3096 1523 3179 promissum
1546 3094 1605 3166 sit,
1627 3091 1677 3154 uel
1700 3089 1739 3164 ei,

412 3182 468 3265 qui
490 3184 679 3265 promiserit.
722 3189 800 3250 Nam
823 3188 861 3261 si,
884 3197 920 3252 ut
942 3190 975 3251 in
997 3189 1112 3251 fabulis
1136 3197 1202 3262 est,
1224 3192 1389 3272 Neptunus
1412 3187 1498 3272 quod
1522 3187 1646 3250 Tbeseo
1667 3191 1778 3268 pro-ll

413 3277 540 3340 miserat
568 3298 630 3342 non
659 3279 804 3356 lecisset,
834 3282 977 3346 Theseus
1005 3282 1178 3367 Hippolyto
1206 3278 1270 3347 lilio
1298 3303 1361 3345 non
1391 3290 1475 3345 esset
1503 3282 1642 3345 orbatos.
1690 3279 1741 3341 Ex

413 3373 514 3434 tribus
537 3373 621 3435 enim
647 3378 781 3455 optatis,
810 3384 845 3439 ut
872 3378 1035 3452 scribitur,
1062 3378 1125 3441 boc
1147 3384 1215 3439 eret
1237 3378 1376 3450 tertium,
1407 3375 1492 3459 quod
1514 3375 1555 3437 de
1575 3371 1740 3457 Hippolyti

415 3466 544 3529 interitu
573 3467 670 3529 iratus
701 3470 837 3550 optavitt
870 3491 933 3553 quo
961 3472 1127 3555 impetrato
1155 3471 1188 3532 in
1210 3471 1365 3533 maximos
1386 3470 1490 3532 luctus
1511 3467 1632 3531 incidit.
1674 3467 1740 3530 Nec

418 3562 575 3645 promissa
598 3561 694 3642 igilur
715 3564 868 3627 servanda
892 3573 966 3627 sunt
989 3585 1042 3639 ea,
1065 3585 1148 3648 quae
1170 3566 1234 3628 sint
1255 3565 1310 3638 iis,
1333 3565 1447 3647 quibus
1469 3560 1669 3648 promiseris,
1691 3560 1740 3621 in·

413 3655 520 3729 utilia,
550 3675 629 3728 nec,
656 3656 683 3717 si
711 3657 784 3738 plus
811 3659 867 3720 tibi
895 3679 932 3721 ea
959 3669 1096 3723 noceant
1117 3680 1211 3742 quam
1234 3659 1281 3721 illi
1305 3660 1443 3741 prosint,
1471 3658 1521 3720 cui
1544 3654 1776 3740 promiserintl

412 3756 523 3811 contra
545 3746 683 3812 ollicium
713 3760 761 3813 est
791 3753 891 3815 maius
912 3755 1063 3835 anteponi
1088 3754 1219 3826 minori,
1249 3762 1297 3827 nt,
1328 3754 1355 3815 si
1378 3752 1578 3815 constitueris
1600 3747 1739 3830 cuipiam

413 3849 444 3905 te
467 3842 654 3907 advocatum
677 3845 710 3906 in
733 3864 799 3907 rem
822 3855 1019 3927 praesentem
1043 3867 1114 3910 esse
1138 3856 1303 3910 venturum
1333 3855 1429 3931 atque
1457 3843 1581 3908 interim
1603 3840 1740 3925 graviter

411 3943 576 4018 aegrotare
600 3934 683 4000 lilius
706 3941 863 4021 coeperit,
886 3961 949 4003 non
973 3942 1015 4002 sit
1036 3949 1145 4003 contra
1167 3938 1304 4004 officium
1327 3940 1517 4003 nonfacere
1540 3937 1627 4022 quod
1650 3935 1740 3999 diro-

411 4031 465 4106 ris,
489 4032 653 4114 magisque
676 4031 747 4106 ille,
771 4038 822 4096 cui
846 4036 1035 4115 promissum
1059 4036 1114 4107 sit,
1137 4034 1177 4097 ab
1199 4031 1304 4096 officio
1326 4034 1477 4107 discedat,
1501 4035 1528 4096 si
1551 4052 1585 4095 se
1607 4031 1740 4093 destitu-

411 4134 477 4188 tum
501 4134 659 4208 queratur.
703 4128 767 4189 lam
798 4128 862 4190 illis
893 4130 1063 4211 promissis·
1085 4128 1231 4189 standum
1261 4148 1323 4189 non
1353 4148 1423 4190 esse
1454 4128 1527 4210 quis
1556 4146 1618 4189 non
1641 4124 1776 4198 viduum

411 4239 493 4302 quae
516 4229 644 4282 coactus
667 4222 739 4303 quis
763 4232 863 4296 metu,
889 4242 970 4303 quae
994 4220 1144 4303 deceptus
1168 4221 1243 4283 dolo
1267 4222 1470 4301 promiserit?
1504 4239 1586 4303 quoe
1610 4217 1739 4300 quidem

411 4316 564 4398 pleraque
593 4314 662 4377 iure
696 4317 854 4397 praetorio
887 4315 1075 4386 liberantur,
1107 4335 1170 4375 non
1201 4315 1288 4376 nulla
1317 4315 1448 4396 legibus.
1505 4311 1557 4375 33.
1589 4312 1740 4375 Existunt

412 4410 508 4471 etiem
539 4428 634 4490 saepe
664 4408 800 4471 iniuriae
823 4410 978 4472 calumnia
1002 4409 1136 4489 quadam
1160 4416 1191 4469 et
1213 4408 1307 4470 nimis
1330 4405 1466 4491 callida[,
1489 4408 1545 4471 sed
1568 4400 1736 4488 malitiosa]

410 4504 488 4567 iuris
512 4502 784 4583 interpretatione.
822 4504 870 4563 Ex
886 4523 950 4584 quo
966 4501 1042 4563 illud
1069 4503 1251 4564 «summum
1266 4504 1315 4564 ius
1331 4523 1452 4565 sunrma
1469 4502 1603 4565 iniuria»
1619 4501 1736 4564 factum

409 4605 459 4659 ast
480 4599 541 4659 iam
564 4597 673 4659 tritum
697 4616 843 4658 sermone
867 4596 1078 4678 proverbium.
1124 4595 1195 4670 Quo
1218 4596 1248 4657 in
1265 4616 1381 4677 genere
1401 4597 1493 4658 etiam
1516 4597 1548 4658 in
1565 4617 1598 4659 re
1614 4596 1775 4680 publicati

410 4690 508 4752 multa
530 4700 718 4772 peccantur,
742 4699 777 4751 ut
799 4690 863 4763 ille,
887 4691 950 4773 qui,
974 4710 1044 4751 cum
1066 4690 1191 4770 triginta
1215 4690 1335 4751 dierum
1359 4698 1465 4753 essent
1486 4711 1556 4754 cum
1577 4690 1668 4753 boste
1689 4691 1738 4753 in-

410 4784 517 4847 dutiae
539 4783 651 4856 lectae,
674 4792 768 4846 noctu
792 4783 1004 4865 populabatur
1025 4803 1127 4864 agros,
1151 4784 1237 4865 quod
1260 4782 1382 4845 dierum
1406 4792 1512 4847 essent
1533 4793 1654 4867 pactae,
1673 4803 1736 4846 non

408 4878 549 4941 noctium
573 4878 726 4941 indutiae.
771 4880 816 4940 Ne
839 4887 947 4940 noster
969 4878 1097 4960 quidem
1120 4877 1311 4960 probandus,
1328 4878 1353 4940 si
1370 4898 1476 4941 rerum
1493 4887 1541 4942 est
1555 4878 1594 4955 Q.
1606 4879 1736 4941 Fabium

475 5120 638 5184 t.geuerell
659 5147 686 5156 -
705 5120 729 5169 3.
743 5121 808 5169 enim
825 5123 939 5171 omnib
959 5147 985 5155 -
1005 5122 1029 5170 9.
1043 5121 1138 5170 dubites
1154 5135 1188 5170 aa
1204 5135 1276 5186 aqum
1293 5133 1308 5171 o
1327 5147 1353 5157 -
1374 5123 1478 5171 illem
1494 5134 1509 5171 o
1528 5148 1553 5159 -
1581 5121 1738 5173 l3.reddere

408 5198 545 5259 ἀεροείιυηι
561 5197 669 5246 etiamne
683 5197 779 5258 fumoso
794 5199 879 5258 socero
891 5198 1042 5259 promissum
1059 5200 1078 5246 A
1090 5194 1118 5246 Β*
1129 5198 1148 5246 Η
1159 5199 1242 5261 obp:
1266 5199 1368 5247 reddere
1384 5199 1521 5259 depositum
1537 5201 1560 5246 at
1576 5210 1626 5245 uon
1640 5197 1737 5258 [uriom

408 5273 492 5333 swero
506 5274 657 5333 proprisium
674 5283 706 5325 o:
730 5285 780 5320 nup
798 5274 900 5320 reddere
917 5273 1053 5334 depositum
1071 5272 1146 5321 eliam
1163 5286 1207 5321 nco
1222 5273 1318 5336 furioso
1334 5273 1417 5334 sarm
1430 5273 1582 5335 promissum
1599 5269 1629 5320 Β2
1647 5298 1673 5307 -
1694 5268 1734 5320 tl.

408 5362 440 5397 en
456 5359 580 5411 asperso
607 5374 632 5382 -
660 5349 699 5395 45.
719 5347 819 5409 iustum]
838 5349 952 5396 uirtuso
976 5373 1002 5381 -
1027 5347 1158 5405 referred
1183 5374 1209 5383 -
1239 5350 1279 5399 tl.
1298 5352 1443 5410 temporeo
1467 5376 1494 5385 -
1517 5349 1627 5410 officium
1643 5351 1671 5394 ui
1685 5360 1737 5394 nos

408 5436 504 5484 semper
520 5426 556 5470 erl
573 5422 637 5470 idem
658 5423 705 5471 Ab
733 5450 766 5459 -
795 5423 834 5471 ⁴9.
855 5423 991 5471 eiom.B¹
1019 5448 1045 5456 -
1076 5423 1117 5471 20.
1137 5424 1405 5473 uesueo--ilesaeus
1422 5425 1473 5474 All
1502 5450 1527 5459 -
1558 5424 1598 5471 2⁴.
1617 5422 1737 5482 hippolite

410 5498 500 5555 Ailb,
524 5498 651 5559 hyppolito
668 5498 703 5556 ll,
727 5498 838 5559 yppolite
855 5511 884 5556 a,
908 5498 1003 5559 ypolito
1021 5509 1035 5545 o
1055 5523 1082 5532 -
1106 5499 1147 5547 ii.
1166 5499 1262 5559 ippoliti
1279 5501 1340 5558 Ab,
1363 5499 1483 5561 hyppoliti
1501 5498 1566 5555 BH,
1589 5497 1693 5559 pppollti
1708 5508 1734 5556 s,

407 5574 527 5636 ppolitlo
555 5600 582 5609 -
611 5572 651 5622 ul.
671 5574 768 5622 ciuilis
784 5575 843 5623 Ab:
863 5574 913 5621 sint
930 5574 952 5620 is
970 5569 1006 5630 ll¹,
1024 5572 1128 5622 stollis
1145 5571 1242 5626 B²lla:
1261 5576 1412 5636 suntiijro
1432 5602 1458 5610 -
1486 5574 1526 5622 25.
1544 5571 1735 5632 tillriplusll

412 5673 438 5684 -
456 5649 539 5697 enC:
558 5661 612 5696 om.
632 5659 647 5696 o
668 5654 847 5708 -proranto
868 5673 894 5683 -
913 5647 1032 5697 cuiBs:
1051 5648 1092 5695 cui
1110 5648 1247 5708 quidde:
1266 5649 1453 5712 cuiquodllb
1477 5674 1509 5684 -
1529 5646 1569 5695 26.
1588 5647 1736 5694 mniuauou

409 5723 560 5785 ostepouip
586 5748 612 5758 -
637 5727 759 5781 antepone
776 5722 810 5774 b;
833 5724 1019 5783 ontcpousrcA
1044 5746 1070 5756 -
1096 5721 1137 5771 30.
1156 5727 1297 5783 quamcito·
1314 5724 1334 5772 ll
1355 5746 1381 5759 —
1406 5723 1446 5771 et.
1465 5733 1530 5783 quoe
1546 5723 1607 5769 ante
1624 5720 1738 5781 deceptus

410 5809 463 5846 om.
481 5798 528 5846 Ab
556 5823 581 5832 -
610 5796 650 5845 ³3.
669 5796 816 5857 culmupnin
833 5796 881 5846 ΑΒ
907 5822 940 5833 -
970 5798 1105 5845 sedetiam
1120 5798 1250 5847 aulicioso
1267 5809 1298 5852 ος
1324 5803 1347 5846 et
1363 5797 1489 5845 malitioso
1509 5794 1559 5846 alil.
1590 5793 1677 5843 Verba
1695 5795 1737 5844 sod

408 5871 535 5921 molliora
551 5871 661 5919 insiticio
680 5872 744 5919 mibi
762 5872 894 5921 videntur.
910 5896 937 5906 -
956 5870 997 5920 ³6.
1015 5872 1129 5922 indutiae
1145 5872 1265 5923 Alleb:
1289 5872 1404 5921 induciae
1421 5871 1488 5921 Boo
1512 5893 1538 5904 -
1564 5867 1605 5919 38.
1622 5869 1736 5920 indulos

407 5945 557 5999 Allllsb:
576 5947 748 5996 insudasse
768 5946 865 5996 -Nec
880 5942 958 5997 Μ·
984 5945 1123 6009 0.ΔΒο;
1143 5957 1208 6009 quoe
1225 5946 1405 6007 llb;om.s.
