4342 7459
703 1233 771 1296 nn.
793 1232 818 1295 r.
846 1231 921 1297 cn.
941 1229 1217 1298 xxv-xxvii.
1246 1227 1293 1320 ss
1315 1206 1463 1293 st-si.
1685 1225 1749 1304 tta

418 1400 504 1468 tam,
526 1398 576 1466 ut,
596 1412 669 1460 cum
691 1392 816 1457 animus
838 1392 972 1460 Eudemi
995 1413 1013 1457 e
1036 1411 1170 1476 corpore
1193 1390 1383 1465 excesserit,
1405 1397 1473 1458 tum
1494 1388 1622 1460 domum
1643 1410 1750 1458 rerer·

418 1485 496 1549 tissa
518 1486 672 1550 rideatur.
708 1482 760 1548 54.
783 1486 1002 1569 Adiungamus
1024 1481 1224 1569 philosophis
1239 1482 1454 1548 doctissimum
1474 1481 1650 1557 hominem,
1673 1503 1750 1567 poe-

419 1587 482 1643 tam
513 1578 643 1663 quidem
673 1580 832 1652 divinum,
862 1578 1068 1664 Sophoclem:
1099 1579 1170 1664 qui,
1199 1597 1270 1641 cunr
1299 1598 1339 1639 ex
1369 1576 1449 1640 aede
1475 1576 1620 1639 Herculis
1642 1588 1751 1661 patera

418 1692 513 1736 aurea
535 1674 640 1758 gravis
662 1673 811 1759 subrepta
834 1682 932 1745 esset,
953 1674 985 1736 in
1007 1675 1127 1738 somnis
1143 1671 1222 1738 vidit
1243 1672 1346 1754 ipsum
1363 1672 1457 1733 deum
1474 1670 1632 1734 dicentem
1648 1673 1702 1755 qui
1718 1671 1749 1733 id

403 1764 556 1832 ‘iecisset
590 1765 683 1842 Quod
707 1766 804 1829 semel
825 1766 879 1830 ille
894 1768 1073 1849 iterumque
1089 1766 1240 1848 neglexit.
1267 1766 1323 1829 Ubi
1343 1764 1428 1828 idern
1444 1765 1586 1847 saepius,
1608 1765 1774 1832 ascendite

418 1859 451 1922 in
474 1860 683 1944 Ariopaqum,
706 1860 820 1924 detulit
841 1880 919 1924 rem.
952 1862 1161 1943 Areopagitae
1177 1860 1394 1942 conprehendi
1416 1859 1527 1928 iubent
1542 1878 1631 1932 eum,
1655 1861 1750 1941 quia

419 1952 578 2035 Sophocle
600 1962 667 2016 erat
689 1954 882 2017 nominatus.
919 1954 949 2016 ls
971 1954 1159 2037 quaestione
1181 1954 1323 2017 adhibita
1337 1953 1503 2022 confessus
1526 1963 1574 2020 est
1595 1962 1750 2037 pateram·

418 2066 481 2134 que
504 2046 636 2110 rettulit.
674 2047 745 2123 Quo
767 2043 851 2110 lacto
873 2046 980 2114 laeum
1003 2047 1081 2111 illud
1106 2046 1223 2111 indicis
1244 2048 1391 2114 Herculis
1413 2049 1608 2114 nominatum
1631 2058 1690 2114 est.

502 2141 617 2203 XXVI.
639 2139 691 2203 55.
717 2141 780 2204 Sed
804 2141 879 2227 quid
907 2161 965 2224 epo
988 2140 1207 2204 Graecorum?
1237 2144 1347 2206 nescio
1370 2161 1436 2225 quo
1460 2142 1554 2207 modo
1577 2163 1627 2208 mc
1650 2142 1750 2224 magis

417 2243 524 2298 nostra
547 2234 715 2299 delectant.
752 2234 870 2299 Omnes
892 2233 952 2296 boc
974 2233 1133 2307 historici,
1156 2237 1261 2310 Fabii,
1284 2236 1395 2310 Gellii,
1417 2235 1473 2300 sed
1496 2257 1651 2319 proxuma
1673 2237 1787 2308 Cae-tt

417 2329 499 2392 lius:
531 2328 610 2392 Cum
631 2328 717 2391 hello
740 2329 851 2393 Latino
874 2328 941 2390 ludi
963 2329 1062 2391 votivi
1085 2330 1224 2393 maxumi
1256 2331 1391 2413 primum
1416 2326 1545 2404 fierent,
1577 2330 1687 2416 civitas
1709 2329 1749 2396 ad

416 2442 503 2487 arura
525 2431 657 2507 repente
680 2429 729 2485 ast
750 2423 895 2488 excitata.
931 2422 1045 2505 Itaque
1067 2421 1152 2487 ludis
1167 2424 1357 2488 intermissis
1371 2423 1569 2492 instaurativi
1584 2424 1749 2490 constituti

417 2525 501 2581 sunt.
534 2515 596 2591 Qui
626 2526 699 2583 anta
729 2536 821 2600 quam
847 2512 963 2580 herent
985 2536 1122 2604 eumque
1151 2517 1214 2582 iam
1236 2517 1374 2602 populus
1396 2515 1608 2592 consedisset,
1638 2538 1749 2590 servus

417 2630 475 2693 per
495 2611 631 2686 circum,
654 2631 725 2674 cunr
747 2610 843 2692 virgis
865 2609 1069 2684 caederetur,
1091 2609 1209 2676 furcam
1232 2612 1338 2676 serens
1361 2610 1474 2682 ductare
1494 2622 1553 2678 est.
1585 2613 1668 2682 Exin
1683 2613 1750 2676 cui·

418 2704 488 2768 dam
516 2706 636 2769 rustico
666 2706 808 2768 Romano
835 2703 1004 2768 dormienti
1033 2703 1119 2767 visus
1148 2712 1196 2772 est
1222 2706 1329 2772 venire
1351 2708 1406 2789 qui
1429 2705 1550 2772 diceret
1571 2708 1747 2791 praesulem
1758 2724 1786 2782 tt

417 2798 477 2862 sihi
500 2819 563 2864 non
586 2799 743 2883 placuisse
766 2797 850 2861 ludis
874 2797 972 2881 idque
994 2798 1034 2861 ah
1056 2798 1169 2862 codem
1192 2799 1312 2866 iussum
1336 2820 1406 2864 essa
1428 2820 1502 2864 eum
1523 2801 1646 2870 senatui
1669 2822 1750 2870 uun·

416 2894 516 2955 liare:
538 2892 628 2955 illum
652 2912 716 2956 non
740 2911 810 2955 esse
832 2911 955 2955 ausum.
994 2892 1112 2954 lterum
1135 2912 1205 2955 esse
1227 2893 1311 2958 idern
1336 2894 1455 2959 iussum
1479 2902 1511 2960 et
1533 2898 1685 2962 monitum
1708 2915 1749 2966 ne

416 2990 480 3052 rim
502 3007 591 3050 suam
615 2986 754 3069 experiri
777 2986 890 3048 vellet:
913 3005 954 3047 ne
976 2992 1043 3048 tum
1065 2986 1196 3069 quidem
1219 3006 1290 3050 esse
1304 3006 1425 3051 ausum.
1456 2988 1551 3053 Exim
1563 2988 1664 3058 filium
1680 2990 1749 3054 eius

417 3100 488 3146 esse
518 3089 692 3154 manuum,
718 3078 851 3142 eandem
882 3079 915 3141 in
948 3079 1067 3143 somnis
1096 3080 1347 3146 admonitionem
1377 3080 1631 3148 fuisse'tertiam.
1669 3085 1749 3150 Tum

416 3174 505 3237 illum
535 3174 629 3236 etiam
661 3172 797 3236 debilem
828 3170 945 3236 lactum
975 3191 1041 3234 rem
1064 3172 1104 3238 ad
1126 3174 1244 3236 amicos
1267 3174 1435 3249 detulisse,
1458 3194 1592 3259 quorum
1615 3176 1656 3244 de
1676 3190 1787 3244 san-sa

416 3271 515 3331 tentia
535 3267 680 3331 lecticula
702 3268 735 3331 in
758 3266 876 3330 curiam
900 3286 970 3330 esse
993 3265 1149 3342 delatum,
1175 3286 1312 3351 cumque
1333 3269 1459 3337 senatui
1480 3270 1637 3336 somnium
1660 3289 1751 3334 enar·

416 3362 565 3437 cavisset,
597 3359 734 3443 pedihus
763 3360 831 3424 suis
860 3359 980 3423 salvum
1007 3361 1188 3426 revertisse.
1225 3362 1337 3446 Itaque
1359 3362 1483 3426 somnio
1503 3362 1749 3445 comprobatos

417 3463 528 3520 senatu
552 3455 645 3519 ludos
666 3454 740 3517 illos
761 3455 875 3517 iterum
897 3455 1088 3520 instauratos
1111 3457 1281 3520 memoriae
1301 3456 1461 3539 proditum
1483 3466 1543 3522 est.
1579 3453 1631 3519 56.
1652 3456 1750 3526 Gaius

417 3569 492 3612 vero
514 3549 675 3621 Gracchus
698 3548 805 3611 multis
828 3548 926 3622 dixit,
949 3555 985 3611 ut
1006 3549 1159 3631 scriptum
1182 3547 1265 3632 apud
1289 3549 1425 3614 eundem
1449 3550 1589 3617 Caelium
1612 3560 1670 3627 est,
1688 3553 1751 3618 sihi

416 3642 598 3706 insomnis
633 3651 836 3728 quaesturam
866 3649 974 3725 petere
1015 3637 1173 3706 dubitanti
1202 3642 1364 3708 Tiberium
1392 3644 1521 3708 tratrem
1551 3646 1653 3712 risum
1679 3659 1789 3714 esseio

417 3734 543 3811 dicere,
566 3755 661 3818 quarn
683 3735 781 3799 vellet
802 3745 1013 3812 cunctaretur,
1036 3746 1141 3800 tamen
1163 3738 1276 3801 eodem
1298 3738 1358 3804 sibi
1381 3738 1455 3814 leto,
1478 3759 1543 3822 quo
1563 3740 1633 3823 ipse
1653 3741 1752 3806 inter·

415 3830 509 3905 isset,
539 3849 610 3893 esse
640 3829 848 3913 pereundum.
898 3830 986 3905 Hoc,
1015 3840 1089 3895 ante
1121 3850 1216 3915 quam
1244 3832 1389 3896 tribunus
1417 3829 1504 3915 plebi
1535 3833 1569 3896 C.
1591 3833 1751 3901 Gracchus

416 3923 517 3989 hctus
540 3932 642 3998 esset,
673 3931 705 3987 et
726 3943 761 3987 se
782 3923 910 3989 audisse
931 3924 1042 3988 scribit
1065 3925 1191 3990 Caelius
1213 3932 1245 3988 et
1266 3926 1351 3989 ittam
1373 3925 1493 3992 dixisse
1515 3927 1633 3994 multis.
1678 3928 1750 4008 Quo

416 4021 539 4086 somnio
562 4017 641 4102 quid
665 4018 801 4081 inveniri
824 4025 930 4101 potest
951 4016 1093 4083 certius?

499 4113 631 4174 XXVII.
661 4112 772 4188 Quidt
800 4111 853 4175 illa
877 4110 940 4173 duo
964 4113 1102 4188 somnia,
1134 4133 1216 4197 quae
1239 4109 1442 4179 creberrume
1465 4124 1787 4186 commemoranturas

415 4207 578 4282 aStoicis,
601 4207 673 4292 quis
696 4206 824 4269 tandem
848 4214 953 4287 potest
975 4210 1200 4270 contemneret
1222 4208 1326 4271 Unum
1341 4208 1381 4273 de
1397 4208 1577 4274 Simonide:
1600 4210 1654 4293 qui
1677 4230 1749 4274 cum

415 4302 559 4387 ignotum
582 4300 743 4383 quendam
765 4300 942 4384 proiectum
965 4308 1123 4364 mortuum
1145 4301 1279 4366 vidisset
1294 4322 1431 4386 eumque
1443 4302 1639 4367 humavisset
1652 4303 1750 4367 hahe-

480 4496 504 4545 t.
523 4496 651 4545 audemia
667 4506 772 4556 corpore
788 4489 819 4543 Αι
838 4520 866 4530 -
890 4508 904 4543 c
920 4496 939 4543 B
957 4495 982 4545 in
1002 4509 1054 4546 ras.
1076 4520 1103 4531 -
1128 4496 1153 4545 i.
1172 4496 1300 4545 videretur
1316 4495 1419 4546 Ernesti
1445 4520 1471 4530 -
1494 4495 1651 4559 philosophos
1668 4498 1699 4548 Η1
1719 4522 1746 4533 -

415 4572 439 4624 3,
458 4572 574 4635 soloctcm
590 4571 648 4630 AV,
666 4572 774 4634 sofodem
792 4571 813 4621 ii
834 4597 861 4607 -
880 4584 936 4621 ωσι
953 4571 1033 4621 edctt
1054 4598 1079 4606 -
1101 4569 1125 4621 l.
1143 4570 1295 4632 mpreptatt
1314 4595 1341 4605 -
1361 4569 1421 4631 qaid
1435 4568 1482 4632 lec.
1497 4569 1546 4621 liv
1565 4597 1591 4607 -
1612 4572 1636 4621 s.
1649 4571 1748 4621 ibiidcm

414 4647 437 4695 V
453 4674 485 4685 -
501 4647 584 4709 septas
600 4646 634 4703 Α,
653 4646 703 4696 sed
720 4658 750 4694 sss
766 4645 792 4695 in
810 4658 863 4695 ras.
884 4672 911 4682 -
937 4645 1047 4694 ascendit
1063 4648 1100 4703 Α,
1119 4645 1168 4695 sed
1185 4657 1214 4693 as
1231 4646 1256 4694 in
1275 4657 1340 4705 ras.,
1358 4646 1451 4694 scandit
1468 4645 1532 4704 tlt,
1554 4647 1661 4696 escendit
1677 4648 1747 4698 cuni.

415 4719 490 4774 llalm
508 4748 541 4757 —
558 4721 582 4770 s.
596 4722 748 4785 ariopapam
759 4724 792 4770 A:
813 4733 970 4784 areopapam
981 4720 1013 4781 H,
1032 4720 1117 4769 amam
1126 4733 1222 4784 papam
1234 4720 1280 4769 hv
1295 4745 1322 4756 —
1340 4733 1412 4769 rmum
1424 4718 1589 4772 Valckenner
1600 4722 1632 4773 ad
1646 4722 1744 4775 Herod.

414 4796 480 4855 tht,
493 4797 525 4847 δί
544 4824 571 4833 -
591 4797 755 4859 arcopapttas
772 4795 806 4844 C:
825 4796 984 4858 asiopaqitac
1002 4791 1109 4855 h²v20;
1128 4794 1162 4845 de
1180 4795 1350 4845 commutatis
1366 4794 1459 4844 litteris
1475 4798 1547 4845 ceti
1563 4794 1622 4848 loco
1633 4810 1746 4861 graecae

416 4869 571 4936 diphthongi
589 4885 615 4921 es
632 4869 666 4921 ci.
682 4871 701 4929 l,
718 4869 758 4933 §it
774 4869 876 4931 liccam,
895 4869 927 4927 ΙΙ,
941 4869 982 4932 §8
998 4870 1065 4928 ticio,
1083 4871 1107 4930 l,
1122 4870 1178 4934 §td
1194 4882 1378 4932 scammoneae,
1395 4871 1432 4929 ll,
1443 4870 1459 4933 s
1471 4869 1502 4922 ll
1518 4874 1707 4936 scammoniam,
1726 4878 1746 4938 l,

414 4942 486 5010 §til
508 4946 612 5006 dorcas,
631 4946 666 5003 ll,
685 4944 744 5007 §88
761 4945 964 4993 Halicarnassias
989 4972 1015 4981 -
1040 4946 1064 4995 7.
1082 4945 1121 4994 bis
1137 4946 1178 4995 ΑΒ
1197 4970 1224 4980 -
1244 4944 1347 4994 adobita
1362 4946 1403 5007 Αἱ,
1428 4945 1514 4996 hahita
1530 4960 1563 4997 ex
1580 4947 1659 4999 codd.
1679 4950 1744 5002 dett.

414 5020 534 5071 Davisius
553 5047 580 5058 -
603 5022 627 5070 8.
646 5020 731 5069 retulit
748 5020 795 5070 CO
815 5046 842 5054 -
861 5020 954 5069 thais
974 5047 1001 5055 -
1025 5021 1066 5071 to.
1082 5033 1208 5083 maxume
1226 5018 1264 5080 Ψ,
1282 5022 1395 5071 maxims
1411 5019 1443 5067 ν’
1461 5048 1488 5056 -
1507 5022 1599 5072 coelius
1614 5024 1695 5073 BHV
1714 5051 1745 5061 -

414 5095 454 5145 tt.
473 5098 586 5145 adlata
604 5108 669 5157 quac
684 5095 724 5155 13¹,
747 5094 832 5143 excita
848 5094 934 5156 itaque
952 5094 973 5143 H
991 5121 1024 5131 -
1042 5094 1081 5144 43.
1102 5100 1290 5160 quantaequom
1301 5098 1332 5147 Αἱ
1347 5121 1374 5132 -
1395 5098 1582 5149 canuedisssth
1594 5124 1622 5136 -
1644 5101 1682 5150 th.
1700 5113 1746 5150 ro·

411 5183 488 5220 mana
504 5172 636 5222 domuisti
653 5170 785 5220 metienti
806 5195 833 5206 —
859 5170 902 5231 qut
917 5186 952 5213 s·
970 5168 1061 5218 dhoet
1078 5170 1099 5219 Α
1119 5194 1146 5205 -
1167 5168 1206 5219 td.
1226 5170 1308 5219 aisaars
1325 5170 1346 5220 li
1366 5196 1392 5209 -
1412 5171 1477 5234 marr]
1494 5186 1550 5222 caan
1567 5176 1601 5228 Α;
1619 5178 1744 5238 suspecta

413 5244 480 5295 haec
495 5258 545 5294 vox
558 5246 678 5297 Ernestio
696 5272 724 5282 -
743 5247 784 5295 li.
798 5257 950 5294 nemausam
966 5243 1049 5305 B(?)0
1069 5270 1096 5280 -
1115 5244 1180 5294 mem
1197 5245 1311 5295 mairac
1332 5271 1356 5282 -
1379 5246 1543 5298 thcm'mB:
1563 5251 1623 5300 saia
1640 5250 1743 5300 AHVO

412 5317 454 5369 tt.
472 5320 499 5368 in
515 5320 589 5368 merie
606 5321 628 5370 H
653 5348 679 5356 -
703 5320 743 5369 22.
762 5320 863 5370 saluam
879 5320 980 5368 mam
995 5319 1129 5369 emmas
1150 5319 1168 5368 Β
1187 5319 1215 5368 el
1231 5333 1288 5370 exc.
1307 5319 1374 5371 Pith.
1400 5347 1425 5358 -
1451 5322 1492 5372 23.
1510 5324 1689 5376 tmtaarctch
1714 5351 1741 5361 -

413 5392 492 5444 Gaias
508 5394 542 5445 C:
567 5394 629 5446 c.0
649 5422 675 5431 -
698 5394 739 5446 st.
758 5395 920 5459 paschasii,
942 5396 971 5442 ut
993 5394 1048 5444 lere
1071 5406 1193 5457 semper;
1218 5392 1306 5444 locum
1329 5395 1437 5458 respicit
1452 5394 1607 5450 Plutarchus
1629 5400 1655 5449 in
1673 5414 1697 5451 v.
1712 5400 1742 5451 C.

413 5470 524 5520 Gracchi
542 5472 589 5521 c.l
609 5496 634 5506 -
654 5472 775 5533 scriptam
791 5475 826 5521 cst
842 5472 864 5521 li
885 5497 911 5508 -
930 5469 1034 5519 cocleam
1046 5470 1065 5519 C
1079 5495 1108 5505 -
1127 5469 1168 5519 25.
1182 5474 1267 5532 potera
1284 5469 1407 5519 dubitanti
1424 5468 1513 5521 Halm:
1529 5476 1621 5535 petenti
1633 5475 1742 5536 ΑΒΗΟ,

413 5544 513 5602 om.v;
531 5558 582 5594 non
596 5544 772 5607 petentiltlotz
787 5574 813 5582 -
832 5546 874 5596 26.
888 5544 1015 5595 dteentoli
1030 5568 1056 5579 -
1077 5556 1150 5607 quem
1166 5543 1268 5593 aallstli
1284 5566 1310 5579 -
1329 5542 1376 5593 atti
1391 5549 1430 5593 sto
1446 5547 1574 5610 qaoH-
1590 5548 1655 5598 laeto
1671 5548 1700 5597 Bt
1714 5576 1741 5586 -

412 5619 454 5669 ii.
472 5620 519 5670 hac
536 5627 620 5671 aalma
637 5626 695 5671 anta
711 5622 826 5685 qaamll
848 5648 868 5656 -
889 5620 968 5684 ptebts
985 5614 1044 5668 B²V
1063 5643 1091 5654 -
1109 5619 1270 5678 cracchash,
1289 5619 1429 5670 mamurii
1448 5645 1475 5654 —
1494 5620 1534 5670 28.
1552 5623 1643 5673 cestius
1658 5623 1743 5673 hv-

413 5694 483 5744 itiam
500 5694 607 5747 addidi:
631 5709 685 5746 om.
705 5697 768 5753 C0;
787 5696 820 5746 cl.
839 5693 895 5745 Val.
909 5697 976 5746 linx.
995 5694 1019 5753 l,
1033 5693 1057 5753 7,
1071 5693 1103 5743 6:
1127 5693 1156 5742 Id
1171 5706 1204 5742 sc
1221 5693 1335 5744 Graccho
1348 5694 1422 5757 prius
1438 5708 1514 5757 qaam
1529 5696 1698 5759 tribunatum,
1716 5699 1744 5749 in

414 5782 463 5831 qao
478 5769 620 5833 sratmam
637 5773 734 5821 mtam
750 5771 846 5831 habuit,
863 5772 937 5820 iniret
953 5770 1025 5819 malti
1041 5768 1228 5832 spammutes
1244 5770 1337 5819 dictata
1352 5769 1444 5820 malms
1460 5771 1528 5821 cuni.
1548 5770 1694 5835 hottinger)
1714 5799 1741 5810 -

414 5845 456 5895 bl.
469 5850 645 5908 semanimem
661 5848 739 5898 nttv
758 5873 784 5883 -
804 5847 844 5898 32.
863 5860 920 5898 esan
936 5846 1090 5897 haeresium
1106 5841 1147 5907 A¹,
1169 5857 1274 5909 campas
1290 5844 1478 5907 machstatt,
1496 5857 1601 5910 suosque
1615 5846 1743 5899 samana„
