4342 7459
676 1258 744 1321 bre.
765 1257 805 1319 ll.
834 1256 907 1323 Gur.
931 1258 1239 1324 XXVIII-XXIX.
1265 1256 1311 1342 §5
1333 1255 1481 1323 88-94.
1678 1250 1739 1321 lid

416 1424 478 1499 Qui
501 1426 586 1488 enim
609 1426 803 1508 voluptatem
825 1428 926 1509 ipsam
949 1435 1168 1502 contemnunt,
1189 1428 1230 1490 iis
1251 1427 1325 1491 licet
1347 1428 1454 1491 dicere
1476 1447 1510 1491 se
1525 1427 1740 1509 acipenserem

415 1537 545 1581 maenae
576 1538 639 1581 non
669 1529 881 1601 anteponere:
915 1522 965 1584 cui
991 1542 1066 1586 vero
1098 1522 1130 1583 in
1160 1523 1320 1605 voluptate
1350 1542 1505 1585 summum
1534 1522 1653 1584 bonum
1682 1528 1740 1592 est,

414 1611 486 1674 huic
508 1615 615 1676 omnia
637 1633 749 1688 sensu,
779 1634 845 1676 non
870 1616 992 1678 ratione
1024 1624 1099 1679 sunt
1120 1614 1303 1690 iudicanda,
1332 1636 1433 1699 eaque
1457 1616 1589 1679 dicenda
1610 1614 1739 1697 optima,

417 1727 499 1789 quae
521 1709 584 1769 sint
606 1708 801 1770 suavissima.
838 1705 889 1769 92.
912 1709 1028 1771 Verum
1052 1717 1139 1772 esto:
1161 1718 1376 1793 consequatur
1401 1729 1539 1772 summas
1560 1709 1740 1790 voluptates

414 1820 478 1863 non
501 1801 596 1863 modo
619 1820 733 1883 parvo,
756 1801 812 1863 sed
834 1822 891 1886 per
912 1822 963 1865 me
985 1802 1104 1876 nihilo,
1127 1804 1154 1866 si
1176 1812 1296 1888 potest;
1325 1804 1366 1866 sit
1386 1803 1531 1885 voluptas
1552 1822 1617 1865 non
1640 1802 1765 1866 minore

415 1893 448 1955 in
469 1896 628 1957 nasturcio
650 1896 721 1970 illo,
747 1918 811 1979 quo
833 1899 918 1961 vesci
941 1901 1053 1960 Persas
1075 1918 1146 1961 esse
1168 1897 1278 1959 solitos
1301 1897 1408 1960 scribit
1429 1896 1625 1979 Xenophon,
1647 1913 1740 1976 mam

414 1988 448 2049 in
463 1988 668 2071 Syracusanis
684 1993 811 2064 mensis,
835 2011 917 2075 qnae
936 2012 953 2054 a
969 1992 1101 2054 Platone
1117 1991 1255 2074 graviter
1269 1991 1503 2074 vituperantur;
1525 1988 1580 2060 sit,
1601 1989 1740 2068 inquam,

415 2090 478 2145 um
499 2081 616 2155 facilia,
639 2103 734 2166 quam
748 2084 860 2158 vultis,
883 2087 1077 2168 comparatio
1092 2085 1283 2167 voluptatis:
1305 2084 1383 2168 quid
1398 2082 1563 2147 densiore
1579 2081 1740 2144 dicemus?

414 2178 504 2239 cuius
525 2183 612 2238 tauta
635 2186 791 2241 tormenta
813 2187 900 2253 sunt,
923 2188 958 2241 ut
980 2180 1011 2241 in
1036 2179 1075 2241 iis
1097 2179 1187 2241 beata
1211 2180 1291 2251 vita,
1314 2181 1339 2240 si
1363 2178 1458 2240 modo
1474 2177 1567 2239 dolor
1584 2194 1740 2236 summum

417 2271 533 2332 malum
556 2278 621 2346 est,
643 2292 714 2334 esse
737 2292 800 2334 non
824 2274 934 2356 possit.
978 2275 1050 2355 lpse
1073 2273 1159 2335 enim
1180 2272 1394 2345 Metrodorus,
1416 2290 1518 2355 paene
1536 2268 1778 2351 alterEpicu·to

416 2384 485 2437 ms,
512 2365 640 2428 beatum
663 2386 733 2428 esse
757 2366 907 2429 describit
924 2365 974 2429 his
996 2366 1062 2429 fere
1084 2367 1204 2429 verbis:
1237 2385 1326 2428 ncum
1349 2384 1463 2448 corpus
1484 2365 1566 2428 hene
1587 2361 1742 2425 constitu·

416 2468 480 2521 tum
502 2460 544 2521 sit
564 2467 595 2520 et
609 2460 650 2521 sit
667 2460 867 2542 exploratum
882 2462 925 2524 ita
945 2459 1113 2523 futurum.s
1150 2463 1197 2522 An
1213 2460 1246 2521 id
1262 2460 1458 2542 exploratum
1474 2458 1620 2540 cuiquam
1636 2462 1742 2537 potest

415 2572 500 2625 esse,
525 2573 589 2634 quo
613 2555 706 2615 modo
729 2576 763 2617 se
786 2554 845 2617 hoc
867 2554 1045 2617 habiturum
1069 2556 1109 2617 sit
1131 2575 1261 2636 corpus,
1284 2574 1348 2615 non
1372 2552 1443 2615 dico
1464 2551 1504 2615 ad
1526 2569 1660 2622 annum,
1684 2547 1740 2610 scd

413 2645 453 2708 ed
475 2650 666 2727 vesperum?
700 2648 799 2711 Dolor
825 2648 935 2730 igitur,
964 2648 994 2710 id
1019 2656 1067 2712 est
1089 2668 1245 2712 summum
1270 2647 1402 2721 malum,
1428 2651 1586 2708 metuetur
1607 2663 1741 2725 semper,

413 2738 508 2800 ctiam
530 2738 557 2800 si
579 2759 643 2801 non
665 2742 783 2803 aderit:
806 2742 868 2804 inm
892 2742 975 2805 euim
997 2741 1109 2805 adesse
1131 2741 1256 2824 poterit.
1295 2741 1357 2816 Qui
1372 2747 1477 2825 potest
1490 2740 1585 2820 igitur
1599 2737 1778 2806 habitarem

413 2833 444 2894 in
468 2832 559 2896 beata
579 2834 643 2896 vita
665 2836 780 2897 summi
803 2836 876 2898 mali
900 2839 1024 2898 metuet
1061 2832 1114 2897 93.
1132 2834 1294 2909 Traditur,
1316 2835 1433 2916 inquit,
1454 2834 1494 2896 ab
1509 2832 1646 2913 Epicuro
1660 2828 1740 2891 ratio

414 2926 600 3008 neglegendi
624 2928 755 2990 doloris.
799 2931 863 2991 lam
886 2930 919 2990 id
941 2932 1045 3012 ipsum
1068 2929 1257 3001 absurdum,
1279 2929 1451 2991 maximum
1471 2925 1587 2989 malum
1602 2924 1739 3006 neglegi.

414 3019 476 3082 Sed
506 3040 590 3103 quae
621 3023 747 3084 tandem
776 3025 835 3085 ista
865 3024 944 3085 ratio
975 3026 1045 3085 estf
1081 3023 1239 3085 Maximus
1267 3021 1374 3095 dolor,
1405 3022 1525 3103 inquit,
1556 3019 1661 3082 brevis
1683 3025 1739 3078 est.

413 3114 551 3175 Primum
581 3115 659 3197 quid
691 3122 723 3177 tu
757 3116 836 3178 dicis
857 3117 975 3179 breve?
1003 3115 1119 3178 deinde
1142 3115 1282 3179 dolorem
1306 3134 1400 3198 quem
1423 3114 1618 3177 maximum?
1654 3109 1739 3186 Quid

414 3209 521 3269 enimi
556 3209 703 3271 Summus
732 3208 825 3272 dolor
853 3210 959 3293 plures
986 3210 1052 3272 dies
1080 3229 1209 3272 manere
1231 3229 1295 3272 non
1322 3210 1449 3290 potest?
1480 3205 1560 3269 Vide
1582 3225 1624 3268 ne
1645 3204 1777 3273 etiamen

416 3302 559 3364 mensesl
587 3302 648 3364 nisi
671 3302 753 3366 forte
775 3325 847 3367 eum
871 3305 963 3379 dicis,
987 3304 1043 3386 qui
1066 3303 1160 3367 simul
1183 3310 1280 3386 atque
1302 3301 1434 3384 arripuit
1461 3296 1620 3362 interficit.
1660 3296 1740 3372 Quis

415 3395 510 3458 is‘tum
533 3396 674 3458 dolorem
699 3398 811 3460 timet?
844 3398 935 3460 lllum
958 3397 1084 3461 mallem
1106 3397 1245 3471 levares,
1268 3416 1332 3480 quo
1346 3395 1500 3477 optimum
1519 3390 1741 3475 atquehuma·

412 3488 580 3550 nissimum
603 3490 721 3564 virum,
745 3492 799 3553 Cn.
824 3491 1006 3566 Octavium,
1029 3491 1126 3554 Marci
1149 3487 1263 3563 lilium,
1285 3489 1469 3553 familiarem
1484 3507 1606 3559 meum,
1628 3484 1740 3549 cantici

412 3580 493 3652 ridi,
524 3601 582 3644 uec
604 3604 679 3646 vero
703 3585 800 3647 semel
823 3605 882 3647 nec
904 3585 944 3647 ad
965 3585 1061 3647 breve
1084 3593 1224 3669 tempus,
1254 3583 1310 3647 sed
1333 3591 1366 3645 et
1386 3602 1483 3664 saepe
1504 3589 1536 3643 et
1557 3581 1649 3665 plane
1672 3578 1738 3641 diu.

412 3673 500 3748 Quos
523 3675 595 3749 ille,
619 3677 650 3739 di
675 3678 884 3742 immortalesl
908 3699 979 3742 com
1002 3698 1113 3741 omues
1136 3687 1222 3741 artus
1237 3678 1348 3741 ardere
1364 3677 1560 3748 viderentur,
1583 3673 1739 3763 cruciatus
1748 3698 1778 3745 25

411 3768 605 3850 perferebat!
639 3774 703 3835 Nec
730 3780 836 3835 tumen
866 3773 962 3835 miser
989 3793 1075 3844 esse,
1106 3773 1181 3856 quia
1203 3792 1359 3835 summum
1382 3771 1414 3833 id
1437 3771 1555 3833 malum
1577 3787 1640 3831 non
1663 3774 1740 3837 erat,

411 3869 532 3926 tantum
555 3866 650 3928 modo
674 3866 850 3928 laboriosus
864 3866 1046 3929 videbatur:
1069 3876 1101 3929 at
1124 3868 1233 3940 miser,
1255 3867 1282 3929 si
1299 3867 1331 3928 in
1347 3866 1501 3947 flagitiosa
1516 3871 1612 3945 atque
1626 3859 1740 3921 vitiosa

413 3957 476 4019 vita
497 3956 643 4021 afflueret
666 3960 890 4042 voluptatibus.

496 4052 612 4114 XXIX.
629 4050 680 4114 tlt.
701 4055 794 4129 Quod
810 4062 914 4117 autem
932 4076 1079 4136 magnum
1097 4055 1238 4117 dolorem
1253 4055 1392 4126 brevem,
1415 4053 1622 4135 longinquum
1638 4049 1738 4110 levem

413 4164 481 4206 esse
506 4145 625 4220 dicitis,
659 4150 690 4209 id
714 4169 777 4209 non
802 4150 951 4231 intellego
973 4150 1066 4233 quale
1090 4150 1137 4209 sit.
1183 4149 1282 4211 Video
1305 4149 1388 4209 enim
1412 4157 1443 4209 et
1466 4164 1594 4227 magnos
1617 4149 1648 4204 et
1670 4161 1783 4213 eos-³0.

412 4237 482 4299 dem
506 4239 587 4300 bene
612 4242 802 4324 longinquos
825 4242 968 4314 dolores,
992 4264 1128 4326 quorum
1152 4243 1212 4305 alia
1236 4242 1380 4305 toleratio
1404 4251 1452 4303 cst
1474 4241 1592 4311 verior,
1615 4257 1678 4319 qua
1693 4236 1738 4297 uti

413 4352 468 4393 vos
492 4354 554 4394 non
579 4339 726 4417 potestis,
751 4338 804 4419 qui
830 4338 1026 4398 honestatem
1050 4339 1149 4418 ipsam
1174 4357 1229 4418 per
1252 4357 1285 4398 se
1300 4357 1364 4398 non
1380 4338 1500 4398 amatis.
1535 4328 1739 4394 Fortitudinis

413 4428 565 4506 quaedam
598 4439 766 4512 praecepta
799 4439 871 4492 sunt
893 4452 929 4491 ac
952 4451 1052 4513 paene
1076 4431 1178 4511 leges,
1210 4451 1291 4512 quae
1315 4430 1488 4492 effeminari
1511 4428 1611 4489 virum
1635 4432 1740 4485 vetant

413 4518 444 4579 in
468 4518 587 4582 dolore.
627 4524 729 4597 Quam
754 4524 794 4584 ob
817 4545 881 4585 rem
904 4535 993 4606 turpe
1016 4523 1191 4606 putandum
1214 4534 1279 4598 est,
1303 4544 1365 4585 non
1389 4523 1460 4585 dico
1482 4523 1589 4585 dolere
1612 4537 1739 4579 -nam

413 4611 444 4672 id
469 4614 596 4694 quidem
620 4617 777 4679 interdum
801 4626 849 4679 cst
871 4638 1000 4681 neccsse
1022 4652 1080 4688 -,
1104 4618 1159 4679 sed
1183 4637 1293 4679 saxum
1315 4617 1393 4680 illud
1415 4618 1578 4679 Lemnium
1601 4614 1777 4682 clamore³5

414 4706 605 4771 Philocteteo
629 4710 805 4773 funestare:

604 4805 718 4879 Quod
743 4806 911 4879 eiulatu,
935 4815 1100 4888 questu,
1123 4808 1288 4885 gemitu,
1312 4805 1539 4868 fremitibus

603 4898 838 4961 llesonando
861 4908 1008 4961 mutum
1030 4899 1197 4961 flebiles
1220 4919 1338 4961 voces
1361 4900 1497 4963 refert.

1133 5044 1268 5051 ———
1483 5045 1713 5054 ,ὠὴ--.ι
1724 5049 1729 5053 ,

478 5131 500 5175 t.
521 5130 568 5188 oui
585 5130 649 5177 enim
661 5135 858 5191 --anteponere
876 5133 973 5180 Nonius
992 5134 1070 5182 blare.
1091 5147 1115 5195 p.
1128 5134 1185 5181 550.
1202 5159 1227 5167 -
1247 5133 1387 5194 uoluptates
1403 5134 1471 5194 ipsas
1481 5134 1579 5183 Nonius
1593 5161 1619 5169 -
1638 5137 1672 5183 eir
1686 5138 1737 5183 No-

411 5204 484 5257 nius;
504 5205 525 5250 is
542 5199 583 5261 A¹3
604 5205 641 5252 tris
658 5205 706 5253 ut:
721 5234 745 5240 -
767 5220 884 5268 ‹rcenpem
900 5221 925 5256 se
941 5213 968 5256 re
982 5221 1021 5256 me
1038 5212 1071 5265 Α;
1091 5221 1278 5269 occupenserem
1296 5221 1366 5257 mete
1382 5208 1443 5265 BE;
1463 5210 1650 5270 accipienserem
1669 5224 1737 5258 mae—

410 5292 459 5327 nae
480 5280 553 5327 Nonii
571 5279 654 5328 codex
672 5280 884 5341 santonicensis.
906 5310 932 5318 -
957 5282 980 5333 l.
999 5284 1047 5330 sint
1064 5287 1098 5331 A:
1115 5288 1172 5330 sunt
1195 5283 1322 5331 ulto-
1342 5283 1497 5346 amarissima]
1514 5286 1657 5345 tinnierima
1675 5287 1693 5332 ll
1711 5313 1733 5319 -

410 5354 436 5401 d.
456 5357 582 5402 nasturcio
600 5356 647 5403 AB
666 5359 692 5403 et
709 5358 808 5406 barrius
826 5372 850 5421 p.
865 5359 912 5407 550
930 5361 969 5413 tex
988 5358 1064 5406 Tusc.
1080 5358 1110 5415 V,
1130 5358 1210 5419 599J:
1229 5358 1353 5406 nasturtio
1370 5359 1394 5407 hl
1404 5359 1424 5406 0
1444 5384 1470 5393 -
1490 5360 1513 5407 9.
1533 5362 1622 5420 byrB3
1641 5363 1678 5407 bis
1692 5363 1738 5410 lit)

413 5454 438 5462 -
462 5431 500 5476 to.
520 5430 584 5476 atter
601 5430 702 5477 :tllttlz
722 5433 796 5479 aliter
811 5431 872 5481 Mt)
887 5459 911 5467 -
933 5434 972 5482 tr.
991 5446 1016 5481 se
1032 5434 1076 5479 boc
1095 5434 1157 5481 All:
1180 5446 1204 5481 se
1221 5433 1260 5481 bic
1277 5434 1310 5489 B;
1329 5446 1379 5482 rere
1396 5434 1491 5482 lto-
1511 5433 1551 5484 tt.
1570 5435 1596 5483 id
1607 5438 1692 5485 omli
1710 5462 1735 5471 -

414 5502 452 5549 te.
472 5504 559 5566 inquit]
577 5506 643 5552 enirn
661 5505 679 5552 tt
700 5533 723 5538 —
747 5507 787 5555 ti.
805 5509 830 5554 id
848 5508 994 5557 Ernestius:
1014 5509 1048 5554 ad
1065 5509 1097 5564 B;
1117 5521 1170 5556 our.
1189 5509 1238 5557 ΑΟ
1253 5534 1278 5543 —-
1298 5510 1338 5557 st.
1357 5508 1412 5571 nisi]
1431 5523 1461 5557 ne
1479 5511 1546 5559 E-
1564 5511 1606 5571 qni
1622 5511 1644 5557 ri
1660 5512 1739 5559 simu·

409 5578 495 5636 larque
512 5579 530 5625 ll
551 5607 576 5615 -
596 5581 716 5640 interfecit
735 5583 752 5628 tt
774 5609 797 5615 -
819 5581 859 5630 tl.
878 5588 900 5629 et
917 5583 947 5644 a]
965 5584 1040 5631 etiarn
1062 5596 1082 5629 s.
1102 5584 1120 5629 B
1136 5610 1161 5619 -
1181 5588 1203 5630 et
1218 5584 1293 5644 plane
1309 5584 1352 5630 diu
1369 5583 1500 5632 llntmius:
1522 5583 1597 5644 plane
1613 5586 1656 5633 diu
1673 5586 1737 5643 AB,

407 5654 485 5713 plane
500 5660 523 5701 et
540 5656 582 5701 diu
601 5657 654 5703 ΜΟ
674 5684 699 5692 -
726 5658 765 5704 25.
786 5658 820 5703 dii
838 5657 900 5709 ΑΟς
919 5658 987 5716 dplt
1009 5685 1032 5692 -
1054 5658 1094 5705 27.
1113 5659 1239 5719 ttapitiosa
1257 5665 1332 5718 atque
1347 5659 1438 5707 uitiosa
1456 5659 1518 5708 AB:
1543 5660 1632 5707 odiosa
1648 5666 1671 5708 et
1687 5663 1738 5722 [ta-

410 5729 501 5788 pitiasa
518 5731 537 5776 t)
555 5755 580 5762 -
602 5733 641 5778 su.
662 5732 725 5790 Quid
744 5731 791 5779 llll
809 5756 835 5765 -
860 5731 943 5793 tenen]
962 5732 1039 5780 terrem
1057 5736 1074 5780 rt
1096 5757 1121 5765 -
1143 5733 1183 5780 30.
1202 5747 1252 5781 esre
1274 5735 1307 5781 A:
1336 5746 1387 5781 aun
1414 5734 1496 5782 utto
1520 5756 1545 5767 -
1571 5733 1611 5782 at.
1632 5749 1738 5796 quanm

412 5804 505 5851 auc:
529 5818 592 5862 puae
609 5820 657 5851 non
676 5806 711 5860 D}
732 5818 856 5864 quaenam
872 5805 949 5853 codd.
970 5806 1032 5855 dett.
1054 5832 1080 5839 —
1101 5805 1141 5855 dl.
1161 5807 1250 5868 dolere]
1268 5807 1351 5855 dolore
1368 5808 1386 5855 B
1406 5834 1433 5844 ·-
1453 5808 1492 5857 35.
1512 5809 1636 5857 interdurn
1652 5816 1686 5858 est
1703 5814 1736 5860 A:

411 5884 445 5924 ert
463 5879 585 5925 interdurn
603 5880 620 5926 B
633 5881 684 5927 lto
705 5904 730 5913 -
754 5879 793 5927 (tu.
809 5879 952 5940 philocteteo
964 5883 997 5929 A:
1014 5881 1148 5943 philoctere
1163 5883 1182 5931 B
1194 5883 1226 5942 E;
1246 5883 1405 5933 Philoctetoeo
1423 5884 1515 5933 ΜΟ·
1535 5884 1574 5932 37.
1593 5883 1703 5934 ὴσίιιίαίυ
1718 5888 1737 5934 Α

416 5977 441 5986 -
461 5954 500 6003 38.
518 5960 589 6002 mutu
607 5954 633 6002 E.
