4342 7459
748 1250 818 1313 un.
840 1250 880 1311 u.
908 1248 985 1312 cir.
1006 1249 1155 1314 rv-vr
1183 1248 1230 1332 §s
1253 1246 1397 1315 ro-ra.
1677 1248 1741 1316 aas

497 1412 534 1475 V.
557 1410 595 1473 A.
616 1410 728 1472 Nonne
750 1408 924 1471 verendum
947 1414 995 1471 θεῖ
1016 1409 1131 1491 igitur,
1162 1412 1188 1473 si
1211 1417 1259 1473 θεῖ
1280 1410 1338 1485 ita,
1360 1417 1396 1473 ut
1417 1409 1511 1486 dicis,
1537 1430 1577 1473 ne
1599 1409 1741 1494 philoso-

412 1506 519 1590 phiam
547 1503 628 1566 salsa
654 1502 757 1584 gloria
786 1506 945 1566 exornes?
980 1501 1074 1577 Quod
1105 1511 1153 1566 est
1181 1504 1264 1566 enim
1294 1503 1397 1566 maius
1419 1511 1639 1585 argumentum
1660 1503 1741 1566 nihil

411 1621 481 1664 eam
514 1597 667 1680 prodesse
700 1616 795 1678 quam
827 1596 982 1680 quosdam
1014 1596 1171 1678 periectos
1203 1597 1414 1680 philosophos
1448 1598 1581 1680 turpiter
1613 1596 1741 1660 vivere‘l

411 1690 461 1759 13.
481 1694 524 1755 M.
547 1691 676 1754 Nullum
700 1711 774 1754 vero
797 1691 829 1753 id
852 1691 982 1772 quidem
1000 1698 1221 1772 argumentum
1236 1699 1295 1755 est.
1328 1694 1406 1755 Nam
1421 1698 1456 1755 ut
1469 1691 1537 1773 agri
1552 1710 1615 1754 uon
1631 1710 1741 1753 omnes

409 1786 552 1868 frugiferi
574 1793 664 1857 sunt,
686 1785 742 1868 qui
765 1785 928 1857 coluntur,
950 1784 1130 1868 falsumque
1152 1784 1230 1848 illud
1252 1787 1342 1849 Acci:
1744 1798 1764 1842 e

536 1879 686 1942 Probae
709 1880 786 1941 etsi
808 1879 848 1940 in
871 1886 1053 1961 segetem
1076 1886 1168 1942 sunt
1190 1878 1438 1944 deteriorem
1461 1879 1577 1942 datae

536 1975 707 2055 Fruges,
730 1980 858 2036 tamen
880 1974 996 2054 ipsae
1018 1981 1166 2055 suapte
1190 1980 1333 2037 natura
1355 1974 1529 2047 enitent,

409 2070 455 2132 sic
486 2068 583 2131 animi
614 2086 680 2128 non
702 2087 813 2130 omnes
835 2066 910 2129 culti
938 2066 1074 2129 fructum
1096 2066 1212 2130 lerunh
1249 2070 1370 2151 Atque,
1399 2068 1489 2131 utin
1512 2068 1623 2131 eodem
1645 2066 1740 2131 simili

409 2181 537 2234 verser,
560 2168 596 2222 ut
618 2181 695 2242 ager
717 2159 862 2242 quamvis
883 2159 997 2223 fertilis
1020 2161 1090 2222 sine
1112 2160 1235 2224 cultura
1257 2155 1438 2225 fructuosus
1460 2181 1611 2225 essenon
1626 2169 1741 2243 poiest,

410 2256 546 2320 sicsine
570 2253 714 2316 doctrina
733 2255 876 2316 animus:
898 2255 942 2316 ita
964 2261 1012 2315 est
1034 2263 1168 2338 utraque
1190 2276 1240 2318 res
1256 2256 1325 2318 sine
1339 2255 1438 2318 altera
1454 2255 1578 2318 debilis.
1613 2254 1780 2319 Culturattl

407 2358 513 2412 autem
541 2346 638 2410 animi
665 2347 871 2430 philosophia
896 2355 962 2421 est;
992 2347 1071 2410 haec
1094 2348 1230 2411 extrahit
1251 2348 1328 2412 vitia
1349 2347 1499 2412 radicitus
1521 2356 1553 2411 et
1575 2357 1743 2432 praeparat

407 2444 531 2507 animos
559 2441 599 2504 ad
630 2451 717 2505 satus
741 2441 945 2523 accipiendos
968 2462 1069 2525 eaque
1093 2443 1221 2506 mandat
1242 2443 1282 2505 iis
1305 2450 1353 2517 θῖ,
1382 2452 1417 2506 ut
1439 2443 1483 2506 ita
1504 2441 1623 2518 dicam,
1652 2445 1741 2518 serii,

409 2558 491 2620 quae
513 2535 624 2599 adulta
645 2534 765 2597 fructus
788 2535 965 2598 uberrimos
987 2536 1100 2599 lerant.
1130 2538 1268 2619 Agamus
1287 2537 1399 2619 igitur,
1420 2545 1456 2599 ut
1471 2537 1643 2619 coepimus.
1673 2535 1741 2610 llic,

407 2630 436 2692 ei
458 2630 521 2703 ris,
544 2629 584 2691 de
607 2650 671 2712 quo
694 2629 849 2712 disputari
871 2630 959 2692 velis.

492 2717 544 2783 ll.
567 2724 603 2784 A.
624 2724 774 2786 Dolorem
796 2724 943 2786 existimo
966 2744 1147 2787 maxumum
1171 2723 1325 2787 malorum
1346 2723 1498 2787 omnium.
1537 2726 1580 2787 M.
1595 2724 1740 2788 Etiamne
1751 2738 1778 2783 te

407 2817 509 2881 maius
533 2837 629 2900 quam
652 2817 812 2880 dedecus?
850 2819 886 2878 A.
908 2819 979 2880 Non
1001 2819 1104 2882 audeo
1126 2819 1159 2882 id
1182 2818 1288 2882 dicere
1309 2818 1438 2902 quidem
1454 2827 1486 2882 et
1500 2840 1550 2881 me
1564 2818 1663 2901 pudet
1677 2825 1741 2880 tam

406 2911 470 2974 cito
495 2910 535 2973 de
558 2911 716 2974 sententia
739 2931 809 2974 esse
833 2912 1000 2974 deiectum.
1040 2914 1083 2975 M.
1106 2913 1205 2995 Magis
1228 2921 1313 2976 esset
1334 2912 1535 2996 pudendum,
1565 2912 1591 2975 si
1613 2912 1648 2974 in
1670 2931 1742 2975 sen·

406 3005 507 3067 tentia
529 3025 743 3087 permaneres.
780 3005 864 3080 Quid
887 3005 970 3068 enim
994 3007 1099 3068 minus
1122 3015 1170 3069 θεῖ
1192 3007 1323 3088 dignum
1345 3026 1441 3090 quam
1465 3007 1520 3069 tibi
1539 3006 1630 3089 peius
1652 3006 1741 3088 quio·

406 3117 502 3181 quarn
526 3097 627 3161 rideri
650 3099 824 3174 dedecore,
855 3099 991 3181 tlagitio,
1019 3100 1236 3185 turpitudine?
1267 3120 1350 3182 quae
1372 3107 1407 3163 ut
1428 3100 1575 3182 effugias,
1598 3100 1670 3183 quis
1693 3107 1741 3161 est

406 3210 471 3253 non
495 3191 593 3256 modo
615 3193 825 3267 recusandus,
848 3194 904 3255 sed
928 3214 991 3255 non
1014 3194 1098 3257 ultro
1119 3193 1333 3276 adpetendus,
1360 3193 1559 3266 subeundus,
1581 3191 1778 3275 excipienso

406 3283 466 3348 dus
489 3285 604 3348 dolori
637 3287 675 3349 A.
697 3289 744 3349 lla
767 3306 895 3369 prorsus
918 3287 1075 3350 existimo.
1115 3288 1186 3362 Qua
1206 3308 1258 3363 re,
1280 3308 1321 3351 ne
1344 3290 1385 3350 sit
1405 3307 1483 3350 sane
1503 3307 1660 3351 summum
1676 3307 1741 3350 ma·

406 3379 473 3441 lum
496 3378 605 3453 dolor,
630 3381 746 3444 malum
768 3388 854 3442 certe
876 3390 934 3443 est.
969 3382 1011 3443 M.
1037 3381 1173 3444 Videsne
1196 3383 1293 3464 igitur
1308 3389 1462 3465 quantum
1480 3381 1618 3444 breviter
1632 3380 1740 3445 admo-

406 3473 493 3536 nitus
516 3471 557 3535 de
581 3474 698 3537 doloris
725 3483 843 3537 terrore
866 3474 1041 3537 deieceris?
1086 3471 1137 3537 l5.
1160 3478 1197 3538 A.
1220 3476 1320 3539 Video
1342 3476 1455 3559 plane,
1485 3474 1542 3539 sed
1563 3475 1635 3558 plus
1658 3474 1740 3537 desi·

408 3564 496 3628 dero.
533 3567 576 3628 M
597 3568 754 3650 Experiar
775 3568 940 3650 equidem;
967 3570 1021 3631 sed
1052 3589 1166 3652 magna
1193 3590 1243 3633 res
1273 3577 1336 3643 θεῖ,
1364 3570 1536 3653 animoque
1558 3569 1637 3632 mihi
1658 3587 1740 3651 opus

408 3668 457 3723 est
478 3680 546 3723 non
567 3670 774 3744 repugnante.
811 3663 848 3724 A.
871 3663 1009 3726 Habebis
1031 3663 1062 3725 id
1085 3665 1226 3746 quidem.
1260 3664 1398 3727 Utenim
1412 3663 1574 3739 heriieci,
1596 3663 1776 3727 sicnuncse

409 3754 584 3830 rationem,
607 3776 671 3839 quo
694 3776 732 3819 ea
754 3777 804 3819 me
827 3777 963 3840 cumque
986 3757 1096 3833 duoei,
1118 3778 1243 3841 sequar.

494 3850 547 3912 vl.
569 3851 612 3912 M.
634 3849 774 3913 Primum
803 3851 900 3932 igitur
927 3850 967 3912 de
990 3850 1197 3915 inbecillitate
1218 3851 1389 3916 multorum
1412 3859 1445 3915 et
1466 3853 1505 3915 de
1528 3850 1623 3914 variis
1645 3849 1739 3914 disci-

409 3943 503 4025 plinis
525 3943 791 4026 philosophorum
814 3943 943 4027 loquar,
966 3966 1100 4028 quorum
1123 3946 1270 4029 princeps
1293 3954 1326 4010 et
1346 3945 1534 4010 auctoritate
1557 3951 1588 4009 et
1601 3943 1740 4028 antiqui-

409 4042 491 4110 tate,
528 4037 706 4099 Socraticus
738 4038 934 4120 Aristippus,
972 4058 1036 4101 non
1070 4038 1225 4102 dubitavit
1254 4059 1412 4103 summum
1446 4039 1562 4103 malum
1595 4038 1738 4101 dolorem

412 4128 524 4193 dicere.
556 4130 678 4192 Deinde
701 4132 740 4193 ad
763 4130 845 4194 hanc
867 4140 1046 4195 enervatam
1071 4131 1322 4215 muliebremque
1344 4134 1533 4197 sententiam
1556 4132 1631 4196 satis
1653 4131 1776 4197 doci-eo

411 4223 468 4287 lem
492 4246 526 4288 se
549 4226 704 4306 Epicurus
727 4226 884 4306 praebuit.
923 4227 1014 4288 Hunc
1030 4235 1103 4307 post
1120 4226 1260 4290 Rhodius
1275 4226 1487 4310 Hieronymus
1503 4225 1612 4289 dolore
1629 4243 1738 4286 vacare

412 4338 565 4382 summum
587 4319 706 4381 honum
728 4318 825 4381 dixit:
850 4328 971 4382 tantum
995 4320 1027 4383 in
1052 4321 1161 4383 dolore
1184 4320 1276 4382 duxit
1298 4321 1381 4382 mali.
1414 4320 1516 4382 Ceteri
1540 4326 1663 4402 praeter
1682 4321 1739 4380 Ze-

414 4432 541 4487 nonem,
565 4413 762 4486 Aristonem,
795 4412 989 4496 Pyrrhonem
1012 4414 1098 4477 idem
1120 4412 1185 4475 fere
1209 4413 1297 4496 quod
1321 4414 1416 4476 modo
1440 4422 1489 4477 tu:
1518 4413 1636 4476 malum
1656 4411 1737 4474 illud

413 4507 553 4587 quidem,
584 4505 640 4568 sed
670 4506 732 4568 alia
759 4506 880 4587 peiora.
927 4503 978 4567 16.
999 4508 1083 4590 Ergo
1113 4506 1163 4579 id,
1194 4507 1280 4590 quod
1304 4515 1416 4570 natura
1436 4508 1506 4591 ipsa
1527 4515 1559 4569 et
1580 4506 1738 4591 quaedam

414 4619 562 4681 generosa
585 4600 683 4662 virtus
705 4601 811 4662 statim
833 4602 969 4682 respuit,
1001 4621 1040 4662 ne
1062 4600 1185 4663 scilicet
1206 4599 1350 4663 dolorem
1372 4620 1528 4663 summum
1551 4601 1668 4663 malum
1691 4599 1775 4665 dieo

414 4712 495 4757 ceres
528 4692 741 4776 oppositoque
770 4692 925 4757 dedecore
949 4695 1108 4756 sententia
1130 4693 1342 4776 depellerere,
1371 4694 1403 4757 in
1425 4713 1463 4759 eo
1485 4694 1632 4777 magistra
1654 4695 1736 4758 vitae

472 4975 498 5023 2.
516 4978 552 5023 eet
569 4985 704 5036 superscr.
725 4971 783 5021 ead.
803 4984 839 5021 m.
858 4972 883 5020 in
902 4974 922 5021 G
942 4997 968 5006 -
992 4973 1016 5022 5.
1034 4973 1117 5022 Accii:
1143 4973 1237 5025 Probus
1259 4975 1391 5025 Muretus:
1413 4972 1547 5035 0010110110
1567 4975 1631 5035 Gli,
1658 4975 1738 5025 ocim-

411 5048 481 5108 probe
505 5049 538 5105 a,
563 5048 635 5104 Attii,
660 5046 753 5096 Probae
775 5047 795 5096 0
819 5073 847 5082 -
870 5047 894 5095 8.
913 5048 1006 5095 cultum
1024 5048 1102 5108 fructi
1122 5062 1191 5099 corr.
1210 5050 1236 5099 in
1259 5050 1318 5099 culti
1338 5050 1449 5113 frutetum
1471 5050 1490 5100 11
1510 5075 1535 5085 -
1562 5049 1644 5111 adque
1665 5051 1685 5098 G
1708 5073 1735 5085 -

413 5129 436 5170 ue
450 5136 587 5187 superscr.
606 5120 666 5170 ead.
686 5134 765 5170 manu
789 5122 814 5169 in
835 5122 854 5168 G
872 5148 904 5156 -
922 5121 961 5168 11.
980 5122 1084 5170 mundat
1107 5123 1144 5170 iis
1167 5126 1186 5174 C
1206 5150 1233 5161 -
1258 5128 1297 5175 15,
1315 5126 1344 5175 A.
1366 5128 1393 5175 θῖ
1413 5126 1448 5175 M.
1471 5126 1491 5174 G
1513 5125 1538 5174 in
1560 5126 1688 5188 margine.
1708 5152 1735 5161 -

413 5199 449 5247 16.
467 5200 541 5248 decue
558 5198 617 5246 Gli¹
637 5222 663 5230 -
687 5198 716 5245 A.
736 5199 756 5244 G
774 5198 799 5244 in
817 5196 945 5257 margine.
967 5222 993 5230 -
1019 5197 1044 5244 id
1061 5198 1142 5246 dicem
1158 5200 1264 5264 quiden]
1289 5201 1435 5260 «Quoniam
1452 5212 1505 5249 non
1522 5200 1637 5249 eaebtimo
1655 5202 1682 5249 θῖ
1698 5202 1738 5249 di-

413 5286 473 5334 oere,
500 5273 551 5324 sed
569 5273 677 5321 dowrem
694 5272 834 5320 mwimum
851 5271 977 5320 melorum
993 5272 1104 5320 omnium
1122 5275 1148 5321 et
1165 5274 1191 5322 id
1209 5276 1251 5335 (ε
1268 5274 1353 5323 maius
1370 5286 1451 5336 quam
1469 5271 1599 5334 dedecus)
1622 5273 1690 5323 iuter
1707 5287 1737 5323 se

412 5349 590 5413 opponuntur,
613 5348 735 5410 suspicor
756 5346 851 5395 tuisse:
875 5347 901 5394 id
923 5346 1020 5406 quidem
1040 5348 1128 5397 dicem.
1151 5349 1220 5399 coni.
1239 5349 1254 5412 S
1273 5349 1313 5399 11.
1333 5351 1373 5399 lh.
1392 5349 1432 5398 17.
1451 5350 1474 5408 l,
1494 5349 1524 5397 11
1542 5346 1592 5397 al.»
1611 5348 1653 5396 W.
1679 5352 1737 5397 uAn

412 5424 519 5475 iortesse
537 5424 563 5471 id
579 5423 660 5471 dicere
676 5423 809 5483 equidem?
828 5422 907 5470 11111.
923 5447 950 5456 -
971 5423 1076 5483 quiden
1096 5425 1131 5473 M.
1150 5429 1172 5473 et
1188 5437 1228 5473 me
1244 5425 1264 5472 G
1279 5449 1306 5460 -
1326 5423 1425 5487 1111]
1442 5424 1505 5473 A.G
1525 5450 1552 5459 -
1570 5419 1736 5472 010611-

412 5499 448 5548 2⁰.
466 5498 632 5547 reversandus
653 5495 682 5545 G¹
702 5523 728 5531 -
752 5510 802 5545 noo
822 5496 888 5544 uitro
909 5497 1072 5557 adpetendus,
1094 5499 1136 5547 sed
1156 5497 1295 5548 subeundus
1314 5503 1337 5547 et
1358 5499 1518 5561 excipiendus
1539 5496 1609 5545 dolor
1631 5500 1673 5545 eei.
1699 5496 1739 5545 lto

409 5586 510 5633 prorsus
532 5573 647 5621 cristineo
665 5572 799 5622 Charisius
822 5584 848 5634 p.
867 5572 925 5629 111,
943 5570 975 5620 il
993 5571 1036 5620 ed.
1056 5572 1119 5622 lieil.
1141 5599 1166 5608 -
1190 5574 1231 5622 11.
1249 5573 1288 5621 lto
1302 5585 1406 5632 prorsus
1422 5570 1545 5631 eaebtlmo]
1563 5568 1627 5619 lude
1644 5568 1679 5618 ab
1696 5570 1737 5620 his

413 5648 497 5698 serbis
521 5649 546 5697 in
565 5649 585 5695 G
607 5646 708 5696 litterae
726 5646 746 5695 A
764 5648 791 5695 et
808 5647 835 5695 M
852 5658 944 5695 rursus
961 5644 1068 5695 desunt.
1088 5673 1114 5682 -
1136 5648 1177 5697 25.
1195 5646 1227 5695 Εῖ
1243 5645 1296 5695 beri
1311 5646 1359 5708 feci
1375 5646 1508 5696 Charisius
1526 5657 1551 5707 p.
1570 5644 1628 5703 20⁰,
1648 5644 1687 5693 tl.
1709 5671 1734 5679 -

412 5722 448 5771 11.
467 5728 490 5771 et
507 5736 520 5772 θ
536 5723 616 5770 ooriir
634 5720 751 5783 Bentley.
768 5748 794 5756 -
814 5721 854 5770 29.
873 5722 1008 5783 aristiphus
1025 5723 1114 5771 611-
1135 5721 1175 5772 31.
1193 5722 1345 5771 hieronimus
1360 5722 1409 5770 Gli
1423 5746 1449 5756 —
1464 5720 1547 5769 dolore
1563 5730 1658 5768 uueure
1674 5721 1735 5769 GB:

412 5811 503 5847 uocare
519 5798 605 5846 dolore
623 5799 641 5846 R
660 5797 715 5858 (sed
734 5797 944 5860 transpositionis
962 5796 1042 5858 siguis
1060 5809 1073 5844 u
1092 5797 1178 5860 prima
1190 5808 1271 5844 manu
1283 5794 1419 5856 additiel'O
1433 5820 1460 5830 —
1479 5794 1518 5843 33.
1535 5806 1671 5855 perronem
1688 5796 1737 5844 Gli

414 5896 438 5906 -
457 5885 506 5933 quo
522 5872 596 5921 modo
614 5873 633 5922 G
654 5898 680 5908 -
700 5872 739 5922 35.
759 5872 921 5935 1011101110.)
939 5869 1062 5932 Bentley:
1086 5883 1112 5920 se
1129 5872 1162 5928 C;
1187 5883 1240 5920 om.
1260 5871 1289 5920 0.
1314 5869 1451 5919 «librario
1468 5881 1556 5932 neque
1574 5869 1679 5919 occasio
1696 5870 1736 5920 sic

413 5946 516 5997 errandi
532 5945 585 5997 uile
601 5945 648 5996 luit
665 5959 715 5996 nec
732 5944 908 6010 interpolandi
919 5958 1009 5997 cause.
1029 5945 1067 5996 Cl.
1081 5944 1157 5997 Catil.
1170 5945 1212 6009 lv,
1224 5945 1249 5996 8.
1263 5945 1320 5997 ti.»
1337 5944 1380 5996 W.
1394 5969 1421 5981 -
1434 5943 1516 5995 dicere
1525 5966 1561 5980 ··
1572 5941 1691 6007 depellere
1700 5945 1731 5998 C.
