4342 7459
450 1233 496 1301 82
746 1240 801 1305 DE
819 1239 977 1305 FlNlBUS
998 1238 1196 1305 Bonorum
1216 1241 1269 1305 ET
1290 1237 1492 1305 attonuit

452 1408 581 1474 homine
601 1409 746 1473 videatur
765 1409 937 1492 indignius.
973 1410 1020 1473 Ad
1042 1409 1162 1474 maiora
1183 1409 1267 1474 enim
1287 1408 1445 1493 quaedum
1462 1427 1522 1473 nos
1541 1413 1652 1472 natura
1666 1410 1776 1492 genuit

450 1513 486 1569 et
506 1503 727 1578 conformavit,
747 1511 784 1566 ut
805 1503 882 1568 milri
904 1503 1032 1588 quidem
1054 1505 1189 1566 ridetur.
1225 1506 1270 1566 Ac
1290 1504 1360 1567 lieri
1386 1510 1493 1586 potest
1520 1508 1556 1566 ut
1576 1522 1695 1578 emens,
1718 1503 1775 1567 sed

451 1599 495 1662 ita
516 1617 644 1681 prorem
665 1597 829 1671 existimo,
850 1617 956 1680 neque
975 1617 1048 1660 eum
1070 1599 1282 1679 Torquatum,
1304 1598 1362 1681 qui
1382 1597 1443 1661 hoc
1457 1597 1579 1679 primus
1597 1615 1775 1679 cognomen

450 1691 585 1765 invenit,
606 1697 661 1753 aut
680 1697 824 1772 torquem
845 1690 933 1753 illum
954 1690 1038 1753 hosti
1060 1689 1249 1764 detraxisse,
1271 1698 1308 1753 ut
1328 1691 1469 1773 aliquam
1484 1709 1578 1753 exeo
1597 1690 1775 1772 perciperet

427 1800 585 1867 ecorpore
613 1783 826 1865 voluptatem,
858 1792 913 1847 aut
944 1805 1015 1847 cum
1037 1784 1159 1846 Latinis
1181 1785 1272 1848 tertio
1300 1783 1467 1848 consulatu
1488 1783 1669 1848 conflixisse
1690 1782 1773 1866 apud

450 1880 592 1943 Veserim
620 1883 750 1959 propter
769 1876 974 1960 voluptatem.
1011 1877 1105 1953 Quod
1126 1898 1202 1940 vero
1225 1878 1329 1942 securi
1354 1878 1511 1960 percussit
1532 1874 1648 1953 filium,
1670 1877 1775 1960 priva·

449 1975 532 2037 visse
560 1992 596 2036 se
617 1972 711 2034 etiam
733 1969 858 2035 videtur
882 1970 990 2034 multis
1011 1971 1245 2053 voluptatibus,
1274 1992 1346 2036 cum
1368 1971 1430 2054 ipsi
1451 1976 1582 2036 naturae
1603 1972 1773 2053 patrioque

448 2067 547 2131 amori
569 2063 752 2149 praetulerit
769 2064 820 2128 ius
840 2065 1014 2127 maiestatis
1036 2072 1132 2146 atque
1154 2065 1290 2148 imperii.
1329 2060 1383 2127 al.
1403 2064 1510 2140 Quid?
1532 2067 1714 2147 Torquatus
1735 2063 1773 2137 is,

447 2160 505 2242 qui
525 2158 636 2222 consul
658 2177 729 2221 cum
752 2155 808 2220 Cn.
830 2156 962 2220 Octavio
985 2157 1062 2230 luit,
1090 2179 1160 2221 cum
1183 2159 1269 2222 illam
1291 2159 1491 2222 severitatem
1512 2159 1546 2222 in
1567 2178 1607 2222 eo
1629 2154 1695 2222 lilio
1716 2155 1774 2218 ad·

409 2253 566 2328 cohibuit,
587 2272 683 2336 quem
701 2251 737 2314 in
758 2251 961 2333 adoptionem
983 2253 1020 2313 l).
1043 2250 1152 2315 Silano
1175 2253 1442 2335 emancipaverunt,
1463 2259 1501 2316 ut
1517 2270 1601 2328 eum,
1625 2248 1774 2316 Macedo-

447 2367 522 2410 num
545 2345 657 2429 legatis
678 2345 914 2419 accusantibus,
935 2345 1023 2428 quod
1045 2347 1199 2428 pecunias
1221 2355 1401 2429 praetorem
1420 2347 1454 2409 in
1469 2346 1635 2429 provincia
1645 2344 1773 2427 cepisse

444 2447 629 2523 arguerent,
651 2458 777 2504 censam
798 2439 885 2520 apud
907 2459 942 2502 se
964 2438 1071 2502 dicere
1091 2439 1215 2504 iuberet
1235 2460 1334 2524 reque
1356 2459 1397 2504 ex
1412 2449 1546 2524 utraque
1560 2447 1650 2523 parte
1664 2437 1773 2501 audita

444 2534 679 2618 pronuntiaret,
708 2552 782 2596 eum
803 2550 867 2595 non
889 2532 985 2595 talem
1006 2532 1109 2596 videri
1131 2533 1230 2597 fnisse
1252 2533 1285 2596 in
1307 2534 1456 2617 imperio,
1479 2535 1592 2617 quales
1614 2532 1684 2597 eius
1706 2550 1773 2594 ma·

443 2632 528 2694 iores
547 2628 700 2701 fuissent,
722 2634 754 2690 et
774 2627 808 2690 in
829 2634 1030 2709 conspectum
1053 2648 1146 2690 suum
1161 2627 1270 2691 venire
1284 2629 1402 2702 vetuit,
1424 2648 1500 2690 num
1515 2627 1595 2711 quid
1610 2627 1669 2690 tibi
1683 2625 1772 2690 vide-

408 2732 497 2787 vetur
516 2722 558 2787 dc
579 2720 794 2804 voluptatibus
815 2720 881 2784 suis
903 2719 1113 2802 cogitavisset
1150 2721 1214 2784 Sed
1236 2729 1271 2784 ut
1292 2723 1434 2785 omittam
1455 2721 1613 2803 pericula,
1635 2719 1771 2794 labores,

444 2817 586 2881 mrem
608 2815 717 2888 etiam,
746 2833 841 2896 quem
862 2813 1002 2895 optimus
1026 2816 1166 2898 quisque
1195 2835 1251 2899 pro
1280 2816 1435 2898 patriast
1461 2836 1520 2899 pro
1542 2816 1608 2879 suis
1629 2814 1770 2898 suscipit,

443 2919 565 2976 utnon
586 2908 681 2972 modo
702 2906 823 2970 nullam
846 2915 966 2990 captet,
988 2909 1045 2971 sed
1066 2909 1162 2972 etiam
1184 2916 1360 2993 praetereat
1380 2929 1490 2972 omnes
1504 2909 1692 2993 voluptates,
1712 2907 1772 2970 do·

443 3005 527 3070 lorea
549 3003 688 3085 denique
710 3002 841 3084 quosvis
862 3002 1024 3086 suscipere
1040 3002 1129 3065 malit
1143 3022 1237 3086 quam
1254 3004 1400 3067 deserere
1414 3002 1513 3066 ullam
1528 2999 1624 3066 officii
1638 3007 1770 3085 parterm

443 3098 484 3164 ad
507 3118 559 3173 ea,
586 3115 670 3180 qnae
690 3094 751 3158 hoc
773 3114 839 3157 non
860 3096 964 3159 minus
987 3096 1166 3171 declarant,
1196 3097 1253 3160 sed
1274 3095 1423 3161 videntur
1444 3096 1575 3171 leviora,
1596 3095 1770 3161 veniamus.

406 3189 496 3259 2025.
519 3190 606 3268 Quid
627 3188 699 3262 tibi,
723 3189 893 3272 Torquate,
915 3189 993 3272 quid
1014 3189 1091 3253 huic
1106 3190 1228 3253 Triario
1244 3190 1381 3265 litterae,
1403 3190 1482 3275 quid
1495 3189 1648 3256 historiae
1662 3189 1771 3272 cogni-

443 3288 555 3370 tioque
577 3304 701 3355 rerum,
723 3281 800 3362 quid
822 3289 987 3366 poctarum
1008 3278 1165 3358 evolutio,
1187 3284 1264 3366 quid
1287 3290 1372 3346 tanta
1394 3291 1441 3347 tot
1457 3303 1605 3348 versuum
1618 3284 1771 3349 memoria

442 3378 615 3463 voluptatis
643 3377 756 3441 ulfertt
792 3377 857 3439 Nec
885 3377 962 3439 mihi
990 3376 1068 3440 illud
1092 3376 1230 3440 dixeris:
1259 3378 1345 3441 llaec
1375 3379 1460 3443 enim
1489 3378 1561 3461 ipsa
1590 3378 1668 3442 milvi
1695 3386 1771 3442 sunt

442 3473 594 3558 voluptati
624 3478 657 3534 et
681 3477 772 3533 erant
795 3469 851 3533 illa
878 3471 1059 3554 Torquatis.
1095 3473 1274 3554 Numquam
1301 3472 1361 3536 hcc
1380 3472 1427 3536 ita
1448 3470 1592 3536 defendit
1611 3474 1769 3557 Epicurus

443 3587 548 3652 neque
565 3565 762 3629 Metrodorus
783 3571 839 3627 aut
856 3564 1024 3647 quisquam
1047 3585 1168 3641 eorum,
1191 3567 1247 3649 qui
1270 3574 1326 3630 aut
1346 3573 1471 3650 saperet
1491 3566 1690 3650 aliquidaut
1710 3569 1770 3633 ista

404 3660 616 3728 edidicimus
651 3659 692 3720 Et
713 3658 801 3741 quod
823 3659 984 3741 quaeritur
1004 3678 1117 3741 saepe,
1145 3679 1201 3722 cur
1223 3667 1285 3722 tam
1307 3660 1399 3723 multi
1422 3660 1486 3723 sint
1507 3660 1671 3742 Epicurei,
1694 3669 1770 3725 sunt

440 3756 522 3820 uliae
550 3771 681 3837 quoque
710 3770 839 3826 causae,
868 3752 925 3815 sed
954 3752 1188 3816 multitudinem
1210 3752 1290 3817 haec
1312 3753 1449 3816 maxime
1469 3753 1586 3832 allicit,
1616 3756 1703 3840 quod
1724 3757 1769 3822 ita

441 3855 554 3933 putant
579 3845 643 3910 dici
669 3845 709 3909 ab
732 3846 806 3920 illo,
834 3853 919 3910 recta
947 3853 979 3909 et
1004 3845 1140 3910 honesta
1163 3867 1245 3930 quae
1268 3847 1349 3923 sint,
1377 3867 1416 3911 ea
1436 3847 1541 3911 lacere
1563 3848 1635 3933 ipsa
1655 3869 1768 3933 perse

440 3943 606 4016 laetitiam,
628 3939 661 4002 id
684 3947 733 4003 est
752 3938 957 4021 voluptatem.
989 3940 1143 4004 Homines
1166 3940 1277 4025 optimi
1299 3961 1364 4004 non
1385 3941 1576 4025 intellegunt
1598 3949 1697 4008 totam
1718 3963 1769 4009 ra·

440 4037 562 4101 tionem
584 4034 701 4109 everti,
730 4034 758 4096 si
779 4034 825 4098 ita
845 4053 896 4097 res
917 4053 952 4096 se
972 4033 1099 4098 habat.
1142 4036 1221 4098 Nam
1242 4035 1271 4099 si
1293 4037 1535 4110 concederetur,
1560 4039 1657 4104 etiam
1678 4038 1768 4103 eiad

403 4149 557 4215 accorpua
585 4127 668 4195 nihil
691 4126 865 4203 referatur,
893 4128 954 4193 ista
974 4148 1034 4192 sua
1054 4137 1168 4212 sponte
1190 4137 1224 4192 et
1243 4148 1302 4213 per
1321 4149 1358 4194 se
1379 4149 1450 4194 esse
1470 4129 1628 4207 iucunda,
1654 4151 1713 4214 per
1732 4150 1769 4194 ec

440 4233 526 4289 esset
551 4231 585 4288 et
612 4225 712 4293 virtus
741 4233 774 4290 et
793 4224 932 4309 cognitio
953 4246 1073 4302 rerum,
1104 4225 1192 4310 quod
1222 4227 1351 4292 minime
1378 4228 1434 4292 ille
1463 4229 1548 4305 vult,
1578 4229 1768 4315 expetenda.

439 4315 492 4382 26.
512 4319 599 4382 llaec
620 4319 717 4402 igitur
729 4320 857 4403 Epicuri
878 4339 943 4383 non
965 4321 1083 4403 probo,
1104 4321 1246 4405 inquam.
1283 4322 1332 4384 lle
1353 4330 1459 4388 cetero
1481 4323 1597 4389 vellem
1617 4324 1769 4408 equidem

439 4419 495 4476 aut
520 4412 588 4496 ipsc
616 4412 769 4477 doctrinis
796 4413 911 4477 luisset
937 4414 1123 4478 instructior
1142 4450 1184 4459 —
1213 4423 1262 4480 est
1283 4415 1384 4490 enim,
1414 4418 1502 4502 qnod
1520 4418 1581 4483 tibi
1602 4419 1648 4483 ita
1667 4416 1769 4483 videri

439 4526 570 4571 necessa
591 4513 658 4582 est,
679 4524 745 4570 non
767 4507 844 4572 satia
864 4507 984 4592 politus
1004 4508 1044 4571 iis
1065 4509 1204 4585 artibus,
1227 4530 1307 4593 quas
1324 4511 1379 4594 qui
1398 4517 1511 4576 tenent
1529 4511 1646 4577 eruditi
1658 4510 1769 4596 appel-

401 4599 544 4666 ealantur
564 4633 623 4676 -,
656 4607 712 4666 aut
738 4620 779 4665 ue
808 4600 1018 4666 deterruisset
1044 4603 1125 4667 alios
1153 4623 1173 4668 a
1200 4605 1333 4669 studiis:
1367 4625 1562 4691 quemquam
1581 4611 1615 4672 te
1637 4603 1768 4690 quidem

439 4695 532 4758 video
555 4695 685 4758 minime
706 4715 776 4759 esse
798 4694 995 4760 deterritum.

524 4789 606 4851 VllI.
630 4788 722 4864 Quae
744 4808 816 4852 cum
838 4789 1009 4864 dixissem,
1031 4791 1130 4874 magis
1152 4800 1187 4856 ut
1209 4791 1298 4860 illum
1319 4813 1523 4878 provocarem
1538 4812 1633 4880 quam
1647 4799 1684 4859 ut
1698 4792 1768 4879 ipae

439 4879 601 4963 loquerer,
622 4888 689 4946 tum
711 4882 852 4946 Triarius
874 4882 990 4949 leniter
1010 4885 1170 4962 arridens,
1193 4887 1242 4951 Tu
1264 4889 1404 4972 quidem,
1424 4890 1546 4974 inquit,
1567 4896 1668 4956 totum
1690 4888 1768 4973 Epi·

504 5168 797 5220 t.uaturoom.B-
816 5169 1264 5235 3.uequeetuu]ucauimouuult
1285 5176 1453 5240 -pn'mtslt
1472 5178 1764 5244 -ccpotciouemlt-

438 5240 463 5293 i.
476 5243 571 5294 inuste
586 5244 647 5294 BG:
665 5245 787 5296 tuomutt
797 5247 845 5296 ΑΟ
860 5273 885 5285 -
905 5249 930 5299 d.
948 5248 1053 5312 corpdre
1068 5251 1220 5313 coaptatos
1230 5252 1289 5301 AB:
1307 5252 1587 5315 corporaruotoptnam
1598 5256 1631 5315 (ἃς
1649 5254 1767 5317 cuspu-

438 5320 642 5381 umcorporco
662 5347 689 5357 -
708 5321 902 5384 dpercausttt}
918 5325 945 5373 et
961 5323 1119 5386 Madvigius:
1134 5327 1285 5386 percussum
1301 5327 1582 5390 ano-prussiae
1597 5331 1637 5380 A:
1654 5330 1768 5393 muscae

438 5393 485 5443 ΒΜ
498 5418 526 5429 -
539 5394 564 5444 7.
575 5394 659 5457 uiam]
671 5401 695 5446 et
705 5396 725 5446 B
737 5422 764 5433 -
774 5397 912 5460 patrioque
928 5411 1015 5449 amore
1025 5400 1045 5448 B
1056 5426 1085 5435 -
1098 5398 1123 5450 8.
1138 5400 1276 5463 Torquatus
1287 5413 1348 5452 nos:
1367 5402 1385 5450 t.
1398 5407 1530 5464 torquatus
1545 5403 1626 5455 codd.
1637 5406 1678 5468 (ex
1690 5404 1705 5468 fi
1715 5404 1765 5467 t3);

439 5466 466 5516 T.
485 5465 625 5530 Torquatus
640 5483 703 5521 cum
719 5470 793 5522 lastis
810 5472 874 5523 llo.
893 5472 932 5522 ct.
945 5486 971 5523 v.
984 5473 1009 5522 3.
1025 5500 1051 5510 -
1070 5474 1095 5524 9.
1114 5475 1168 5540 Cu]
1187 5477 1218 5526 G.
1230 5476 1262 5526 N.
1276 5478 1298 5527 Α
1312 5500 1339 5511 -
1359 5476 1399 5526 to.
1418 5477 1580 5540 cdepcicoem
1595 5478 1658 5528 Β-
1675 5478 1766 5530 suaso

438 5540 527 5592 Alt-
547 5539 587 5591 ⁴3.
601 5545 803 5605 prouuscturclt
817 5569 844 5581 -
865 5544 906 5597 tl.
923 5546 968 5596 ttbi
983 5547 1081 5598 videtur
1096 5549 1161 5599 AB:
1179 5550 1277 5600 uidetur
1292 5549 1336 5599 tibi
1353 5550 1447 5602 lto-
1467 5551 1508 5603 td.
1526 5552 1623 5604 doum
1638 5553 1658 5604 a
1675 5577 1704 5589 -
1721 5567 1767 5604 us-

438 5615 513 5677 sseptt
528 5615 548 5665 B
561 5642 588 5651 -
607 5617 648 5669 49.
665 5620 796 5670 munius
813 5633 882 5671 corr.
901 5634 933 5671 ex
949 5623 1079 5673 uideamus
1094 5626 1117 5675 l.
1130 5652 1157 5661 -
1175 5625 1217 5677 tt.
1236 5627 1347 5688 torquati
1363 5625 1412 5677 AB
1432 5652 1459 5663 -
1477 5625 1519 5678 al.
1531 5627 1690 5679 Manedum
1706 5628 1766 5678 Get

439 5690 585 5741 Manutius:
608 5705 670 5743 uere
689 5700 718 5744 tu
733 5696 856 5746 ABllO.
881 5697 919 5748 Cl.
939 5698 972 5758 ll,
991 5697 1007 5761 5
1023 5700 1064 5748 92.
1085 5726 1113 5736 -
1134 5701 1175 5751 aa.
1193 5700 1323 5763 epicuriB
1342 5722 1369 5737 ·-
1397 5702 1438 5752 26.
1455 5702 1517 5753 truce
1536 5702 1603 5753 AB:
1629 5702 1676 5753 lucc
1696 5703 1716 5752 0
1735 5728 1763 5741 -

439 5766 481 5816 28.
499 5765 809 5830 laetitiumlttccuciomlt
830 5796 857 5807 -
878 5770 919 5820 29.
937 5774 1100 5824 rastelli:
1119 5777 1276 5825 urcsO-
1295 5775 1465 5826 NonstB-
1485 5777 1527 5828 30.
1545 5777 1764 5830 «eumden

440 5839 639 5894 -³t.etante
655 5845 868 5908 cupu.cm.B-
887 5846 1117 5907 taquuonn-
1136 5849 1764 5908 33.uutuanztuuttt{0-³t.uosda-

440 5917 1346 6004 tcmiaeB-38.ltuitoeABE—Tltmquidtettmtuqutdll.
