4342 7459
449 1256 492 1324 68
792 1260 1115 1327 actostssconttrt
1135 1260 1422 1328 tetrametrum

448 1452 555 1497 rerum
576 1431 640 1495 illis
662 1429 805 1514 quintam
826 1432 908 1495 hanc
930 1438 1090 1508 naturam,
1112 1452 1153 1496 ex
1175 1452 1239 1516 qua
1261 1433 1440 1516 superiores
1458 1449 1570 1497 sensus
1584 1437 1617 1496 et
1630 1437 1768 1496 mentem

450 1528 534 1592 ellici
559 1527 725 1602 rebantur,
754 1546 821 1589 nou
850 1527 1025 1591 adhiberet.
1066 1526 1230 1590 statuebat
1251 1528 1335 1590 enim
1357 1528 1463 1610 ignem
1485 1544 1555 1590 csse
1575 1526 1678 1611 ipsam
1699 1545 1769 1589 eam

448 1629 606 1696 naturam,
629 1641 711 1705 quae
734 1620 876 1705 quidque
898 1621 1040 1703 gigneret
1061 1628 1094 1683 et
1121 1626 1257 1682 mentem
1280 1629 1376 1705 atque
1398 1639 1520 1684 sensus.
1563 1620 1771 1703 Discrcpabat

449 1716 544 1779 etiam
566 1715 605 1778 ab
625 1714 745 1790 isdem,
768 1717 853 1799 quod
874 1715 963 1777 nullo
988 1714 1080 1777 modo
1103 1713 1311 1777 arbitrabatur
1332 1715 1502 1799 quicquam
1517 1709 1600 1778 effici
1620 1734 1715 1799 posse
1729 1714 1770 1777 ab

424 1824 499 1884 eea,
521 1828 603 1893 quae
625 1828 739 1892 expers
761 1815 846 1872 esset
866 1808 1025 1891 corporis,
1054 1808 1144 1871 cuius
1169 1807 1294 1889 generis
1316 1809 1510 1872 Xenocrates
1533 1816 1565 1872 et
1586 1808 1769 1891 superiores

447 1905 541 1966 etiam
569 1902 707 1965 animum
736 1921 805 1965 esse
835 1900 998 1975 dixerant;
1028 1920 1088 1964 nec
1116 1920 1191 1964 vero
1219 1907 1274 1965 aut
1303 1902 1388 1985 quod
1411 1902 1552 1966 alliceret
1573 1901 1694 1987 aliquid
1716 1907 1771 1966 aut

447 1995 533 2080 quod
555 1992 729 2059 efficeretur
748 2015 843 2079 posse
865 2014 1020 2058 essenon
1042 2015 1167 2079 corpus.
1210 1993 1262 2058 40.
1284 1996 1421 2060 Plurima
1443 1998 1537 2061 etiam
1558 1997 1592 2061 in
1607 1997 1662 2061 illa
1678 1997 1770 2061 tertia

446 2089 665 2174 philosophiae
695 2098 783 2172 parte
811 2090 959 2153 mutavit:
990 2089 1023 2151 in
1045 2109 1108 2173 qua
1130 2091 1264 2173 primum
1285 2089 1325 2152 de
1347 2090 1493 2153 sensibus
1515 2091 1592 2176 ipsis
1615 2092 1770 2174 quaedam

446 2184 528 2248 dixit
549 2202 646 2258 nova,
669 2203 749 2267 quos
771 2184 895 2246 iunctos
918 2202 989 2246 esse
1011 2185 1134 2247 censuit
1155 2205 1172 2247 e
1195 2183 1331 2268 quadam
1355 2185 1447 2268 quasi
1469 2184 1651 2267 inpulsione
1666 2184 1770 2248 oblata

408 2296 436 2343 to
446 2280 656 2353 extrinsecus,
690 2297 786 2361 quam
813 2276 868 2340 ille
899 2276 1104 2366 φαντασίαν,
1137 2298 1196 2341 nos
1232 2277 1355 2340 visum
1388 2277 1585 2361 appellemus
1614 2278 1706 2356 licet:
1739 2285 1771 2342 ct

444 2380 609 2437 teneamus
632 2370 694 2435 hoc
716 2371 845 2434 verbum
866 2371 1012 2455 quidem;
1042 2374 1103 2436 erit
1130 2372 1214 2436 enim
1240 2371 1393 2435 utendum
1415 2372 1448 2434 in
1473 2372 1597 2456 reliquo
1624 2391 1769 2437 sermone

444 2468 583 2550 saepius.
620 2465 683 2528 Sed
705 2466 745 2528 ad
766 2463 862 2541 haec,
886 2484 967 2549 quae
989 2466 1058 2529 visa
1079 2472 1155 2528 sunt
1175 2470 1207 2527 et
1222 2467 1314 2548 quasi
1329 2473 1458 2548 accepta
1473 2467 1634 2542 sensibus,
1655 2466 1770 2530 adsen-

443 2562 567 2626 sionem
588 2559 733 2641 adiungit
752 2558 947 2633 animorum,
975 2579 1070 2643 quam
1101 2578 1170 2622 esse
1192 2559 1260 2622 vult
1281 2559 1314 2621 in
1337 2559 1427 2622 nobis
1449 2560 1582 2643 positam
1605 2568 1637 2625 et
1657 2561 1770 2624 voluu-

442 2655 564 2718 tariam.
606 2649 658 2715 ll.
679 2652 764 2716 Visis
786 2671 850 2714 non
873 2652 1018 2716 omnihus
1040 2650 1230 2734 adiungebat
1250 2649 1362 2729 fidem,
1393 2653 1449 2716 sed
1474 2654 1514 2718 iis
1537 2655 1656 2732 solum,
1685 2673 1769 2740 quac

406 2749 601 2835 repropriam
623 2746 781 2832 quandam
804 2745 957 2809 haberent
978 2745 1222 2810 declarationem
1244 2766 1352 2810 earum
1373 2767 1494 2823 rerum,
1520 2767 1603 2833 quae
1625 2748 1770 2813 videren-

442 2850 510 2906 tur:
540 2842 572 2907 id
595 2850 699 2905 autem
721 2841 841 2915 visum,
864 2861 933 2904 cum
956 2840 1058 2925 ipsum
1081 2859 1139 2922 per
1160 2861 1194 2904 se
1216 2848 1415 2917 cerneretur,
1438 2842 1769 2924 conprendibile,

441 2968 485 2984 -
504 2936 612 2999 feretis
632 2934 714 3000 hocl
743 2935 806 2997 Nos
827 2953 913 3009 vero,
935 2934 1082 3019 inquam,
1106 2954 1244 3018 quonam
1263 2935 1349 2998 enim
1366 2935 1430 3000 alio
1445 2934 1540 2999 modo
1556 2929 1771 3015 καταληπτόν

443 3031 587 3094 diceres?
603 3061 646 3077 -
666 3029 736 3103 sed,
758 3048 830 3091 cum
851 3036 1014 3112 acceptum
1035 3032 1099 3092 iam
1121 3036 1153 3092 ct
1169 3028 1378 3111 adprobatum
1393 3037 1494 3104 essct,
1517 3028 1770 3113 conprehen-

443 3124 595 3188 sionem
616 3122 810 3207 appellabat,
833 3123 967 3186 similem
984 3123 1023 3186 iis
1038 3123 1149 3198 rebus,
1172 3143 1255 3207 quae
1271 3143 1366 3187 manu
1382 3122 1626 3207 prenderentur:
1650 3143 1691 3187 ex
1706 3143 1769 3207 quo

404 3218 538 3284 roetiam
567 3235 683 3280 nomen
711 3215 772 3279 hoc
802 3216 954 3292 duxerat,
985 3236 1055 3279 com
1084 3236 1123 3279 eo
1145 3217 1242 3280 verbo
1272 3224 1365 3281 antea
1385 3236 1480 3280 nemo
1502 3217 1558 3281 tali
1580 3218 1614 3281 in
1635 3239 1670 3282 re
1692 3237 1769 3282 usus

442 3320 542 3376 esset:
564 3310 772 3395 plurimisque
794 3310 878 3374 idem
901 3311 992 3373 novis
1014 3310 1119 3373 verbis
1141 3343 1183 3358 -
1197 3331 1281 3374 nova
1303 3312 1387 3374 enim
1410 3311 1598 3375 dicebat-
1618 3331 1694 3376 usus
1710 3318 1768 3375 est.

442 3405 537 3482 Quod
566 3411 671 3469 autem
693 3412 760 3466 erat
782 3424 877 3467 seusu
899 3403 1172 3487 conprehensum,
1203 3404 1235 3466 id
1263 3404 1367 3487 ipsum
1402 3424 1563 3468 sensum
1589 3405 1770 3490 appellabat

442 3507 488 3576 et,
518 3502 545 3564 si
572 3500 616 3563 ita
642 3505 710 3562 erat
739 3499 1005 3580 conprehensum,
1034 3505 1071 3561 ut
1092 3498 1227 3561 convelli
1248 3499 1370 3563 ratione
1392 3519 1458 3562 non
1479 3507 1606 3582 posset,
1636 3500 1769 3563 scien·

441 3594 552 3669 tiam,
576 3593 631 3657 sin
658 3591 767 3666 aliter,
798 3591 1065 3655 inscientiam
1095 3591 1294 3655 nominabat:
1329 3610 1369 3654 ex
1392 3611 1455 3675 qua
1481 3593 1650 3657 exsisteret
1671 3593 1768 3657 etiam

404 3688 596 3773 cooptato,
630 3705 712 3769 quac
743 3693 827 3748 esset
858 3685 1006 3748 inbecilla
1039 3692 1071 3748 et
1103 3706 1174 3749 cum
1206 3685 1285 3749 laiso
1319 3687 1547 3770 incognitoque
1580 3687 1767 3750 communis.

443 3779 494 3844 42.
517 3779 579 3844 Sed
607 3780 690 3843 inter
716 3780 878 3844 scientiam
910 3788 941 3843 et
968 3779 1165 3848 inscientiam
1202 3780 1505 3862 conprehensionem
1535 3778 1641 3857 illam,
1673 3799 1767 3865 quam

443 3874 524 3950 dixi,
559 3872 747 3947 collocabat,
780 3893 913 3958 eamque
941 3892 1047 3957 neque
1076 3874 1108 3935 in
1134 3874 1228 3936 rectis
1256 3892 1361 3957 neque
1390 3873 1423 3935 in
1445 3874 1550 3957 pravis
1572 3875 1767 3950 numerabat,

443 3969 499 4033 sed
522 3967 581 4032 soli
603 3966 796 4030 credendum
817 3987 887 4030 esse
910 3966 1043 4030 dicebat.
1085 3968 1111 4030 E
1135 3987 1199 4051 quo
1221 3968 1365 4030 sensibus
1381 3967 1473 4030 etiarn
1490 3967 1587 4030 iidem
1602 3967 1768 4044 tribuebat,

444 4063 548 4148 quod,
575 4069 612 4125 ut
639 4079 735 4144 supra
763 4062 846 4137 dixi,
874 4061 1104 4144 conprehensio
1132 4062 1215 4126 facta
1244 4061 1388 4125 sensibus
1419 4069 1452 4125 et
1473 4082 1547 4126 vera
1569 4081 1639 4125 esse
1668 4061 1715 4125 illi
1737 4069 1770 4127 et

404 4155 546 4225 sohdelis
567 4154 749 4231 ridebatur,
779 4175 845 4219 non
868 4156 953 4239 quod
975 4155 1096 4231 omnis,
1125 4175 1206 4240 quae
1230 4164 1336 4220 essent
1357 4157 1390 4219 in
1412 4175 1465 4233 re,
1485 4155 1768 4239 conprehenderet,

444 4252 499 4317 sed
523 4250 598 4336 quia
619 4250 714 4326 nihil,
737 4250 822 4335 quod
845 4248 957 4312 cadere
976 4250 1009 4311 in
1024 4269 1094 4312 eam
1108 4257 1231 4333 posset,
1254 4250 1465 4334 relinqueret,
1488 4250 1641 4335 quodque
1656 4259 1769 4316 natura

444 4345 534 4430 quasi
556 4364 698 4408 normam
719 4343 871 4407 scientiae
893 4350 926 4407 et
946 4342 1138 4427 principium
1153 4343 1204 4407 sui
1218 4342 1375 4418 dedisset,
1397 4342 1482 4407 unde
1496 4351 1606 4428 postea
1620 4344 1767 4409 notiones

443 4458 549 4503 rerum
571 4439 605 4502 in
626 4438 740 4503 animis
762 4437 1021 4523 inprimerentur,
1044 4435 1193 4521 equibus
1208 4457 1272 4502 non
1294 4437 1449 4522 principia
1463 4437 1582 4516 solum,
1603 4438 1661 4503 sed
1675 4437 1769 4504 letio·

509 4695 534 4743 4.
551 4689 616 4755 esti
632 4689 766 4741 materiem
781 4701 796 4738 r
813 4714 841 4726 -
864 4688 889 4739 2.
906 4688 1076 4754 emctebeatrs
1092 4704 1142 4740 eon
1158 4690 1181 4740 V
1198 4716 1225 4726 -
1248 4690 1330 4753 ipsam
1346 4703 1404 4741 eom
1420 4690 1525 4742 Christ:
1547 4691 1629 4755 ipsam
1646 4693 1721 4745 cor
1737 4717 1765 4732 -·

443 4769 469 4820 3.
487 4781 552 4831 quoe
568 4767 685 4830 quicquid
700 4780 715 4815 r
730 4792 764 4803 -
781 4764 903 4815 dtscrebot
919 4765 942 4814 V
960 4792 988 4803 -
1006 4765 1031 4817 4.
1049 4767 1127 4816 isdem
1143 4769 1177 4817 G:
1196 4767 1289 4816 hisdem
1305 4767 1363 4828 PV,
1380 4767 1467 4818 tiederm
1483 4767 1634 4831 A(i)0r-
1652 4767 1769 4821 arbitro·

443 4843 536 4893 beetur
552 4844 581 4892 G·
600 4868 626 4877 -
649 4855 721 4906 posse
736 4847 782 4892 out
797 4854 887 4904 expers
902 4840 935 4890 ob
951 4855 982 4892 ee
998 4855 1046 4904 que
1062 4847 1122 4892 esset
1137 4855 1151 4891 r
1170 4869 1197 4879 —
1219 4855 1237 4892 o
1252 4855 1280 4892 re
1297 4855 1328 4893 eo
1345 4844 1414 4893 coni.
1432 4843 1528 4895 Davies
1547 4869 1575 4880 -
1593 4843 1620 4894 l.
1637 4845 1713 4896 amm
1729 4848 1765 4896 G:

442 4923 527 4969 omero
543 4917 675 4968 APVOr
692 4945 720 4954 -
738 4917 763 4967 9.
781 4917 878 4966 eiectos
894 4917 915 4966 V
932 4918 960 4966 et
976 4918 1009 4978 P,
1027 4919 1057 4967 ut
1072 4917 1178 4967 videtur
1196 4917 1296 4979 (uotum
1314 4919 1355 4969 est
1371 4919 1468 4969 lencm
1484 4919 1626 4970 etelectus
1641 4919 1669 4970 in
1686 4919 1766 4972 codd.

442 4996 485 5046 vix
503 4992 640 5055 discerni);
663 4997 763 5042 euectos
779 4991 895 5053 Ernesti,
917 4997 1022 5054 punctos
1039 4991 1089 5057 (vel
1106 4991 1173 5054 ictor)
1197 4993 1293 5043 Davies
1310 4993 1444 5056 ingeniose
1461 4992 1503 5044 ille
1521 4992 1644 5057 quidem,
1662 4993 1712 5044 sed
1728 4995 1768 5045 stc

438 5071 520 5134 perspi
543 5067 687 5118 dicendum
712 5068 770 5118 erat
795 5069 822 5116 et
846 5068 1005 5132 praepositio
1030 5079 1043 5116 e
1068 5065 1217 5117 abicienda.
1243 5068 1345 5118 Novam
1364 5066 1415 5118 ioci
1431 5069 1677 5132 interpretationem
1695 5069 1768 5120 dedit

441 5144 545 5209 iladvig
561 5143 595 5195 ed
613 5143 667 5193 Cic.
685 5141 720 5192 de
738 5140 802 5191 hun.
820 5154 847 5206 p.
865 5141 914 5192 8t⁰
931 5154 972 5204 sq.
992 5166 1021 5179 -
1047 5141 1087 5192 to.
1104 5155 1177 5190 esem
1200 5137 1230 5191 G¹
1249 5166 1276 5204 ,-
1301 5141 1452 5205 appellemus
1468 5144 1488 5192 Ρ
1505 5156 1591 5194 corn:
1614 5143 1768 5206 appellemus

442 5221 486 5271 cr
505 5246 531 5255 —-
551 5220 591 5270 lt.
609 5224 719 5269 tercmss
735 5215 807 5267 0¹-
825 5221 908 5267 immo
925 5217 971 5267 boc
986 5216 1085 5279 qaddem
1100 5217 1216 5276 vetum,
1234 5216 1267 5268 cl.
1286 5216 1321 5266 ad
1337 5230 1363 5282 p.
1376 5219 1416 5280 64,
1431 5217 1471 5268 94.
1494 5242 1522 5253 -
1542 5219 1583 5268 42.
1600 5219 1768 5270 meramors

441 5296 472 5346 6¹
491 5320 518 5332 -
538 5294 578 5347 44.
595 5295 634 5346 bis
651 5294 694 5344 Cr
717 5319 745 5330 -
770 5294 810 5343 te.
826 5293 993 5355 propev-
1013 5290 1134 5341 hebebant
1150 5293 1171 5341 G
1189 5317 1216 5327 -
1239 5293 1356 5342 uidentur
1372 5294 1394 5342 G
1411 5317 1439 5328 -
1464 5292 1505 5343 46.
1523 5293 1713 5356 compeeodibtle
1729 5295 1765 5343 G:

439 5370 658 5435 compeebmdibiie
672 5369 736 5430 ΑΡ,
758 5367 972 5431 comprehensione
987 5380 1013 5427 r,
1036 5367 1250 5429 comprehensibile
1265 5368 1317 5418 V0
1343 5394 1370 5404 -
1393 5368 1433 5418 47.
1450 5367 1546 5431 sochot
1561 5368 1584 5417 V
1602 5396 1629 5407 -
1650 5369 1696 5421 hoc
1711 5371 1767 5420 Da·

438 5447 510 5498 vies:
527 5446 571 5496 trec
588 5446 645 5508 Cr,
662 5444 722 5494 boec
739 5444 759 5494 0
777 5471 805 5480 -
822 5445 928 5506 tequam
943 5443 1087 5493 llanutius:
1107 5443 1188 5505 inquit
1205 5444 1292 5504 cor,
1309 5444 1495 5506 inquttdttlcus
1506 5447 1638 5508 Goereuz,
1656 5444 1767 5495 utitem

439 5521 509 5572 coni.
526 5519 635 5571 Dur-and
657 5519 684 5569 in
709 5518 779 5569 curis
802 5517 927 5570 secundis
948 5544 974 5554 -
998 5517 1119 5580 quonism
1134 5514 1178 5579 (3¹,
1204 5533 1313 5582 quorem
1324 5545 1361 5557 --
1372 5520 1500 5572 moes?
1521 5521 1548 5573 in
1564 5533 1617 5571 res.
1636 5519 1719 5571 habet
1736 5544 1763 5556 -

438 5597 490 5647 etio
512 5598 546 5646 G:
573 5609 628 5646 om.
645 5594 777 5645 levor
794 5620 822 5631 -
848 5593 960 5656 coteptoo
983 5595 1017 5654 G,
1043 5592 1185 5656 coptctetoo
1200 5596 1237 5655 Α,
1263 5594 1429 5657 contemptos
1445 5597 1473 5656 Ρ,
1495 5595 1679 5659 coptetemptoe
1695 5593 1718 5642 V
1737 5620 1765 5631 -

438 5670 479 5721 48.
494 5669 630 5734 praem
646 5671 667 5719 G
685 5693 713 5704 -
733 5669 773 5717 49.
790 5667 822 5717 tis
838 5681 866 5717 r:
889 5669 927 5717 his
943 5668 963 5718 C
982 5695 1016 5705 -
1035 5669 1228 5732 prehdereotas·
1243 5670 1275 5730 V,
1290 5671 1484 5732 prehenderetur
1499 5674 1521 5722 Α
1539 5696 1567 5708 -
1586 5672 1628 5722 29.
1646 5671 1764 5731 werel,

436 5759 494 5796 cren
510 5746 655 5796 hlanutius:
678 5743 788 5794 desseret
803 5748 831 5793 ot
847 5745 889 5806 (oc
905 5745 934 5807 G)
951 5757 1009 5794 cum
1026 5745 1069 5796 Cr
1086 5769 1113 5779 -
1137 5744 1183 5793 teli
1198 5745 1254 5795 lae-e
1269 5746 1345 5796 AVr
1362 5772 1390 5785 -
1409 5747 1441 5799 22
1456 5749 1484 5797 et
1499 5745 1540 5797 23.
1558 5758 1730 5810 cornprmsren
1747 5745 1766 5794 P

438 5845 466 5856 -
485 5819 526 5871 24.
545 5821 663 5871 eetitmst
679 5820 714 5881 G,
731 5818 931 5869 esisuroti‘-
949 5820 990 5870 25.
1007 5819 1140 5884 ipnotoque
1157 5821 1218 5869 G-
1236 5821 1439 5871 commcntv-
1458 5820 1499 5871 27.
1516 5819 1766 5884 dicits-pomis

438 5897 469 5946 G¹
488 5923 515 5933 -
533 5896 574 5947 28.
592 5894 638 5946 soli
654 5906 750 5945 vereor
766 5895 796 5944 ut
811 5907 906 5945 senum
923 5895 971 5956 sit;
989 5896 1069 5946 sotem
1084 5896 1108 5946 et
1125 5895 1212 5948 Christ
1230 5921 1257 5932 -
1276 5909 1309 5946 es
1325 5909 1374 5958 quo
1392 5897 1402 5946 t
1419 5895 1480 5950 cod.
1498 5897 1577 5952 Goer,
1592 5923 1620 5943 -
1638 5894 1680 5949 29.
1699 5893 1766 5960 qnod

439 5982 494 6024 om.
513 5969 1324 6035 G-utomV-tttiom.r-3l.qcodquesomeot.
1343 5970 1435 6023 Faber.
