4342 7459
700 1238 768 1302 n..
789 1238 829 1301 n.
859 1237 933 1302 cn».
955 1238 1210 1305 xvir-xvia.
1236 1236 1283 1322 ss
1303 1236 1448 1303 ss-rs.
1673 1232 1735 1298 aas

416 1397 569 1463 Aniculae
591 1418 686 1481 saepe
706 1398 843 1463 inediam
863 1398 996 1462 biduum
1011 1407 1065 1463 aut
1077 1400 1217 1464 triduum
1231 1399 1346 1462 lerunt
1378 1399 1504 1463 Subduc
1520 1400 1624 1463 cibum
1638 1419 1736 1462 unum

416 1492 500 1556 dlem
527 1493 683 1558 atbletaes
718 1495 823 1557 Iovem
851 1492 1049 1576 Olympium,
1077 1514 1150 1557 eum
1176 1494 1298 1577 ipsum,
1328 1494 1378 1557 cui
1407 1514 1441 1557 se
1463 1502 1603 1569 exercet,
1635 1490 1738 1575 inplo-

415 1584 506 1658 nbit,
527 1584 612 1650 ferre
633 1607 697 1651 non
719 1608 814 1671 posse
835 1608 865 1650 se
887 1587 1042 1650 clamabit.
1073 1587 1318 1651 Consuetudinis
1340 1606 1453 1669 magna
1468 1588 1515 1650 ris
1538 1596 1603 1650 est:
1625 1606 1738 1669 perno-

415 1685 500 1742 ctant
521 1687 688 1743 venatores
710 1681 743 1743 in
765 1682 854 1753 nive,
875 1681 909 1743 in
931 1680 1089 1744 montibus
1111 1681 1158 1744 uri
1182 1702 1216 1744 se
1237 1681 1414 1763 patiuntur;
1437 1680 1559 1762 pugiles
1580 1678 1737 1742 caestibus

415 1771 540 1836 contusi
561 1794 602 1837 ne
622 1776 840 1858 ingemescunt
861 1773 999 1858 quidem.
1036 1770 1087 1836 lt.
1111 1775 1173 1837 Sed
1196 1773 1366 1858 quidhoc,
1388 1774 1504 1858 quibus
1519 1774 1760 1858 Olympiorume

415 1864 548 1929 victoria
569 1867 753 1931 consulatus
775 1867 829 1930 ille
851 1868 999 1950 antiquus
1022 1867 1168 1931 ridetur?
1191 1868 1395 1950 gladiatores,
1424 1875 1477 1930 aut
1499 1868 1614 1949 perditi
1635 1864 1738 1931 bomi-

414 1980 471 2024 nes
492 1969 548 2025 aut
569 1962 710 2037 barbari,
732 1981 811 2045 quas
833 1960 942 2043 plagas
965 1961 1150 2044 perferunt!
1179 1982 1242 2045 quo
1265 1963 1359 2023 modo
1382 1961 1445 2034 illi,
1468 1963 1522 2046 qui
1544 1963 1625 2026 bene
1647 1962 1738 2026 insti·

414 2056 474 2119 tuti
506 2064 595 2129 sunt,
624 2056 769 2138 accipere
797 2054 921 2139 plagam
951 2055 1072 2118 malunt
1101 2074 1195 2138 quam
1224 2056 1356 2137 turpiter
1377 2056 1492 2117 vitarel
1527 2074 1737 2140 quamsaepe

412 2157 546 2232 apparet
567 2148 647 2212 nihil
669 2168 724 2212 eos
746 2148 840 2211 malle
863 2167 956 2231 quam
979 2148 1029 2212 vel
1052 2147 1181 2211 domino
1202 2148 1280 2211 satis
1301 2148 1405 2211 lacere
1427 2149 1478 2212 vel
1500 2150 1639 2232 populol
1666 2148 1738 2212 blit-

413 2251 485 2306 tnnt
506 2242 602 2305 etiem
624 2242 808 2305 volneribus
830 2239 964 2304 conlecti
992 2240 1032 2303 ad
1055 2240 1201 2305 dominos
1225 2242 1279 2326 qui
1303 2250 1457 2325 quaerant
1477 2243 1553 2325 quid
1574 2244 1688 2306 velint:
1710 2242 1776 2305 sio

414 2337 490 2400 satis
520 2336 559 2400 iis
588 2335 706 2400 lactum
736 2336 795 2410 sit,
823 2355 858 2398 se
881 2334 962 2398 velle
986 2335 1184 2399 decumbere.
1222 2335 1303 2412 Quis
1326 2336 1495 2399 mediocris
1516 2336 1670 2419 gladiator
1690 2338 1739 2398 in-

413 2431 551 2513 gemuit,
579 2430 651 2514 quis
679 2429 800 2493 vultum
829 2427 962 2492 mutavit
993 2432 1164 2512 umquam?
1199 2429 1271 2513 quis
1293 2449 1358 2493 non
1381 2430 1475 2492 modo
1497 2431 1598 2504 stetit,
1631 2450 1739 2492 rerum

413 2525 509 2588 etiam
531 2523 682 2587 decubuit
703 2523 860 2606 turpiter?
887 2523 974 2605 quis,
997 2543 1067 2585 oum
1092 2522 1311 2596 decubuisset,
1333 2523 1449 2587 ferrum
1472 2524 1613 2606 recipere
1634 2523 1739 2586 iussus

414 2620 532 2684 collum
547 2619 726 2683 contraxit?
748 2619 883 2681 Tantum
899 2616 1100 2692 exercitatio,
1123 2617 1302 2692 meditatio,
1325 2619 1522 2681 consuetudo
1538 2617 1631 2681 valet.
1656 2616 1739 2698 Ergo

413 2712 474 2776 boc
495 2712 614 2795 poterit
1748 2721 1777 2766 u

520 2804 694 2879 Samnis,
717 2825 887 2890 spurcus
908 2804 1036 2879 bomo,
1060 2805 1146 2869 vita
1167 2806 1245 2869 illa
1266 2805 1412 2888 dignus
1433 2806 1620 2891 locoque:

415 2900 464 2963 vir
484 2907 580 2962 natus
602 2900 642 2962 ad
665 2898 796 2982 gloriam
817 2897 913 2962 ullam
936 2907 1058 2981 partem
1079 2900 1177 2963 animi
1200 2908 1262 2962 tam
1279 2899 1406 2963 mollem
1421 2900 1550 2964 babebit
1565 2919 1658 2984 quam
1674 2918 1739 2960 non

415 2993 623 3057 meditatione
646 3000 677 3055 et
698 2992 820 3055 ratione
842 2992 1051 3056 conroboret?
1082 2993 1215 3056 Crudele
1242 2993 1449 3076 gladiatorum
1472 2992 1686 3077 spectaculum
1708 2999 1740 3053 et

417 3087 627 3151 inhumanum
649 3105 713 3148 non
735 3085 832 3149 nullis
854 3085 954 3148 videri
977 3086 1074 3159 solet,
1098 3094 1130 3149 et
1150 3085 1235 3149 baud
1258 3086 1324 3150 scio
1346 3105 1385 3149 an
1408 3086 1452 3150 ita
1467 3088 1524 3161 eit,
1546 3095 1581 3149 ut
1596 3104 1680 3148 nunc
1694 3080 1738 3146 lit

415 3181 491 3244 Cum
529 3199 604 3244 vero
640 3187 748 3243 sontes
775 3178 859 3242 terro
889 3180 1127 3262 depugnabant,
1162 3180 1290 3243 auribus
1316 3178 1449 3243 ioruese
1479 3173 1776 3253 multae,'oculisao

415 3275 548 3359 quidem
572 3275 660 3338 nulla
688 3280 811 3356 poterat
833 3292 903 3337 esse
925 3273 1038 3336 sortior
1061 3281 1170 3336 contra
1191 3272 1333 3336 dolorem
1356 3282 1388 3336 et
1409 3282 1541 3336 mortem
1563 3271 1740 3354 discipliua.

499 3368 614 3431 XVIII.
635 3364 686 3429 42.
709 3368 755 3429 Ile
777 3368 1003 3430 exercitatione
1026 3375 1058 3430 et
1079 3366 1307 3430 consuetudine
1330 3375 1361 3430 et
1381 3367 1645 3431 commentatione
1660 3364 1738 3427 dixi.

414 3465 496 3546 Age,
519 3463 580 3535 sis,
603 3482 686 3525 nunc
708 3460 748 3523 de
770 3462 891 3525 ratione
913 3462 1093 3535 videamus,
1121 3461 1181 3524 nisi
1210 3460 1286 3542 quid
1310 3461 1358 3524 vis
1380 3461 1419 3524 ad
1442 3461 1530 3525 baec.
1573 3463 1609 3521 A.
1631 3460 1739 3540 Egone

390 3565 449 3622 ‚ut
478 3566 511 3619 te
541 3554 762 3637 Interpellem?
792 3574 832 3617 ne
859 3554 918 3618 boo
947 3556 1076 3636 quidem
1105 3553 1236 3617 vellem:
1264 3556 1307 3616 lta
1334 3574 1384 3617 me
1409 3554 1447 3617 ad
1470 3553 1662 3617 credendum
1685 3560 1739 3614 tua

414 3651 499 3713 ducit
531 3648 643 3712 oratio.
683 3650 726 3711 M.
756 3648 844 3710 Sitne
872 3648 968 3731 igitur
993 3648 1109 3711 malum
1132 3648 1240 3710 dolere
1262 3668 1362 3711 neena
1385 3649 1482 3712 Stoici
1506 3648 1655 3719 viderint,
1683 3644 1776 3729 quius

413 3743 601 3807 contortuIIs
631 3741 821 3827 quibusdam
844 3749 875 3803 et
901 3742 1028 3804 minutis
1051 3742 1318 3805 conclusiunculis
1341 3763 1398 3805 nec
1421 3741 1460 3804 ad
1483 3760 1594 3804 sensus
1615 3757 1739 3821 perma-

414 3838 564 3901 nantibus
593 3835 677 3900 effici
708 3835 819 3897 volunt
847 3856 910 3898 non
939 3856 1008 3898 esse
1031 3836 1149 3898 malum
1171 3834 1324 3898 dolorem.
1361 3837 1427 3918 Ego
1460 3834 1556 3908 illud,
1586 3832 1738 3916 quiequid

413 3931 469 4005 sit,
502 3938 625 3993 tantum
652 3950 721 3993 esse
750 3936 904 4012 quantum
930 3930 1074 3992 videatur
1104 3949 1165 3991 non
1189 3937 1280 4010 puto,
1312 3928 1453 4011 salsaque
1475 3930 1543 3992 eius
1566 3928 1685 3990 visione
1707 3934 1739 3989 et
1817 3952 1819 3956 ·

413 4025 521 4108 specie
543 4024 664 4086 moveri
691 4023 837 4087 homines
860 4023 930 4084 dieo
953 4022 1170 4084 vehementius
1192 4022 1399 4106 doloremque
1421 4042 1545 4085 omnem
1568 4042 1637 4086 esse
1660 4022 1739 4086 tole·

478 4362 501 4410 l.
521 4360 625 4409 tridium
642 4360 662 4407 G
682 4385 708 4395 -
732 4359 756 4406 i.
776 4358 882 4407 atbktae
902 4358 991 4406 iouen.
1015 4357 1097 4405 ionem
1118 4356 1253 4417 olgmpium
1276 4357 1324 4404 (ΞΒ
1348 4356 1384 4415 iio
1403 4359 1422 4404 G
1446 4354 1547 4406 litterae
1565 4364 1618 4408 etae
1634 4361 1695 4408 sunt
1713 4361 1737 4408 in

411 4437 512 4494 rasura)
534 4462 560 4472 -
579 4438 677 4483 coercet
695 4434 785 4482 Herm.
797 4433 942 4495 Sauppius:
964 4431 1087 4480 censebit
1104 4432 1153 4480 CO
1173 4457 1199 4466 -
1219 4431 1243 4479 3.
1262 4444 1286 4479 se
1304 4445 1357 4480 om.
1378 4433 1468 4480 CO-
1487 4431 1512 4481 l.
1529 4434 1674 4493 patiuntur‚·
1690 4448 1739 4494 pu-

410 4514 472 4577 giles
488 4507 647 4561 Lambinus:
664 4509 805 4570 patiuntur.
825 4508 884 4556 Inde
898 4507 995 4568 pugiles
1012 4507 1078 4564 C0;
1096 4507 1308 4567 patiunturlndi:
1322 4506 1419 4568 pugiles
1430 4507 1556 4555 Davisius.
1578 4508 1654 4556 clade
1667 4506 1739 4557 Wol-

411 4586 462 4635 tlua
479 4583 612 4642 delendIt,
630 4596 692 4632 cum
710 4582 812 4633 direret
828 4595 888 4632 esse
906 4597 938 4631 ac
954 4582 1003 4630 bac
1019 4583 1199 4630 consuetudine.
1222 4583 1254 4630 At
1272 4582 1385 4643 primum
1402 4583 1462 4629 ante
1472 4585 1618 4642 pernoctant
1630 4583 1738 4644 quidem

411 4664 484 4709 certe
503 4656 688 4708 collocandum
706 4655 766 4716 luit;
787 4657 884 4707 deinde
902 4656 943 4706 vel
963 4656 997 4706 ibi
1017 4659 1131 4721 positum
1145 4659 1205 4720 post
1217 4658 1402 4707 consuetudinis
1418 4670 1531 4718 magna
1548 4657 1594 4705 ois
1610 4662 1652 4705 est
1671 4654 1738 4705 male

410 4737 526 4784 otiosum
544 4733 616 4782 esset
633 4735 660 4782 et
677 4745 769 4796 parum
793 4733 1011 4792 ciceronianum,
1036 4735 1081 4796 qui
1104 4733 1212 4797 quidem
1231 4732 1340 4781 dixisset
1357 4734 1414 4781 aut:
1437 4733 1495 4781 inde
1512 4733 1554 4791 (Er
1574 4732 1634 4794 quo)
1651 4732 1691 4792 sit
1707 4737 1740 4781 ut

405 4812 554 4873 madent
570 4810 621 4857 cet.
641 4810 686 4856 aut
705 4807 745 4868 ici.
766 4809 807 4865 111,
826 4808 881 4867 eat:
908 4809 967 4857 Inde
986 4809 1063 4870 (eunti
1079 4809 1334 4870 pernoctationes
1349 4813 1497 4857 omniorum
1513 4810 1564 4857 cet.
1591 4807 1739 4869 Tregderus

410 4898 445 4936 ex
462 4881 582 4934 Lambini
600 4883 752 4932 coniectura
770 4883 827 4932 inde
844 4881 953 4932 delevit:
975 4886 1057 4943 recte,
1077 4885 1113 4943 si,
1132 4897 1185 4948 quo
1203 4880 1311 4933 consilio
1329 4895 1415 4945 quove
1433 4896 1496 4932 casu
1518 4881 1631 4943 (librario
1648 4881 1681 4931 ad
1698 4882 1740 4930 in·

408 4962 468 5011 niue
490 4957 591 5008 autad
614 4960 672 5021 inge
694 4958 864 5018 aberrante‘i)
889 4960 963 5008 esset
979 4957 1114 5015 addItum.
1134 4956 1238 5019 intelllgi
1258 4954 1332 5006 iacile
1351 4959 1448 5019 posset.
1478 4956 1543 5017 Quid
1561 4954 1651 5013 lateat.
1677 4955 1739 5005 mibi

410 5048 465 5086 non
484 5033 579 5096 liquet.
607 5033 643 5082 Er
661 5031 772 5082 aliorum
791 5034 949 5083 coniecturis
967 5035 1082 5082 maxime
1100 5033 1163 5082 mibi
1184 5032 1313 5096 probatur
1323 5033 1475 5093 Augustini:
1495 5034 1555 5081 nudi
1569 5033 1677 5095 pugiles:
1698 5044 1739 5089 ea,

410 5122 494 5174 quarn
512 5109 568 5172 ipse
586 5106 652 5167 leci,
668 5109 802 5169 patiuntur
818 5105 858 5156 idi
872 5107 980 5170 (iidem),
1000 5105 1136 5169 perierem
1148 5108 1341 5156 correcti0nem
1355 5104 1449 5166 babet,
1467 5105 1666 5157 collocationem
1679 5120 1740 5156 ven

409 5184 509 5234 borum
528 5195 580 5231 non
598 5182 751 5245 optimam.»
771 5182 812 5229 W.
834 5208 860 5218 -
881 5182 904 5231 t.
924 5182 1086 5244 ingemiscunt
1104 5183 1162 5230 0²0
1181 5208 1206 5217 -
1227 5181 1251 5230 6.
1270 5183 1409 5230 consolatus
1426 5182 1474 5231 Gli
1495 5210 1521 5218 -
1541 5183 1564 5231 8.
1580 5182 1658 5245 plaga
1676 5185 1694 5230 G
1710 5207 1737 5217 -

409 5259 451 5308 ro.
476 5261 599 5318 want
621 5256 643 5303 si
665 5257 725 5319 quid
746 5255 815 5305 Bake
842 5254 858 5305 l.
879 5254 895 5304 i.
914 5269 940 5320 p.
959 5256 1000 5306 iil.
1026 5282 1053 5291 -
1082 5258 1122 5304 it.
1140 5257 1215 5306 bisc
1238 5283 1270 5293 -
1293 5256 1453 5318 imtumnon
1469 5258 1500 5306 sit
1517 5259 1537 5306 0
1555 5282 1581 5292 —
1601 5256 1740 5306 incombere

409 5337 554 5398 (superscr.
573 5333 598 5391 ul
617 5331 636 5380 lt
656 5358 682 5366 -
701 5333 837 5394 gradiator
854 5332 913 5382 Gll¹
932 5357 958 5367 -
979 5331 1018 5380 ⁴3.
1038 5331 1170 5381 decubisset
1187 5330 1217 5380 11¹
1233 5358 1266 5368 —
1284 5331 1323 5380 to.
1343 5337 1367 5379 et
1385 5332 1465 5379 adbuc
1482 5333 1568 5381 scioC
1589 5358 1615 5369 -
1634 5333 1674 5380 it.
1691 5345 1739 5391 po-

409 5410 468 5459 terit
486 5420 555 5457 corr.
575 5408 600 5455 in
615 5411 715 5467 poterat
732 5408 752 5455 G
771 5433 797 5443 —
817 5408 857 5456 ss.
877 5407 960 5456 doure
978 5407 1012 5455 C:
1032 5406 1103 5455 dolor
1120 5408 1148 5456 0.
1175 5406 1272 5456 «dalem
1288 5407 1403 5468 primum
1420 5420 1469 5470 per
1485 5421 1514 5456 se
1532 5408 1617 5470 ipsum
1636 5410 1738 5455 rectum

409 5486 453 5535 est
476 5483 516 5545 (el.
537 5482 583 5540 lll,
602 5481 633 5531 io
657 5481 696 5530 sn
715 5495 775 5531 sane
795 5495 918 5530 summurn
940 5482 1035 5529 malum
1057 5481 1191 5544 dolerel;
1219 5480 1324 5541 deinde,
1344 5481 1414 5530 dolor
1431 5483 1451 5530 si
1470 5483 1562 5531 Cicero
1580 5481 1738 5542 scripsIssei,

409 5555 490 5623 panio
507 5557 568 5621 post
585 5556 644 5617 (non
661 5570 712 5606 esse
727 5557 822 5605 maren
840 5556 958 5619 dobrnnj
978 5557 1018 5606 vix
1036 5555 1183 5606 addidisset
1201 5556 1309 5606 dowrem
1327 5556 1368 5616 iel.
1388 5556 1402 5619 5
1420 5556 1452 5606 28
1469 5569 1509 5619 sq.
1529 5557 1599 5605 dolor
1614 5556 1739 5603 malumne

409 5635 442 5682 sit
526 5630 679 5681 concludunt
695 5632 852 5680 ratiusmslas
868 5632 958 5689 Stoici,
981 5646 1027 5681 cur
1042 5646 1091 5681 non
1111 5633 1152 5681 sit
1167 5633 1300 5694 natam).
1330 5632 1438 5682 Accedit
1456 5631 1526 5694 quod
1545 5644 1661 5693 sequens
1678 5631 1739 5679 iilud

411 5708 450 5758 slc
468 5708 629 5772 apertiorem
647 5706 729 5756 babet
746 5705 1010 5757 demonstrationem.
1034 5706 1110 5768 Quod
1127 5706 1248 5758 librarius
1265 5706 1372 5770 aliquis,
1392 5707 1436 5768 qui
1454 5719 1533 5770 supra
1550 5710 1601 5754 tam
1614 5718 1695 5767 saepe
1713 5707 1738 5754 in

411 5781 507 5832 eadem
525 5783 656 5830 sententia
674 5781 745 5830 dolor
761 5781 877 5844 positum
896 5780 1017 5844 legisset,
1037 5783 1100 5831 item
1118 5782 1145 5832 b.
1164 5781 1180 5831 l.
1199 5784 1316 5846 scripsit,
1335 5781 1483 5831 mirandum
1502 5793 1553 5829 non
1569 5783 1634 5829 est.»
1653 5782 1694 5829 W.
1710 5807 1735 5816 -

410 5857 452 5906 26.
471 5863 494 5905 et
511 5857 546 5906 C:
565 5869 596 5904 ac
613 5856 633 5905 0
653 5883 679 5892 —
694 5856 897 5919 pennaneruibus
914 5857 933 5906 C
949 5883 975 5891 -
994 5857 1035 5907 29.
1055 5857 1212 5918 ecmannus
1227 5857 1380 5908 Ernestius:
1398 5856 1555 5917 dolorenrque
1570 5855 1622 5905 eins
1639 5856 1674 5913 (ἒς
1694 5857 1739 5908 do-

411 5928 662 5997 brmgue10iusl0
681 5958 709 5971 -
728 5929 889 5981 todnabiiem
906 5931 964 5981 Gn.
