4342 7459
755 1233 826 1299 un.
843 1234 882 1302 u
914 1235 1144 1300 cmm-x.
1171 1232 1379 1319 sose-25.
1673 1231 1737 1300 ser

491 1394 614 1459 Gaute
644 1402 735 1458 rota
761 1393 972 1457 reddunto,
1019 1396 1158 1459 Poena·
1182 1396 1326 1461 violati·
1350 1397 1455 1463 iuris
1484 1403 1596 1461 esto:
1634 1418 1737 1481 quo·

406 1490 506 1554 eiroa
536 1508 582 1551 ne
611 1487 700 1573 quis
727 1506 855 1572 agrum
886 1497 1121 1554 oonseorato.
1163 1490 1278 1566 Auri,
1312 1492 1483 1573 argenti,
1515 1492 1644 1557 eboris
1677 1511 1736 1556 sa·

407 1582 540 1647 arandi
564 1581 699 1645 modus
730 1589 826 1646 esto.

495 1677 609 1740 Saena
637 1676 792 1759 privata·
818 1683 1007 1759 perpetua
1037 1685 1230 1741 manento.

490 1772 658 1834 Deorum·
680 1771 848 1834 llanium
871 1772 956 1833 iura
985 1778 1119 1833 saneta
1147 1780 1272 1836 sunto.
1323 1773 1393 1837 Sos
1425 1772 1511 1836 leto·
1536 1772 1649 1838 datos
1678 1773 1759 1836 ‹li-⁶

407 1884 473 1930 nos
501 1864 692 1928 habento:
722 1871 912 1947 sumptum
941 1865 978 1926 in
1008 1863 1108 1927 ollos
1138 1864 1365 1950 luctumque
1394 1868 1608 1929 minuunto.

491 1959 531 2021 x.
557 1954 608 2020 23.
626 1957 686 2020 Au.
704 1956 859 2020 Conclusa
875 1956 1004 2041 quidem
1021 1965 1068 2020 est
1082 1977 1101 2020 a
1115 1965 1146 2022 te
1161 1966 1223 2022 tum
1239 1978 1353 2043 magna
1368 1959 1421 2022 len
1436 1979 1512 2024 sane
1527 1980 1621 2044 qnam
1636 1960 1734 2036 brevi,

407 2061 469 2126 set,
486 2062 523 2114 ut
544 2051 622 2115 mibi
644 2051 775 2135 quidem
796 2050 930 2123 videtur,
952 2070 1017 2112 non
1040 2051 1171 2113 multum
1195 2053 1354 2135 discrepat
1374 2054 1435 2117 ista
1459 2054 1643 2117 constitutio
1662 2053 1736 2116 reli·

407 2148 536 2231 gionum
559 2166 578 2209 a
600 2146 724 2227 legibus
745 2147 865 2208 Numae
887 2146 1069 2227 nostrisque
1093 2146 1242 2208 moribus.
1285 2148 1328 2209 M.
1351 2147 1399 2209 Au
1422 2163 1550 2221 censes,
1581 2166 1679 2229 quom
1701 2147 1734 2210 in

407 2241 470 2304 illis
492 2240 531 2303 de
553 2260 589 2302 re
612 2237 739 2320 publiea
762 2237 850 2301 libris
873 2238 1066 2321 persuadere
1090 2238 1234 2302 videatur
1254 2239 1438 2315 Africanus,
1467 2242 1606 2304 omnium
1630 2259 1734 2304 renam
1744 2248 1772 2295 ⁴⁰

407 2334 602 2418 publicarum
630 2340 769 2396 nostram
802 2342 939 2397 veterem
969 2334 1061 2396 illam
1082 2334 1182 2397 luisse
1211 2342 1391 2417 optumam,
1420 2354 1485 2398 non
1512 2353 1643 2397 neeesse
1664 2352 1735 2397 esse

407 2435 557 2511 optumae
587 2426 633 2490 rei
660 2427 806 2509 publicae
835 2426 922 2509 leges
950 2428 1024 2490 dare
1054 2431 1308 2491 consentaneas?
1346 2428 1407 2491 Ass.
1437 2429 1536 2492 lmmo
1557 2448 1670 2511 prosus
1691 2429 1735 2491 ita

407 2540 536 2586 censeo.
581 2519 626 2580 Μ.
650 2520 734 2601 Ergo
756 2519 842 2584 adeo·
860 2528 1043 2602 exspectate
1065 2520 1163 2603 leges,
1186 2539 1268 2605 quae
1290 2541 1390 2603 genus
1413 2522 1499 2585 illud·
1509 2530 1672 2605 optumum
1687 2522 1734 2586 rei

407 2615 554 2700 publicae
576 2614 769 2686 contineant,
792 2621 837 2686 et,
856 2614 883 2676 si
906 2633 989 2697 quae
1010 2613 1091 2678 lorte
1113 2635 1132 2678 a
1154 2635 1204 2679 me
1225 2615 1323 2678 bodie
1344 2616 1554 2698 rogabuntur,
1573 2633 1654 2699 quae
1668 2633 1733 2677 non

408 2710 472 2773 sint
497 2707 531 2769 in
558 2715 721 2770 nostrane
743 2707 875 2789 publiea·
892 2727 951 2771 neo
973 2708 1108 2782 merint,
1137 2718 1247 2773 tamen
1264 2718 1357 2773 erunt
1377 2709 1444 2773 iere
1466 2711 1498 2773 in
1521 2727 1611 2772 more
1634 2708 1772 2771 maio-ta

408 2823 495 2876 rum,
518 2802 661 2885 quitum
684 2807 720 2863 ut
741 2800 795 2863 lex
815 2801 951 2864 valebat.
995 2798 1047 2866 tl.
1076 2804 1136 2865 lu.
1167 2803 1271 2866 Suade
1299 2804 1411 2885 igitur,
1443 2804 1611 2888 siplaeet,
1639 2803 1733 2865 istam

408 2897 515 2979 ipsam
531 2894 644 2977 legem,
667 2902 703 2956 ut
725 2915 785 2976 ego
808 2898 910 2958 uutei
933 2905 971 2958 tu
994 2915 1126 2978 rogas»
1151 2896 1270 2978 possim
1294 2895 1407 2959 disere.
1445 2899 1488 2960 tl.
1510 2897 1572 2960 Ain
1594 2896 1733 2970 tandem,

408 2990 526 3062 Attioe,
555 2999 625 3051 non
643 3008 678 3051 es
701 2988 843 3051 dicturus
866 2988 979 3052 aliter?
1021 2990 1081 3053 Ass.
1106 2993 1223 3053 Prosus
1245 2991 1396 3053 maiorem
1420 2990 1555 3075 quidem
1572 3008 1641 3053 rem
1662 2987 1734 3051 nul·

408 3084 470 3147 lam
493 3085 624 3148 seisoam
647 3082 754 3156 aliter,
776 3084 809 3145 in
832 3083 1022 3158 minoribus,
1045 3085 1070 3148 si
1094 3085 1200 3157 voles,
1223 3084 1376 3145 remittam
1398 3081 1458 3146 boo
1473 3084 1537 3146 tibi.
1570 3084 1607 3161 Q.
1628 3085 1733 3165 Atque

347 3167 353 3179 ’
409 3197 478 3241 mea
500 3176 630 3261 quibem
651 3177 752 3239 eodem
773 3178 934 3240 sententia·
952 3186 1008 3239 est.
1051 3179 1095 3242 tl.
1117 3181 1170 3252 At,
1192 3196 1233 3240 ne
1255 3176 1386 3259 longum
1408 3173 1478 3250 liat,
1504 3174 1622 3239 videte.
1667 3177 1771 3241 Aaou

408 3271 532 3335 Utinam
554 3269 702 3353 quideml
734 3270 810 3354 quid
833 3271 924 3334 enim
939 3291 1033 3353 agere
1056 3274 1235 3336 malumus?

492 3365 536 3426 Μ.
567 3363 659 3427 Ceste
689 3364 777 3427 iubet
807 3363 859 3426 lex
889 3363 977 3427 adiro
1005 3364 1044 3429 ad
1073 3366 1168 3441 (loos,
1198 3360 1305 3428 animo
1327 3362 1491 3437 videlieet,
1518 3364 1551 3426 in
1573 3383 1637 3448 qno
1660 3371 1735 3427 sunt

410 3458 527 3522 omnia.
550 3459 615 3520 Neo
637 3457 722 3521 tollit
743 3458 962 3521 castimoniam
985 3461 1141 3543 eorporis:
1164 3459 1220 3523 sed
1243 3457 1304 3520 boo
1326 3466 1450 3540 oportet
1463 3458 1621 3540 intellegi,
1637 3476 1734 3540 quom

411 3550 543 3615 multum
571 3552 696 3615 animus
725 3552 848 3635 eorpori
876 3561 1014 3635 praestet
1036 3555 1299 3636 observaturque,
1327 3560 1362 3614 ut
1383 3559 1468 3614 easta
1490 3570 1623 3634 corpora
1644 3549 1735 3613 adbi-

411 3645 555 3719 beantur,
578 3645 678 3708 multo
700 3665 771 3709 esse
792 3647 825 3708 in
847 3647 960 3709 animis
982 3648 1015 3711 id
1037 3648 1227 3711 servandum
1250 3648 1360 3729 magis.
1403 3649 1483 3710 Nam
1505 3646 1584 3709 illud
1607 3646 1657 3708 vel
1679 3646 1772 3711 ael-at

410 3741 576 3822 sparsione
597 3759 699 3823 aquae
722 3742 771 3804 vel
795 3741 916 3804 dierum
932 3761 1064 3804 numero
1079 3741 1217 3804 tollitur:
1240 3740 1337 3803 animi
1354 3740 1441 3803 labes
1455 3761 1515 3804 neo
1529 3739 1736 3803 diuturnitate

411 3850 599 3897 evanescere
627 3852 686 3896 neo
715 3835 860 3898 amnibus
889 3834 963 3897 ullis
991 3835 1056 3898 elui
1084 3843 1198 3916 potest.
1249 3831 1300 3897 25.
1331 3833 1424 3912 Quod
1453 3843 1557 3898 autem
1585 3834 1736 3917 pietatem

410 3926 571 4001 adhiberi,
604 3946 681 4008 opes
708 3930 847 3991 amoveri
875 3928 984 4001 iubet,
1012 3924 1168 4010 signifieat
1195 3928 1384 4011 probitatem
1414 3935 1534 4009 gratam
1562 3945 1633 3990 esse
1663 3925 1736 4001 deo,

411 4028 573 4103 sumptum
600 4041 671 4085 esse
692 4024 931 4086 removendum.
976 4021 1038 4097 Qui
1060 4023 1145 4086 enim
1166 4029 1385 4105 paupertatem
1408 4041 1480 4085 eum
1502 4020 1623 4085 divitiis
1643 4021 1736 4083 etiam

410 4114 493 4178 inter
513 4113 658 4178 homines
681 4134 752 4178 esso
774 4114 940 4199 aequalem
963 4115 1115 4189 velimus,
1138 4135 1195 4178 our
1216 4136 1284 4180 eam
1307 4122 1432 4199 sumptu
1454 4114 1495 4178 ad
1518 4133 1606 4178 saera
1627 4113 1783 4178 adoitoao‘

477 4430 501 4479 l.
519 4429 650 4480 reddente
667 4429 688 4478 ll
707 4452 735 4465 -
757 4425 873 4490 poeste
900 4452 926 4464 -
954 4428 1069 4478 siolaus
1085 4430 1117 4491 A,
1135 4427 1238 4477 ululatu
1253 4424 1283 4477 13¹
1309 4439 1344 4463 -’
1363 4427 1388 4478 2.
1408 4425 1660 4491 quommodo:
1679 4426 1738 4488 put·

410 4505 554 4556 numne
582 4530 608 4540 -
637 4505 774 4554 conuenta·
794 4504 855 4565 ΑΒ,
881 4503 1023 4553 omues
1050 4502 1072 4553 ll
1100 4529 1127 4539 -
1157 4504 1182 4554 5.
1199 4514 1239 4553 sos
1260 4502 1302 4551 vir
1322 4501 1417 4553 doetus
1440 4503 1465 4552 in
1487 4500 1594 4553 llisoell.
1611 4501 1737 4553 observv.

411 4579 551 4641 lll,t,67:
570 4580 648 4630 uoac
668 4605 694 4614 -
714 4580 773 4628 doto
791 4578 810 4630 C
829 4603 857 4614 -
876 4579 1000 4639 tiutosll,
1018 4580 1087 4629 diues
1102 4574 1132 4630 1³¹
1151 4605 1178 4616 -
1198 4571 1407 4638 6.tuolterAB¹,
1424 4576 1509 4627 motas
1526 4578 1547 4627 ll
1567 4603 1594 4614 -
1613 4578 1738 4629 nouo·

411 4657 448 4715 Α,
471 4666 531 4719 sup.
551 4656 626 4704 aest
638 4667 657 4717 p
674 4667 745 4705 man.
758 4654 787 4713 2,
810 4655 840 4704 ut
855 4654 890 4704 sit
905 4660 975 4717 opta;
1001 4655 1040 4704 ult
1056 4655 1078 4715 (t
1097 4666 1159 4704 enm
1176 4651 1232 4715 lin.)
1249 4653 1268 4703 B
1286 4665 1356 4703 corr.
1375 4653 1402 4702 in
1418 4657 1485 4714 epte,
1503 4652 1568 4702 ulter
1583 4651 1605 4702 ll
1623 4664 1692 4703 corr.
1710 4655 1737 4705 in

411 4730 494 4780 eumn
512 4756 540 4767 -
558 4735 611 4779 tom
627 4728 705 4779 codd.
725 4729 801 4779 dett:
820 4741 874 4779 om.
888 4729 918 4785 C.
938 4729 986 4780 sed
1005 4729 1111 4780 videtur
1131 4722 1160 4779 ui
1182 4729 1208 4778 ln
1231 4726 1273 4778 illa
1295 4738 1387 4777 rasura
1408 4725 1468 4777 eod.
1486 4727 1509 4778 Α
1530 4729 1590 4791 post
1606 4733 1630 4778 te
1645 4725 1737 4779 latere.

414 4832 442 4843 -
461 4804 539 4867 trent,
556 4806 598 4854 aad
615 4802 759 4855 Gulielmus
776 4807 803 4854 et
819 4804 965 4855 Victorius:
989 4805 1071 4855 mesta
1086 4809 1112 4855 et
1127 4805 1162 4861 C;
1186 4802 1270 4853 brool:
1286 4803 1346 4852 st0
1370 4828 1403 4839 -
1427 4801 1452 4852 8.
1470 4802 1625 4866 retentum
1641 4803 1667 4854 h.
1681 4802 1739 4856 la

413 4876 1630 4943 -tuummosa-cesullfl-q'mB1‚cssnl1-tt.sourobll-tttnb-
1655 4892 1740 4930 uaesa-

412 4958 531 5016 seruit,
549 4959 744 5006 assenserant
763 4969 833 5007 corr.
852 4957 1060 5008 msstlnoesaes
1075 4969 1140 5015 sam
1163 4968 1214 5006 esee
1231 4954 1320 5005 omli
1346 4979 1373 4990 -
1403 4954 1443 5004 te.
1460 4966 1551 5017 prosus
1565 4948 1611 5004 lt¹2
1634 4967 1741 5016 prorsus

412 5032 532 5085 A²Bll0
550 5056 577 5067 -
598 5032 778 5094 ramaclus
795 5032 815 5082 C
834 5058 861 5068 -
880 5028 994 5082 tusum
1022 5059 1047 5069 -
1077 5032 1116 5082 l'l.
1134 5031 1185 5081 utel
1201 5030 1309 5081 Davtes:
1328 5034 1357 5079 ut
1373 5028 1433 5080 etc
1453 5055 1481 5067 -
1506 5034 1533 5080 tu
1550 5030 1584 5080 C:
1602 5030 1690 5079 om.0
1707 5054 1736 5067 -

409 5122 507 5172 possem
523 5103 624 5158 ll¹lt¹ll
652 5131 679 5142 -
706 5106 863 5156 edicerellB
892 5132 916 5145 -
947 5107 987 5157 ⁴8.
1005 5110 1090 5159 saell
1120 5132 1146 5144 -
1174 5107 1284 5156 surmus
1299 5104 1387 5157 Chrlet
1407 5104 1617 5167 -pronusco
1641 5128 1667 5140 -
1696 5104 1737 5155 49.

411 5181 795 5242 maenomenon
824 5207 852 5218 -
879 5181 920 5231 2⁰.
938 5180 1144 5232 mdsmuddidit
1160 5179 1277 5244 iladvig:
1305 5192 1358 5231 om.
1378 5179 1437 5239 CO,
1460 5179 1569 5232 sedhic
1586 5191 1647 5230 oum
1664 5179 1739 5242 signo

412 5258 523 5311 lacunae
542 5259 605 5320 (uses
622 5269 720 5319 punem
735 5257 822 5306 sodsm
839 5254 989 5319 Feldhtlgel)
1010 5284 1035 5294 -
1059 5258 1101 5309 tt.
1121 5254 1216 5307 udt're
1232 5258 1262 5312 Α.
1281 5256 1316 5306 ult
1331 5255 1358 5305 itt
1373 5268 1402 5305 rs
1418 5251 1478 5304 B¹ll
1499 5280 1522 5292 -
1544 5254 1619 5304 elisos
1633 5247 1695 5303 ll¹ll
1706 5276 1740 5291 -

412 5332 453 5385 at.
471 5345 576 5395 corpore
592 5333 611 5383 C
633 5358 658 5368 -
677 5337 748 5381 cestu
764 5344 873 5393 empore
889 5332 1055 5382 autumatur
1071 5332 1106 5383 ll:
1125 5335 1198 5382 cestu
1212 5343 1321 5393 corporo
1337 5331 1416 5394 (corr.
1435 5335 1504 5379 custo
1519 5327 1631 5390 empore)
1649 5327 1740 5377 orl-n

412 5412 486 5458 satur
506 5410 541 5466 Α,
567 5405 928 5469 cosmoosporoustlstbeotsr
949 5405 993 5465 1³¹,
1019 5413 1209 5469 easmcospose
1230 5407 1338 5456 aenam
1360 5400 1391 5455 θ’
1414 5431 1446 5442 -
1470 5405 1511 5456 25.
1530 5416 1581 5454 essa
1602 5400 1679 5452 B¹llz
1705 5406 1741 5451 est

414 5482 443 5533 θ’
456 5483 525 5540 etll,
543 5481 592 5532 sed
610 5482 654 5532 hio
670 5483 696 5531 in
713 5494 767 5531 ras⁴
787 5482 852 5532 mi
879 5505 908 5518 -
935 5482 997 5531 ittet
1014 5480 1149 5545 [malian]
1166 5480 1206 5531 oet
1222 5481 1255 5532 0:
1280 5480 1468 5542 tsesstumtsine
1484 5477 1555 5540 wool
1571 5477 1611 5527 ool
1627 5473 1740 5539 Stepha-

414 5568 473 5617 nus,
494 5556 591 5605 elneus
606 5556 646 5606 ool
662 5555 737 5606 lland
761 5580 788 5592 -
816 5557 959 5619 mooe
976 5558 1023 5608 CO
1051 5583 1078 5594 -
1105 5556 1147 5607 26.
1165 5558 1266 5606 mtmoe
1281 5554 1348 5605 lobes
1363 5549 1420 5606 AB¹
1437 5555 1475 5615 (ae
1492 5554 1518 5602 in
1535 5556 1555 5603 Α
1573 5563 1642 5602 corr.
1662 5563 1695 5600 ex
1712 5562 1738 5611 a,

414 5634 444 5681 ut
460 5630 594 5693 videtur),
621 5630 807 5682 ouioulbubss
828 5632 889 5682 ll'll
919 5658 946 5669 -
976 5632 1045 5682 nell
1074 5656 1102 5667 -
1132 5631 1418 5681 summeurae·
1446 5626 1613 5679 meuc
1641 5650 1668 5661 -
1694 5624 1741 5675 utlt

414 5706 482 5756 seut
494 5711 574 5767 poteat
591 5707 611 5756 ll
641 5733 668 5743 -
695 5708 761 5767 quod
777 5712 862 5757 sulm
879 5705 941 5757 edd.
960 5710 1037 5757 vett:
1056 5719 1105 5769 quo
1122 5706 1197 5768 (quon
1213 5699 1250 5769 ab
1268 5710 1351 5755 umen
1368 5704 1388 5755 C
1408 5730 1435 5739 -
1458 5704 1554 5767 putate
1569 5701 1636 5762 mu.
1651 5700 1741 5762 peut

415 5783 435 5832 ll
456 5806 482 5816 -
502 5779 543 5830 28.
560 5780 711 5842 probitatem
727 5783 761 5833 C:
779 5783 896 5844 pletum
913 5781 974 5832 edd.
988 5779 1088 5845 aliquot
1103 5783 1210 5831 veteres
1228 5806 1255 5817 -
1274 5780 1325 5830 dots
1341 5780 1362 5830 ll
1380 5791 1449 5829 corr.
1468 5791 1502 5828 er
1518 5778 1563 5828 deo
1586 5802 1615 5815 -
1638 5774 1679 5827 19.
1697 5776 1741 5838 put

416 5856 483 5905 astos
498 5855 614 5919 lladvtg:
641 5857 701 5919 quate
717 5857 783 5906 sulm
800 5858 835 5914 ος
862 5857 924 5917 outo
940 5861 975 5907 est
990 5857 1066 5917 eam,
1083 5868 1162 5921 qm
1177 5856 1212 5916 ος
1235 5853 1295 5905 tort.
1315 5854 1381 5917 oute
1395 5851 1480 5905 meu?
1491 5857 1668 5918 paupertatem
1683 5862 1742 5901 eun

416 5929 1124 5995 --uoltmus-mom.0-3t.mlsttnlt.
