4342 7459
442 1204 506 1274 tlt
978 1210 1033 1277 1114
1053 1211 1225 1278 LEGIBUS

442 1367 549 1433 4444144
568 1367 722 1433 auxilium
743 1367 878 1453 reliquis
898 1388 966 1434 non
986 1370 1083 1434 modo
1105 1369 1351 1454 magistratibus,
1366 1369 1532 1438 4441444444
1546 1375 1682 1459 privatis
1694 1396 1774 1444 444-

444 1460 506 1526 4414
529 1481 594 1526 444
616 1461 808 1546 parentibus.
852 1459 902 1525 l7.
935 1463 972 1541 Q.
994 1466 1143 1548 Magnum
1166 1465 1246 1531 dicio
1267 1465 1407 1545 nala-3
1435 1486 1509 1533 narn
1530 1468 1594 1534 ista
1612 1479 1773 1554 potestate

443 1565 517 1622 nate
538 1556 676 1639 graviter
696 1554 895 1639 optimatium
917 1556 1029 1621 cecidit
1048 1556 1274 1643 convaluitque
1296 1559 1345 1624 vie
1367 1560 1589 1628 multitudiuis.
1628 1563 1675 1630 11.
1699 1565 1774 1630 lion

443 1663 508 1727 est,
530 1649 667 1728 Quinte,
689 1647 743 1714 its.
788 1649 859 1714 4144
885 1650 935 1714 ius
962 1652 1046 1715 enim
1074 1651 1156 1715 illud
1184 1652 1288 1716 solum
1315 1653 1484 1739 superbius
1506 1654 1627 1742 populo
1648 1663 1682 1722 st
1703 1658 1774 1722 vio-

418 1744 561 1813 ⁵lentiue
582 1742 683 1808 rideri
704 1762 834 1808 necesse
856 1751 940 1820 erat,
962 1765 1027 1830 quo
1050 1754 1163 1830 postea
1184 1765 1280 1831 quarn
1302 1746 1426 1814 modice
1445 1756 1479 1813 et
1499 1749 1630 1834 sapiens
1649 1757 1774 1836 tenpe-

442 1839 524 1906 ratio
545 1837 693 1913 accessit,
715 1836 739 1918 †
760 1845 944 1902 conuerteun
965 1837 1020 1902 lex
1041 1838 1075 1902 44
1097 1840 1200 1904 omnis
1220 1849 1271 1905 est
1292 1839 1311 1876 *
1327 1839 1348 1876 e
1362 1839 1384 1878 ¹*

526 1933 610 1996 Vlll.
644 1927 695 1994 48.
727 1932 889 1996 Domum
917 1952 1001 1997 curn
1030 1932 1150 1997 laude
1178 1935 1406 2014 redeuuto3
1436 1935 1517 2000 nihil
1537 1935 1623 2001 eninr
1645 1946 1774 2024 praetor

442 2029 569 2096 leudem
591 2024 685 2092 bonis
705 2032 803 2111 atque
825 2025 1049 2091 innocentibus
1077 2045 1181 2112 neque
1203 2047 1244 2092 ex
1264 2027 1412 2100 hostibus
1433 2048 1539 2114 neque
1560 2049 1580 2095 4
1602 2031 1702 2096 sociis
1723 2051 1774 2098 re-

441 2122 642 2208 portandum.
685 2119 750 2184 lain
781 2118 858 2184 illud
888 2127 1032 2204 apertum
1059 2129 1109 2184 est
1135 2120 1296 2206 proiecto,
1328 2120 1410 2188 nihil
1437 2142 1508 2189 esse
1529 2123 1654 2210 turpius
1675 2145 1774 2212 quens

404 2232 634 2303 soquemquem
656 2215 754 2299 legari
777 2213 840 2278 nisi
861 2214 908 2278 rei
930 2213 1076 2298 publicae
1099 2235 1203 2280 44444.
1242 2213 1363 2280 Omitto
1385 2214 1542 2301 quemad
1564 2217 1772 2286 4404444444

441 2331 476 2376 so
498 2316 610 2395 perant
629 2315 725 2392 atque
746 2307 913 2391 gesserint,
935 2308 991 2392 qui
1013 2306 1172 2392 legatione
1193 2308 1380 2375 hereditatis
1399 2318 1456 2374 aut
1476 2309 1773 2396 smmpto-'sues

440 2411 649 2493 persecuntur
662 2435 702 2450 -
717 2401 750 2466 in
764 2401 945 2466 hominibus
961 2408 1010 2465 est
1022 2401 1084 2466 hoc
1096 2401 1233 2468 tortasse
1248 2403 1376 2479 vitium,
1397 2401 1455 2468 sed
1471 2421 1592 2488 quaero
1605 2435 1667 2480 -,
1691 2405 1774 2491 qnid

440 2517 555 2583 reapse
575 2497 618 2561 sit
637 2495 762 2581 turpius
784 2515 879 2581 quarn
901 2495 972 2561 eine
992 2496 1216 2580 procuratione
1236 2503 1365 2562 senator
1385 2497 1526 2580 legatus,
1546 2497 1618 2562 sine
1638 2499 1773 2564 444404·

440 2593 492 2667 444,
514 2592 584 2657 4444
605 2589 673 2654 4114
694 2589 741 2654 rei
762 2587 908 2676 publicae
929 2592 1082 2654 muneret
1126 2589 1219 2668 Quod
1241 2591 1372 2675 quidem
1393 2610 1494 2676 penus
1515 2590 1689 2675 legationis
1710 2612 1772 2678 ego

403 2687 568 2761 recensui,
599 2701 791 2770 quamquam
821 2681 863 2747 ad
889 2683 1091 2748 commodum
1118 2691 1246 2749 senatus
1267 2685 1426 2768 pertinere
1449 2684 1634 2761 ridebatur,
1663 2692 1772 2752 444444

440 2779 636 2865 adprobante
657 2785 769 2843 444444
792 2775 1057 2861 frequentissimo,
1079 2778 1141 2842 4444
1163 2777 1241 2842 mihi
1263 2778 1287 2860 †
1308 2778 1387 2844 lesia
1408 2778 1554 2868 tribunus
1575 2778 1680 2864 plebis
1702 2788 1771 2846 44ι

439 2872 680 2948 intercessisset,
702 2871 912 2935 sustulissem.
945 2867 1045 2935 hlin'ui
1066 2879 1172 2937 tamen
1195 2880 1384 2956 temperet,
1407 2872 1494 2957 quod
1514 2879 1586 2936 erat
1598 2869 1770 2950 inlinitum,

440 2986 579 3032 annuum
600 2963 672 3030 ieci.
716 2964 763 3028 144
791 2963 957 3048 turpitudo
990 2971 1097 3028 manet
1125 2965 1332 3030 diuturnitate
1361 2964 1495 3030 anhleta.
1538 2964 1605 3031 Sed
1626 2966 1713 3044 ianr,
1742 2966 1771 3032 si

439 3060 560 3147 placet,
580 3057 817 3142 de‚prorinciis
838 3058 1063 3123 decedatur=in
1086 3058 1265 3143 urbemque
1281 3057 1441 3124 redeatur.
1483 3057 1545 3122 444.
1566 3059 1668 3125 Nobis
1689 3079 1767 3126 roro

399 3155 558 3239 repleret,
580 3151 636 3219 sed
658 3152 721 3228 bis,
741 3151 796 3237 qui
817 3152 850 3216 in
873 3151 1044 3236 provinciis
1066 3159 1151 3227 sunt,
1173 3151 1303 3218 minime
1323 3152 1439 3237 414444.
1482 3145 1534 3216 ld.
1553 3153 1599 3218 ht
1620 3153 1664 3218 44
1682 3171 1771 3229 rere,

439 3249 521 3325 Tite,
543 3249 570 3313 si
592 3246 748 3331 parebunt
768 3244 819 3311 hie
840 3245 975 3329 legibus.
997 3245 1077 3309 uihil
1098 3246 1160 3309 erit
1178 3246 1220 3310 iis
1240 3247 1330 3323 urbe,
1351 3244 1432 3311 nihil
1448 3244 1544 3311 domo
1557 3265 1617 3312 444
1631 3244 1770 3322 dulcius,

439 3362 499 3408 nec
520 3341 711 3407 laboriosius
733 3338 963 3425 molestiusque
985 3339 1157 3425 provincie.

525 3430 612 3522 [Sed]
636 3433 782 3519 sequitur
802 3432 874 3509 lex,
903 3453 986 3519 quae
1008 3434 1111 3499 sancit
1132 3454 1202 3499 eam
1223 3434 1421 3500 tribunorum
1443 3434 1545 3522 plebis
1566 3439 1769 3518 potestaten.

439 3549 523 3617 quae
544 3537 587 3594 'est
608 3530 642 3592 iu
664 3548 699 3591 re
721 3527 850 3611 publica
871 3535 996 3592 nostra:
1026 3526 1066 3592 de
1089 3528 1290 3613 qundisseri
1311 3527 1392 3595 nihil
1413 3548 1546 3594 necesse
1567 3532 1627 3593 444.
1670 3527 1709 3606 Q.
1729 3528 1770 3592 44

400 3637 491 3690 senae
511 3622 640 3689 hercule
663 3641 741 3705 ego,
768 3619 880 3697 irater,
909 3641 1046 3707 quaero,
1075 3623 1116 3686 de
1137 3621 1198 3687 ista
1219 3629 1378 3707 potestate
1408 3622 1488 3707 quid
1516 3620 1648 3686 4444444.
1688 3621 1768 3686 144ι

440 3717 519 3783 mihi
541 3716 670 3801 quidem
690 3713 842 3799 pestiiera
863 3715 1007 3791 videtur,
1036 3716 1155 3802 quippe
1177 3735 1261 3801 quae
1282 3715 1317 3779 in
1338 3714 1497 3781 seditione
1518 3713 1613 3779 etad
1634 3712 1767 3780 seditio·

439 3831 514 3878 uem
541 3818 615 3875 nata
644 3809 701 3873 sit:
733 3810 825 3872 cuiue
853 3809 990 3892 primum
1018 3816 1123 3875 ortum
1151 3810 1179 3874 si
1201 3806 1360 3874 recordari
1382 3809 1545 3885 volumus,
1572 3807 1660 3873 inter
1678 3825 1768 3872 arua

439 3905 555 3971 cisium
577 3912 610 3968 et
629 3903 789 3988 occupatis
811 3910 844 3966 et
864 3902 1004 3967 obsessis
1024 3903 1112 3968 urbis
1133 3904 1213 3968 locis
1233 3911 1431 3988 procreatum
1450 3902 1600 3970 vidimus.
1644 3901 1767 3968 1144404

504 4120 529 4169 t.
547 4117 675 4168 auxilieris
690 4115 779 4166 retium
794 4115 933 4178 reliquieb
953 4141 980 4151 -
999 4118 1041 4167 red
1057 4117 1076 4167 14
1095 4130 1155 4182 sup.
1168 4116 1214 4170 lin.
1234 4144 1261 4155 -
1286 4117 1394 4183 pributir
1409 4118 1449 4179 A1.
1466 4117 1572 4181 psibotls
1588 4118 1608 4168 B
1629 4144 1656 4155 -
1674 4115 1768 4169 4444444·

438 4196 496 4247 4414
516 4220 544 4231 -
563 4193 588 4245 3.
606 4192 646 4243 uit
661 4192 710 4243 414
729 4191 785 4254 (scd
803 4193 823 4241 4
842 4192 867 4242 44
885 4192 965 4253 rael:
983 4194 1023 4241 ius
1040 4192 1105 4242 dett.
1125 4194 1188 4244 eto
1211 4219 1239 4231 -
1266 4193 1290 4245 1.
1308 4193 1495 4256 4444,Μο
1514 4218 1543 4230 -
1560 4194 1602 4242 tau
1617 4193 1685 4243 44444
1699 4194 1764 4245 ae:

437 4272 504 4322 44444
518 4269 595 4321 tuso
616 4294 643 4305 -
662 4273 686 4318 et
702 4269 767 4318 AB:
785 4268 827 4317 scd
844 4266 905 4317 edd.
926 4292 953 4303 -
981 4268 1005 4316 4.
1024 4268 1128 4339 modtcpt
1144 4266 1255 4331 rapienti
1269 4268 1405 4332 perettoit
1433 4294 1460 4306 -
1488 4268 1513 4319 6.
1533 4270 1666 4320 4444444444
1682 4280 1768 4319 44444-

437 4348 507 4398 444444
530 4345 667 4409 requirere
692 4342 799 4393 videtur
826 4370 852 4379 -
879 4355 1001 4392 cesamo
1023 4342 1065 4392 lec
1080 4344 1107 4391 in
1126 4356 1210 4394 onmes
1225 4349 1261 4393 est
1277 4344 1339 4395 edd.
1357 4356 1439 4409 prava
1456 4344 1597 4395 sententie.
1632 4341 1765 4393 nevies:

437 4421 548 4483 conlecto
562 4432 619 4480 444
635 4420 700 4467 inter
716 4430 798 4468 omnes
814 4421 859 4476 est,
877 4416 927 4467 sed
945 4428 994 4465 nec
1010 4417 1062 4467 hoc
1079 4430 1130 4467 nec
1148 4419 1220 4482 quod
1237 4417 1279 4470 alii
1297 4420 1513 4481 excogitaverunt
1529 4417 1618 4470 locum
1630 4416 1768 4468 obscuris-

437 4497 535 4549 simum
552 4496 637 4544 sanat.
665 4493 727 4543 Eius
743 4491 856 4543 sanandi
873 4494 970 4542 conetu
988 4491 1040 4541 iam
1058 4491 1093 4543 ob
1112 4505 1172 4543 eam
1190 4506 1299 4545 reusam
1311 4493 1499 4545 abstinendum
1511 4495 1562 4554 eet,
1573 4490 1646 4557 quod
1659 4504 1693 4542 ne
1704 4488 1767 4541 illud

437 4570 548 4636 quidem
571 4570 596 4618 in
617 4569 741 4632 promptu
764 4570 818 4628 est,
842 4579 895 4631 quo
918 4565 976 4617 loco
994 4571 1092 4630 puncta
1111 4566 1244 4620 deiectum
1262 4571 1388 4620 orationis
1404 4569 1546 4620 indicantia
1563 4566 1688 4633 ponende
1704 4565 1765 4626 4444,

436 4651 525 4697 utrum
538 4647 598 4709 post
610 4642 692 4694 verba
703 4643 846 4707 depravata
866 4646 1022 4692 «conuertens
1032 4642 1076 4691 444
1092 4644 1118 4691 tn
1135 4644 1215 4694 omnis
1231 4650 1280 4694 ert·
1299 4657 1332 4695 an
1351 4646 1412 4695 ante
1429 4642 1486 4702 llla;
1504 4644 1617 4707 4444444
1633 4642 1707 4692 enlm
1722 4652 1767 4690 ae·

437 4735 492 4786 quc
507 4720 578 4771 bene
596 4717 712 4770 clausula
731 4732 791 4769 esee
808 4716 869 4775 loci.
889 4720 934 4782 qui
951 4716 1050 4781 aliquot
1066 4716 1134 4769 444444
1151 4719 1289 4782 archetypi
1304 4718 1450 4783 deperditis
1460 4716 1603 4768 intercidit.
1625 4742 1653 4752 -
1671 4716 1697 4767 7.
1708 4727 1767 4765 caus

436 4796 454 4846 4.
472 4796 592 4845 redeunte
609 4791 670 4843 edd.
683 4794 759 4842 vett:
782 4805 840 4841 4444
855 4792 954 4841 laudem
967 4805 1030 4854 pene
1046 4806 1097 4842 uso
1114 4794 1163 4843 444
1191 4819 1218 4831 -
1245 4794 1269 4846 8.
1288 4794 1356 4844 sotiis
1372 4796 1393 4845 4
1421 4818 1448 4829 -
1477 4792 1502 4842 9.
1520 4798 1638 4855 apertus
1653 4796 1766 4854 estpro-

435 4871 498 4935 !ecto
514 4868 528 4921 i
546 4871 553 4933 4
559 4881 608 4935 pro
625 4863 639 4916 i
657 4868 683 4916 in
701 4869 721 4917 4
738 4878 831 4916 rasura
849 4868 929 4916 trium
946 4865 1091 4929 literarum)
1114 4868 1175 4917 44444
1191 4881 1242 4918 esse
1264 4866 1291 4930 (ὅ
1305 4868 1337 4930 Β)
1359 4870 1458 4930 turpiter
1473 4879 1550 4929 quon
1565 4871 1601 4917 444
1616 4877 1766 4929 mosne

436 4948 486 4998 ΑΒ
509 4944 666 5010 (recaptus
681 4942 716 5001 ος
739 4946 856 5004 opertesm
869 4942 980 5004 prolecto
997 4948 1033 4992 est
1049 4943 1180 4994 Manutius
1200 4941 1298 5007 aliique
1319 4942 1389 4993 baud
1407 4943 1462 4993 scio
1479 4955 1514 4993 an
1530 4940 1642 5004 rectius)
1668 4964 1696 4976 -
1724 4939 1764 4990 40.

434 5024 491 5075 letio
506 5035 532 5073 44
547 5024 638 5086 pocot
654 5017 723 5068 Belte
751 5042 777 5052 -
805 5019 846 5068 44.
865 5018 946 5080 atoue
962 5013 994 5067 4ι
1019 5044 1045 5054 -
1071 5018 1192 5082 4494444444
1208 5019 1227 5069 B
1246 5044 1272 5054 -
1292 5019 1435 5069 hereditatis
1450 5018 1514 5069 AB:
1532 5015 1717 5067 hereditateto
1735 5041 1764 5053 -

436 5101 477 5149 44.
495 5098 523 5147 44
539 5095 651 5146 omnibus
667 5089 698 5143 4ι
724 5118 749 5128 -
777 5090 820 5155 est]
838 5098 861 5142 et
878 5093 926 5143 444
955 5119 982 5129 -
1011 5093 1050 5143 43.
1069 5106 1098 5142 re
1114 5092 1146 5142 ob
1162 5106 1187 5143 se
1204 5095 1238 5154 a,
1264 5093 1392 5144 reboet
1410 5092 1467 5155 (sed
1483 5092 1575 5142 44414
1592 5104 1646 5142 res.
1665 5093 1765 5143 4444444

435 5185 472 5224 m.
485 5172 596 5232 recent.)
625 5195 653 5206 -
680 5173 847 5231 pronsrotore
862 5168 909 5218 414
926 5167 1127 5230 (procreatorem
1144 5164 1182 5231 41)
1213 5193 1239 5203 -
1269 5173 1373 5217 44444444
1388 5167 1445 5229 (sic)
1462 5168 1497 5224 14;
1523 5172 1665 5218 metm
1685 5164 1765 5232 base-l

435 5248 503 5299 coni.
517 5246 587 5296 Bake
608 5271 634 5281 -
654 5245 693 5294 44.
707 5243 839 5292 videbatur
850 5243 966 5292 Ernesti:
984 5244 1103 5293 uideatur
1113 5244 1183 5293 4440
1202 5267 1229 5278 -
1250 5242 1289 5292 te.
1308 5242 1517 5303 adprohnstensb
1536 5267 1565 5279 -
1583 5247 1686 5292 44444444
1700 5242 1721 5291 4
1735 5264 1762 5277 -

434 5322 526 5373 444444
545 5321 592 5381 (lass
603 5319 629 5370 in
641 5322 717 5380 ras.);
733 5317 839 5368 videtur
851 5330 948 5367 nomen
962 5317 1059 5367 tribuni
1071 5317 1168 5378 latere,
1185 5316 1245 5368 tort.
1259 5317 1395 5369 44044444.
1414 5320 1443 5367 ut
1458 5318 1579 5368 lloserus
1592 5317 1715 5367 coniecit.
1734 5338 1761 5350 ·-

434 5397 476 5447 44.
494 5398 594 5446 mismo
608 5400 688 5444 mente
704 5398 799 5455 ternpus
814 5398 850 5442 est
867 5393 900 5448 ll;
922 5396 1005 5443 tamen
1020 5394 1101 5442 444444
1119 5390 1276 5455 Feldhuegcl
1294 5395 1322 5443 et
1338 5392 1410 5442 Klotz
1434 5417 1468 5429 -
1493 5390 1534 5441 44.
1552 5405 1651 5443 umus
1666 5391 1715 5443 414
1733 5414 1761 5427 -

434 5471 582 5521 4444444414
602 5495 629 5505 -
650 5469 680 5518 tt
698 5469 724 5518 el
741 5468 783 5518 2⁰.
798 5468 970 5530 proutntiisA
990 5494 1018 5504 -
1035 5468 1076 5517 to.
1090 5467 1128 5516 444
1145 5468 1204 5518 AB:
1223 5468 1254 5516 444
1271 5468 1304 5523 0;
1324 5465 1386 5517 illud
1404 5479 1498 5518 verum
1515 5468 1566 5525 est.
1585 5465 1659 5532 qnod
1670 5466 1763 5518 cicero

435 5545 499 5597 dixit
516 5546 575 5609 4444
591 5546 617 5594 ts
632 5557 705 5607 prou
724 5547 828 5604 rust»,
850 5554 902 5592 non
921 5544 979 5605 «oui
996 5544 1021 5591 44
1037 5543 1181 5604 procinctae
1197 5541 1317 5602 obsunt-3
1343 5539 1470 5594 describit
1486 5541 1565 5605 igitur
1581 5542 1707 5593 homiues
1722 5539 1763 5592 444

434 5621 572 5685 temporis.
592 5645 618 5655 -
638 5619 673 5669 od
689 5613 747 5669 A¹B
767 5643 793 5653 -
812 5618 853 5667 44.
869 5617 993 5678 parebant
1009 5614 1079 5677 4114,
1095 5622 1205 5680 permut
1221 5613 1253 5668 A²
1272 5643 1299 5654 -
1317 5618 1405 5667 444444
1419 5630 1457 5666 44
1472 5617 1491 5667 14
1512 5641 1539 5653 -
1557 5617 1600 5668 40.
1618 5618 1669 5669 Sed
1683 5615 1763 5669 04414

433 5693 578 5746 delendum
594 5693 699 5744 videtur
718 5721 745 5731 -
764 5706 831 5756 quoe
842 5694 996 5742 sosttttcom
1007 5692 1162 5743 tribonorum
1179 5695 1198 5744 14
1217 5719 1245 5730 -
1263 5691 1307 5743 rt.
1319 5698 1355 5743 444
1372 5695 1505 5743 Goerenz:
1524 5702 1579 5743 orn.
1592 5691 1658 5752 Alt;
1676 5695 1764 5742 444444

433 5768 623 5820 sstTurnebus
651 5795 677 5804 -
704 5768 865 5819 discessor-tlt
885 5793 912 5803 -
931 5768 966 5818 44
982 5767 1040 5818 4444
1066 5795 1099 5805 -
1124 5769 1165 5818 tt.
1184 5767 1422 5830 qaerodedcirtob
1446 5791 1475 5803 ·—
1500 5765 1762 5819 semmae

436 5869 464 5880 -
481 5844 523 5895 te.
541 5833 673 5896 40444444
690 5844 718 5894 44
734 5856 787 5895 ras.
799 5842 881 5894 habet
897 5869 930 5881 -
944 5849 1106 5905 procreatam
1121 5843 1251 5895 1444444444
1270 5869 1294 5880 -
1315 5842 1492 5904 4440444444,
1510 5844 1540 5893 44
1550 5841 1760 5895 volultErnesti:
