4342 7459
450 1211 513 1280 690
988 1215 1041 1278 DE
1064 1215 1236 1280 OFFIGIIS

450 1375 573 1460 opibus,
595 1373 739 1457 muniris
760 1371 918 1437 timefacta
939 1372 1085 1449 libertas,
1108 1380 1275 1458 emergunt
1295 1379 1401 1438 tamen
1422 1375 1500 1439 haec
1521 1375 1696 1460 aliquando
1716 1381 1776 1442 aut

449 1467 578 1534 iudiciis
599 1468 703 1532 tacitis
725 1476 780 1531 aut
802 1468 934 1531 occultis
958 1467 997 1532 de
1018 1468 1141 1532 honore
1164 1468 1330 1551 suffragiis.
1366 1468 1511 1532 Acriores
1526 1477 1632 1532 autem
1647 1490 1775 1536 morsus

449 1570 524 1628 sunt
550 1562 747 1625 intermissae
774 1560 929 1625 libertatis
957 1581 1051 1646 quam
1073 1569 1224 1625 retentae.
1268 1559 1363 1637 Quod
1385 1562 1481 1644 igitur
1501 1561 1663 1628 latissume
1683 1570 1774 1647 patet

447 1675 552 1741 neque
581 1654 620 1718 ad
649 1654 897 1719 incolumitatem
924 1656 1044 1728 solum,
1073 1656 1247 1719 sedetiam
1274 1653 1314 1717 ad
1337 1673 1415 1737 opes
1438 1664 1470 1719 et
1490 1658 1663 1738 potentiam
1686 1657 1775 1721 valet

423 1750 627 1834 splurimum,
649 1748 682 1811 id
704 1750 938 1832 amplectamur,
961 1756 998 1811 ut
1018 1757 1121 1812 metus
1144 1748 1235 1823 absit,
1258 1747 1373 1812 caritas
1395 1750 1577 1813 retineatur.
1614 1750 1662 1813 lta
1681 1749 1773 1813 facil·

445 1843 520 1907 lime
543 1861 625 1925 quac
648 1842 791 1906 volemus
813 1850 845 1906 et
865 1842 996 1926 privatis
1017 1842 1052 1904 in
1074 1843 1170 1907 rebus
1197 1850 1230 1906 et
1256 1842 1290 1904 in
1318 1861 1352 1905 re
1379 1842 1506 1925 publica
1527 1863 1771 1928 consequemur.

444 1936 570 2000 Etenim
592 1936 648 2020 qui
670 1955 704 2000 sc
726 1938 824 2000 metui
846 1936 968 2009 volent,
996 1957 1015 1999 a
1037 1936 1154 2019 quibus
1171 1941 1371 2020 metuantur,
1394 1934 1524 1999 eosdem
1545 1945 1687 2001 metuant
1707 1937 1773 2021 ipsi

445 2049 576 2094 neccsse
598 2036 656 2092 cst.
698 2026 750 2092 25.
773 2029 860 2105 Quid
882 2031 967 2094 enim
988 2049 1155 2093 censemus
1177 2029 1372 2112 superiorem
1395 2029 1486 2092 illum
1500 2028 1689 2113 Dionysium
1703 2049 1771 2114 quo

445 2123 586 2188 cruciatu
614 2124 736 2187 timoris
766 2124 841 2206 angi
869 2125 1013 2196 solitum,
1041 2123 1097 2207 qui
1120 2124 1238 2187 cultros
1268 2131 1411 2185 metuens
1433 2121 1591 2186 tonsorios
1614 2121 1771 2187 candente

407 2229 436 2276 tt
445 2218 581 2281 carbone
603 2216 663 2280 sibi
686 2217 840 2281 adurebat
861 2217 1035 2299 capillum?
1057 2217 1135 2300 quid
1151 2215 1365 2280 Alexandrum
1380 2216 1554 2280 Pheraeum
1577 2236 1642 2299 quo
1663 2217 1771 2281 animo

443 2312 560 2376 vixisse
582 2310 795 2374 arbitramur?
825 2310 896 2393 qui,
918 2317 953 2374 ut
974 2309 1126 2393 scriptum
1149 2309 1291 2392 legimus,
1315 2329 1385 2373 cum
1407 2329 1541 2372 uxorem
1562 2309 1694 2372 Theben
1714 2308 1771 2374 ad-

443 2404 573 2468 modum
595 2403 754 2486 diligeret,
778 2412 883 2467 tamen
904 2401 944 2468 ad
966 2424 1036 2467 eam
1059 2424 1100 2468 ex
1122 2402 1226 2485 epulis
1248 2404 1281 2465 in
1303 2402 1484 2466 cubiculum
1506 2403 1635 2466 veniens
1656 2403 1771 2468 barba·

442 2518 513 2562 rum
540 2505 573 2561 et
598 2518 670 2561 eum
695 2496 841 2581 quidem,
870 2506 905 2562 nt
927 2499 1078 2581 scriptum
1101 2505 1166 2571 est,
1195 2504 1404 2578 conpunctum
1427 2498 1508 2560 notis
1530 2497 1693 2562 Thraeciis
1715 2498 1771 2562 de-

443 2593 551 2657 stricto
579 2590 685 2674 gladio
715 2591 843 2655 iubebat
871 2592 990 2654 anteire
1019 2590 1304 2674 praemittebatque
1333 2589 1373 2653 de
1396 2590 1600 2674 stipatoribus
1621 2590 1689 2656 suis
1711 2593 1770 2676 qui

405 2694 655 2752 toscrntarcntur
682 2684 805 2748 arculas
829 2685 998 2748 muliebres
1021 2693 1070 2759 et,
1099 2706 1139 2748 ne
1162 2683 1246 2769 quod
1268 2686 1302 2747 in
1324 2683 1518 2747 vestimentis
1541 2685 1638 2749 telum
1661 2686 1769 2750 occul·

440 2788 569 2854 teretur,
591 2780 802 2862 exquirerent.
837 2779 1043 2854 Omiserum,
1066 2780 1121 2862 qui
1143 2778 1320 2842 fideliorem
1344 2786 1376 2841 et
1395 2774 1564 2842 barbarum
1585 2786 1619 2843 et
1638 2780 1768 2862 stigma-

440 2874 517 2938 tiam
544 2880 673 2955 putaret
701 2891 795 2956 quam
825 2872 1010 2955 coniugeml
1055 2874 1121 2936 Nec
1143 2892 1214 2936 eum
1236 2870 1366 2948 fefellit3
1399 2871 1439 2934 ab
1463 2891 1500 2934 ea
1522 2878 1571 2936 est
1590 2872 1675 2936 enim
1697 2875 1768 2956 ipsa

440 2973 571 3051 propter
598 2966 753 3048 pelicatus
783 2965 990 3049 suspitionem
1019 2965 1215 3030 interiectus.
1268 2968 1333 3029 Nec
1362 2985 1438 3030 vcro
1467 2965 1533 3030 ulla
1563 2966 1611 3030 ris
1641 2966 1766 3052 imperii

440 3068 526 3126 tanta
553 3067 615 3134 est,
644 3079 727 3143 quae
754 3067 918 3141 premente
945 3067 1030 3123 metu
1058 3061 1160 3141 possit
1188 3080 1259 3123 esse
1288 3058 1447 3123 diuturna.
1501 3055 1552 3123 26.
1585 3062 1689 3126 Testis
1719 3069 1768 3126 ast

401 3154 598 3229 ”Phalarim
620 3154 709 3217 cuius
731 3159 778 3215 est
799 3160 927 3235 praeter
948 3160 1069 3215 ceteros
1091 3152 1257 3216 nobilitata
1278 3151 1467 3226 crudelitas,
1489 3154 1545 3237 qui
1567 3175 1631 3218 nou
1654 3174 1695 3218 ex
1717 3156 1768 3220 in·

440 3248 529 3313 sidiis
550 3248 686 3321 interiit,
707 3254 744 3310 nt
765 3247 809 3320 is,
831 3265 925 3330 quem
948 3245 1043 3310 modo
1066 3246 1151 3319 dixi,
1173 3245 1364 3320 Alexander,
1386 3266 1450 3311 non
1473 3266 1491 3310 a
1513 3248 1635 3329 paucis,
1656 3256 1692 3312 nt
1713 3247 1766 3314 hic

439 3349 564 3415 noster,
590 3340 701 3404 sedin
725 3358 819 3423 quem
842 3339 991 3402 universa
1011 3339 1290 3422 Agrigentinorum
1313 3338 1483 3403 multitudo
1506 3341 1659 3423 impetum
1680 3340 1764 3406 iecit

440 3434 545 3512 Quian
573 3433 763 3497 Macedones
786 3452 893 3496 nonne
914 3433 1107 3506 Demetrium
1129 3435 1328 3519 reliquerunt
1350 3434 1553 3519 universique
1575 3455 1610 3500 se
1631 3435 1673 3500 ad
1688 3437 1765 3521 Pyr·

438 3529 531 3590 rhum
560 3527 786 3620 contulerunt?
830 3524 940 3600 Quid‘t
983 3525 1253 3591 Lacedaemonios
1283 3528 1400 3590 iniuste
1433 3526 1624 3611 imperantes
1656 3549 1764 3594 nonne

400 3628 568 3704 strepente
596 3639 707 3685 omnes
735 3619 800 3683 sere
828 3621 907 3682 socii
938 3619 1146 3683 deseruerunt
1174 3628 1430 3704 spectatoresque
1459 3641 1494 3684 se
1523 3622 1642 3686 otiosos
1672 3642 1764 3705 prae·

436 3714 574 3778 buerunt
588 3714 770 3777 Leuctricae
794 3712 1001 3775 calamitatis?
1046 3710 1128 3775 vttl.
1150 3715 1288 3777 Externa
1310 3714 1461 3778 libentius
1483 3716 1515 3778 in
1538 3716 1593 3779 tali
1612 3737 1646 3780 re
1666 3737 1761 3800 qnam

438 3808 612 3872 domestica
633 3805 790 3869 recordor.
834 3806 952 3868 Verum
973 3815 1078 3869 tamen
1107 3827 1201 3890 quam
1230 3809 1283 3872 diu
1306 3809 1474 3892 imperium
1496 3810 1608 3893 populi
1629 3810 1761 3873 Romani

436 3897 600 3966 beneficiis
627 3899 811 3972 tenebatur,
838 3918 902 3961 non
924 3899 1064 3974 iniuriis,
1092 3900 1175 3963 bella
1203 3910 1258 3965 aut
1284 3922 1342 3986 pro
1370 3903 1466 3968 sociis
1489 3910 1543 3966 aut
1565 3903 1605 3967 de
1626 3904 1761 3985 imperio

438 3991 642 4078 gerebantur,
664 3993 769 4056 exitus
792 4000 881 4055 erant
902 3991 1057 4055 bellorum
1080 4002 1135 4056 aut
1156 3994 1248 4057 mites
1270 4004 1326 4059 aut
1347 3997 1535 4070 necessarii,
1556 4015 1684 4078 regum,
1706 4016 1763 4080 po·

400 4090 594 4173 sepulerum,
616 4086 780 4150 nationum
802 4093 912 4168 portus
934 4093 1002 4148 erat
1023 4094 1054 4149 et
1076 4087 1232 4168 refugium
1256 4097 1393 4162 senatus,
1416 4092 1515 4153 nostri
1537 4099 1641 4153 autem
1664 4090 1763 4173 magi-

438 4191 555 4248 stratus
584 4182 853 4264 imperatoresque
884 4200 924 4243 ex
951 4180 1010 4242 hac
1037 4201 1156 4243 unare
1180 4184 1348 4245 maximam
1371 4182 1496 4245 laudem
1519 4204 1632 4266 capere
1655 4183 1763 4249 stude-

437 4278 524 4353 bant,
546 4277 572 4340 si
594 4275 789 4358 provincias,
812 4276 838 4336 si
862 4275 966 4337 socios
989 4276 1149 4357 aequitate
1172 4285 1203 4337 et
1225 4274 1286 4339 lide
1309 4277 1533 4341 defendissent.
1578 4275 1628 4341 27.
1650 4280 1763 4363 Itaque

437 4370 518 4434 illud
541 4368 750 4453 patrocinium
779 4367 864 4430 orbis
887 4377 988 4430 terrae
1011 4369 1115 4430 verius
1146 4388 1240 4451 quam
1263 4371 1428 4454 imperium
1451 4380 1574 4454 poterat
1595 4374 1761 4437 nominari.

439 4466 563 4529 Sensim
584 4464 666 4527 hanc
688 4461 947 4526 consuetudinem
971 4469 1003 4523 et
1024 4460 1223 4543 disciplinam
1246 4464 1307 4525 iarn
1330 4473 1422 4527 antea
1440 4466 1674 4540 minuebamus,
1690 4475 1763 4550 post

400 4573 513 4623 atvero
538 4558 642 4623 Sullae
665 4557 826 4619 victoriam
854 4557 979 4640 penitus
1002 4555 1182 4630 amisimus;
1215 4556 1350 4620 desitum
1374 4567 1420 4620 est
1442 4560 1524 4620 enim
1547 4559 1647 4623 videri
1670 4562 1762 4643 quic·

438 4673 532 4735 quam
555 4653 586 4715 in
609 4653 715 4716 socios
737 4653 890 4735 iniquum,
913 4673 982 4714 cum
1006 4651 1181 4714 exstitisset
1203 4651 1234 4712 in
1258 4652 1341 4713 cives
1357 4658 1443 4714 tanta
1460 4652 1638 4717 crudelitas.
1675 4655 1760 4737 Ergo

438 4745 472 4808 in
501 4746 557 4809 illo
586 4755 694 4810 secuta
723 4754 771 4808 est
801 4745 966 4807 honestam
996 4764 1120 4807 causam
1151 4765 1214 4806 nou
1243 4742 1378 4806 honesta
1408 4744 1547 4808 victoria.
1590 4747 1645 4809 Est
1675 4749 1760 4810 enim

438 4858 533 4903 ausus
557 4839 660 4903 dicere
681 4839 773 4902 hasta
794 4840 907 4922 posita,
929 4859 998 4900 cum
1022 4839 1106 4900 bona
1127 4840 1160 4900 iu
1182 4837 1251 4899 loro
1275 4838 1425 4900 venderet
1448 4847 1479 4900 et
1499 4839 1655 4902 bonorum
1675 4842 1761 4904 viro·

437 4952 506 4998 rum
529 4940 561 4997 et
581 4933 788 5017 locupletium
810 4941 841 4995 et
863 4941 948 4996 certe
970 4933 1096 5007 civium,
1118 4932 1267 5014 praedam
1290 4952 1324 4995 se
1339 4952 1427 4995 suam
1444 4931 1591 4996 vendere.
1625 4934 1760 4997 Secutus

503 5171 526 5219 t.
545 5167 827 5231 timefactaBllbop:
852 5166 1028 5227 innatantes,
1055 5166 1202 5228 transfacta
1219 5164 1270 5215 alii.
1299 5192 1325 5201 -
1353 5165 1527 5216 hoctameno
1555 5194 1581 5202 -
1607 5166 1631 5216 3.
1650 5166 1763 5218 liberatis

437 5256 506 5294 corr.
525 5244 551 5292 in
568 5242 761 5292 iiberalitotiab
790 5269 816 5277 -
845 5240 867 5291 l.
887 5241 1077 5289 incolomitatem
1096 5242 1115 5290 ll
1144 5267 1170 5276 —
1198 5243 1222 5291 5.
1240 5241 1339 5289 karitas
1360 5252 1374 5289 o
1402 5266 1428 5275 -
1456 5241 1480 5290 8.
1499 5242 1639 5301 dyonisium
1659 5242 1709 5291 ΒΗ
1731 5270 1758 5280 -

437 5318 452 5368 9
480 5319 599 5368 candente
615 5316 722 5366 carbone
739 5315 862 5366 adurebat
878 5316 997 5378 capillum
1013 5316 1113 5367 Nonius
1130 5329 1156 5379 p.
1168 5316 1225 5364 266.
1241 5339 1268 5351 -
1288 5315 1402 5364 candenti
1419 5326 1433 5363 o
1453 5340 1479 5349 —
1501 5317 1540 5365 to.
1555 5315 1670 5364 adolebat
1688 5314 1716 5365 ΗΙ
1731 5343 1758 5351 -

432 5393 570 5457 ptumum
587 5404 618 5453 a,
638 5392 790 5454 phcreumb
818 5415 844 5424 —
874 5392 912 5439 tt.
932 5389 1059 5440 incheme
1088 5417 1114 5425 -
1142 5391 1285 5440 ammodum
1306 5392 1351 5439 llll
1381 5417 1407 5425 -
1436 5390 1634 5452 lacunosa
1662 5414 1689 5424 -
1718 5389 1759 5440 43.

435 5469 552 5520 mraeeiis
568 5468 658 5518 Bllb:
683 5466 785 5515 tractitia
802 5477 829 5524 c,
848 5464 950 5513 thraciis
966 5477 1006 5516 ao
1035 5491 1061 5500 —-
1089 5465 1200 5514 districto
1217 5467 1257 5516 ab
1286 5493 1312 5501 -
1344 5466 1383 5513 ⁴5.
1403 5465 1762 5524 scrutaretur--ccquireret

436 5546 531 5607 Unger.
558 5570 582 5578 -
610 5555 642 5591 ns
658 5542 717 5602 quid
733 5541 760 5588 in
776 5541 925 5590 uestimentis
941 5541 1146 5602 occultareturp
1173 5567 1199 5575 -
1229 5542 1267 5589 tti.
1287 5553 1301 5589 ο
1318 5538 1644 5589 miserum--sticmotium
1658 5544 1762 5600 putaret

436 5621 536 5671 Nonius
553 5616 629 5683 pli.
656 5641 683 5650 -
711 5616 865 5677 stigmatiam
882 5616 952 5664 B2H:
976 5617 1130 5665 stimantiam
1148 5616 1185 5675 B¹,
1209 5616 1352 5676 stipmotmn
1374 5627 1403 5674 a,
1427 5614 1580 5677 aliquantium
1597 5615 1635 5664 bo
1662 5639 1689 5649 -
1717 5613 1759 5662 tl.

435 5698 501 5746 enim
518 5702 584 5746 esto
604 5722 630 5731 -
653 5692 785 5755 ipscabo
804 5717 831 5727 -
857 5691 896 5740 48.
913 5693 1075 5753 petticotmo
1102 5717 1127 5727 -
1149 5691 1312 5751 suspicionem
1330 5690 1400 5740 lloo
1425 5715 1451 5724 -
1478 5688 1517 5737 49.
1537 5689 1603 5739 testis
1619 5692 1653 5737 est
1668 5686 1761 5748 {mama

435 5796 472 5809 ··
483 5771 599 5821 nobilitat
615 5783 646 5819 ac
662 5769 796 5819 cmdelitaa
812 5769 911 5817 Nonius
929 5782 955 5831 p.
966 5769 1022 5818 ast.
1044 5795 1070 5803 -
1096 5769 1135 5817 20.
1152 5766 1261 5828 phaleris
1278 5777 1292 5814 c
1318 5792 1344 5799 -
1368 5767 1408 5814 at.
1426 5764 1500 5827 periit
1516 5776 1531 5813 o
1555 5792 1582 5800 -
1605 5763 1645 5813 td.
1665 5774 1760 5825 orgen-

435 5846 577 5894 tinonsmo
605 5871 632 5881 -
659 5843 700 5892 23.
716 5844 840 5906 ptprrum
857 5841 904 5891 ΒΗ
932 5865 959 5876 -
986 5843 1025 5891 25.
1044 5856 1069 5891 se
1087 5855 1170 5903 om.p
1197 5866 1223 5875 —
1252 5839 1485 5902 supersapiens
1505 5864 1531 5873 —
1559 5837 1599 5887 32.
1615 5835 1760 5900 procinctos

435 5918 501 5970 ann
519 5943 546 5954 -
566 5918 606 5968 35.
625 5918 703 5979 nullm
720 5919 739 5968 C
759 5942 785 5954 -
805 5917 845 5968 ³7.
864 5915 966 5966 honesto
982 5929 1060 5967 causa
1076 5917 1093 5966 b
1112 5942 1139 5952 -
1164 5915 1204 5967 ³9.
1222 5916 1372 5978 locupletam
1388 5926 1413 5964 c.
