4342 7459
433 1265 495 1335 296
760 1265 1082 1332 TUSCULANARUM
1104 1262 1433 1328 DISPUTATIONUM

433 1434 466 1498 in
491 1452 555 1516 quo
576 1431 711 1495 facetum
732 1427 812 1493 illud
834 1427 957 1501 Bionis,
978 1424 1109 1511 perinde
1132 1423 1348 1487 stultissimum
1371 1442 1477 1505 regom
1498 1424 1531 1488 in
1553 1424 1638 1487 luctu
1662 1422 1761 1507 capil-

433 1527 499 1589 lum
527 1526 587 1588 sibi
610 1524 757 1599 evellere,
786 1522 878 1606 quasi
900 1521 1028 1584 calvitio
1051 1538 1174 1581 maeror
1195 1516 1362 1580 levaretur.
1396 1513 1447 1578 63.
1471 1517 1533 1581 Sed
1554 1517 1633 1581 haec
1654 1518 1762 1603 omnia

433 1619 551 1682 faciunt
572 1619 736 1702 opinantes
756 1618 800 1679 ita
822 1615 891 1677 ficri
913 1622 1067 1698 oportere.
1101 1614 1211 1695 ltaque
1233 1620 1266 1673 et
1279 1610 1451 1675 Aeschines
1466 1613 1499 1675 in
1514 1610 1760 1674 Demosthenem

435 1712 607 1785 invehitur,
637 1711 723 1795 quod
745 1712 772 1774 is
795 1710 930 1792 septimo
953 1707 1004 1770 die
1026 1715 1101 1790 post
1122 1703 1204 1768 tiliae
1220 1702 1358 1768 'hortem
1380 1707 1497 1770 hostias
1520 1705 1759 1772 immolavisset.

411 1806 476 1868 cat
497 1825 589 1889 quam
611 1805 784 1879 rhetorice,
813 1823 907 1887 quam
931 1803 1075 1884 copiose,
1102 1820 1179 1883 quas
1201 1801 1373 1864 sententias
1395 1800 1533 1883 colligit,
1560 1819 1642 1885 quae
1664 1798 1762 1862 sorba

435 1900 641 1981 contorquet!
671 1907 707 1962 ut
734 1899 829 1961 licere
861 1895 987 1980 quidvis
1013 1895 1129 1958 rhetori
1158 1894 1331 1976 intellegas.
1371 1893 1461 1971 Quae
1484 1915 1578 1958 nemo
1600 1895 1761 1978 probaret,

435 1993 496 2056 nisi
523 1994 651 2056 insitum
677 1992 756 2055 illud
783 1992 817 2053 in
843 1990 957 2054 animis
986 1989 1190 2062 haberemus,
1220 1989 1321 2052 omnis
1350 1988 1451 2052 bonos
1479 1990 1607 2053 interitu
1631 2008 1762 2053 suorum

436 2104 531 2169 quam
553 2087 734 2168 gravissime
757 2105 897 2149 maerere
921 2090 1075 2168 oportere.
1110 2085 1160 2145 Ex
1182 2083 1241 2146 hoc
1265 2084 1385 2157 evenit,
1413 2085 1502 2148 utin
1525 2083 1622 2148 animi
1644 2082 1763 2147 dolori·

436 2179 496 2243 bus
517 2179 571 2242 alii
594 2180 782 2243 solitudines
805 2187 946 2263 captent,
971 2187 1007 2241 ut
1027 2179 1072 2241 ait
1092 2177 1249 2240 Homerus
1271 2175 1310 2239 de
1332 2177 1594 2262 Bellerophonte:

398 2286 428 2333 to
564 2273 636 2349 Qui
657 2276 776 2339 miser
798 2275 837 2337 in
860 2274 1005 2357 campis
1028 2292 1209 2334 maerens
1232 2273 1392 2335 errabat
1413 2273 1537 2348 Aleis,

563 2370 648 2451 lpse
670 2390 782 2433 suum
805 2389 868 2431 cor
890 2367 1026 2441 edens,
1047 2367 1250 2429 hominum
1272 2368 1447 2450 vestigia
1468 2368 1609 2430 vitans.

436 2464 476 2525 Et
505 2459 606 2526 Nioba
633 2462 763 2547 fingitur
789 2462 929 2544 lapidea,
954 2469 1082 2544 propter
1109 2468 1272 2523 aeternum
1301 2461 1397 2523 credo
1428 2464 1460 2526 in
1482 2462 1570 2524 luctu
1593 2460 1763 2524 silentium.

437 2556 597 2619 Hecubam
626 2566 731 2620 autem
757 2563 871 2640 putant
898 2563 1028 2639 propter
1056 2555 1151 2618 animi
1180 2554 1380 2617 acerbitatem
1403 2555 1562 2640 quandam
1585 2563 1617 2617 et
1643 2555 1762 2618 rabiem

436 2649 513 2732 fingi
538 2650 569 2713 in
592 2670 701 2714 canem
726 2670 796 2713 esse
818 2669 1011 2712 conversam.
1046 2650 1126 2711 Sunt
1147 2657 1251 2710 autem
1267 2648 1338 2721 alii,
1361 2669 1442 2732 quos
1457 2650 1490 2713 in
1507 2650 1678 2713 lucturum
1694 2649 1764 2733 ipsa

400 2743 607 2808 ttsolitudine
629 2744 717 2828 loqui
742 2764 836 2829 saepo
860 2744 1010 2818 delectat,
1032 2750 1067 2806 ut
1088 2742 1144 2805 illa
1165 2740 1248 2824 apud
1270 2743 1406 2805 Ennium
1428 2744 1551 2806 nutrix:

565 2837 715 2921 Cupido
738 2839 840 2922 oepit
860 2838 1043 2900 miseram
1065 2857 1170 2899 nunc
1191 2856 1248 2899 mc
1269 2836 1459 2920 proloqui

566 2932 680 3011 Caelo
702 2941 823 3016 atque
846 2939 972 2995 terrae
994 2930 1147 2995 Medeai
1171 2932 1360 2994 miserias.

438 3024 567 3088 xxvrt.
590 3023 994 3100 st.1taecomntarecta‚
1023 3045 1116 3098 vera,
1145 3024 1250 3087 debita
1276 3032 1423 3107 putantes
1446 3024 1564 3089 iaciunt
1584 3026 1618 3089 in
1640 3026 1763 3102 dolore,

438 3119 640 3202 maximeque
670 3119 808 3184 declarat
835 3121 895 3183 hoc
926 3120 1016 3203 quasi
1045 3116 1138 3181 officii
1169 3119 1288 3181 iudicio
1309 3116 1393 3193 fiori,
1422 3119 1522 3201 quod,
1545 3121 1572 3183 si
1595 3122 1650 3204 qui
1673 3119 1765 3197 forte,

401 3226 510 3275 wcum
533 3233 567 3277 se
589 3214 622 3275 in
645 3215 731 3277 luctu
753 3235 822 3277 esse
844 3214 979 3288 vellent,
1007 3213 1128 3296 aliquid
1152 3212 1296 3276 lecerunt
1317 3213 1485 3276 humanius
1507 3222 1561 3276 aut
1583 3216 1610 3277 si
1632 3214 1766 3277 hilarius

439 3308 535 3370 locuti
557 3315 644 3382 sunt,
674 3316 824 3371 revocant
845 3328 879 3370 se
901 3327 1009 3370 rursus
1033 3307 1071 3370 ad
1099 3307 1286 3369 maestitiam
1308 3309 1493 3391 peccatique
1517 3329 1551 3370 se
1574 3308 1766 3383 insimulant,

440 3402 527 3485 quod
549 3403 658 3466 dolere
676 3403 913 3465 intermiserint.
947 3404 1063 3464 Pueros
1080 3422 1154 3464 vero
1172 3410 1286 3463 matres
1302 3410 1332 3464 et
1347 3402 1485 3483 magistri
1502 3403 1654 3484 castigare
1671 3401 1767 3464 etiam
1809 3469 1813 3477 ,

440 3496 557 3570 solent,
586 3516 645 3559 nec
674 3497 779 3559 verbis
810 3497 929 3570 solum,
959 3495 1014 3557 sed
1043 3496 1137 3557 etiam
1160 3495 1359 3568 verberibus,
1389 3496 1416 3557 si
1440 3495 1515 3578 quid
1539 3496 1571 3558 in
1594 3495 1767 3558 domestico

439 3589 525 3652 luctu
549 3590 681 3652 hilarius
703 3591 742 3652 ab
764 3591 804 3652 iis
825 3588 939 3652 tactum
963 3597 1085 3652 estant
1107 3588 1236 3662 dictum,
1259 3590 1384 3671 plorare
1409 3596 1536 3672 cogant.
1570 3584 1676 3664 Quidt
1699 3590 1767 3672 ipsa

402 3684 584 3748 abremissio
610 3684 713 3747 luctus
743 3704 814 3747 cum
837 3692 885 3745 cst
907 3691 1075 3746 consecuta
1098 3682 1357 3765 intellectumque
1380 3682 1527 3745 estnihil
1550 3679 1659 3765 profici
1682 3700 1767 3744 mae·

440 3775 554 3850 rendo,
577 3797 683 3840 nonne
706 3797 755 3840 res
779 3777 918 3840 declarat
939 3776 1037 3839 luisse
1060 3784 1156 3839 totum
1179 3775 1256 3837 illud
1274 3777 1505 3839 voluntarinmt
1539 3773 1591 3838 65.
1610 3775 1697 3851 Quid
1713 3775 1766 3838 ille

440 3872 649 3935 Terentianus
671 3872 740 3954 ipsc
762 3891 796 3935 se
819 3872 987 3954 poenisus,
1009 3871 1041 3933 id
1064 3879 1113 3932 est
1135 3870 1251 3934 ἑαυτὸν
1277 3870 1534 3954 τιμωρούμενοςῖ

568 3966 736 4028 Decrevi
759 3966 954 4053 tantisper
975 3986 1031 4028 me
1055 3966 1184 4027 minus
1206 3964 1401 4037 iniuriae,

568 4057 768 4132 Chremes,
793 4080 874 4122 mco
897 4069 1014 4142 gnato
1037 4058 1192 4132 lacere,
1215 4058 1300 4120 dnm
1322 4057 1414 4120 fiam
1437 4059 1562 4121 miser.

403 4154 499 4217 sollio
521 4153 662 4216 decernit
684 4162 718 4216 at
740 4156 835 4217 miser
857 4156 906 4216 sit
940 4156 1021 4216 Num
1044 4154 1115 4236 quis
1137 4153 1234 4234 igitur
1256 4153 1425 4235 quicquam
1444 4153 1584 4217 deceruit
1605 4153 1745 4219 invitus?

530 4310 533 4316 ,
566 4248 668 4311 Malo
692 4248 855 4332 quidem
879 4269 935 4310 me
959 4248 1100 4332 quovis
1124 4247 1281 4328 dignum
1304 4246 1504 4328 deputem.

506 4545 530 4595 3.
549 4545 710 4595 maresc
732 4570 757 4581 -
782 4546 943 4594 deuwsuacm
961 4546 1023 4600 Glt;
1048 4545 1200 4593 demostenen
1218 4544 1237 4591 B
1258 4570 1284 4579 -
1307 4545 1331 4592 ὃ.
1350 4556 1426 4604 quam
1443 4545 1570 4606 excopiose
1587 4546 1647 4601 Glt;
1667 4558 1730 4607 qaas
1746 4551 1769 4596 et

439 4622 536 4683 copioso
553 4622 583 4682 (st
600 4622 626 4669 in
644 4623 745 4680 rasura)
764 4620 782 4668 B
800 4646 832 4655 -
850 4620 873 4669 6.
892 4620 984 4668 rethori
1002 4621 1050 4667 Gtt
1070 4643 1096 4653 -
1123 4619 1161 4666 to.
1181 4616 1253 4679 Alcis]
1272 4617 1360 4665 olienis
1377 4618 1395 4666 C
1416 4645 1443 4653 -
1464 4621 1502 4667 tt.
1521 4632 1565 4667 cor
1582 4620 1680 4668 cuidem
1699 4621 1718 4670 C
1738 4647 1765 4658 -

440 4697 507 4744 sitos
525 4696 543 4744 C
564 4721 590 4730 -
612 4693 650 4743 tl.
670 4708 718 4756 quo
735 4696 761 4742 in
779 4696 828 4743 ott
848 4721 874 4729 -
896 4697 934 4744 ts.
956 4687 1120 4755 «Tregderu‘s
1139 4693 1256 4742 scribere
1275 4692 1367 4741 debuit
1379 4693 1488 4754 delectet,
1507 4693 1579 4757 quod
1592 4695 1663 4745 idom
1676 4696 1768 4745 vitium

441 4769 505 4834 §59
523 4771 549 4818 ct
564 4769 596 4818 to
619 4772 691 4818 recte
714 4770 834 4817 correxit.
861 4767 898 4818 Cl.
919 4767 979 4818 0bs.
1000 4771 1024 4817 in
1045 4770 1111 4817 Sest.
1133 4782 1157 4830 p.
1178 4767 1217 4816 li.
1238 4767 1339 4829 bladrig
1358 4768 1390 4816 ad
1410 4769 1462 4818 lin.
1483 4770 1501 4827 l,
1521 4769 1561 4818 70.
1580 4762 1724 4834 {trchctypl
1743 4772 1767 4821 iu

441 4842 592 4892 huiusmodi
611 4842 838 4891 terminationibus
855 4845 997 4891 auctoritas
1015 4856 1062 4904 per
1079 4856 1106 4889 se
1126 4843 1180 4905 ipsa
1200 4842 1266 4890 nulla
1286 4847 1338 4896 est:
1358 4844 1390 4891 ct.
1411 4846 1430 4905 Ι,
1450 4844 1488 4892 tt.
1509 4844 1547 4893 t8.
1560 4846 1600 4893 29.
1621 4847 1651 4904 ll,
1665 4845 1767 4909 solu,

441 4919 481 4967 tt.
500 4918 540 4966 36.
560 4917 602 4974 tV,
621 4918 660 4966 68.
680 4917 729 4966 al.»
749 4918 789 4966 W.
810 4917 846 4966 ct
868 4919 960 4973 Zumpt
979 4917 993 4980 ς
1011 4919 1067 4965 soti.
1088 4946 1113 4954 -
1133 4918 1171 4966 tt.
1188 4919 1284 4967 Medeai
1301 4918 1454 4968 Turnebus:
1473 4920 1572 4967 medeae
1590 4920 1608 4969 C
1625 4947 1651 4956 -
1671 4920 1710 4968 ts.
1725 4920 1769 4969 ds-

440 4992 522 5042 clcrat
538 4990 662 5040 Wollius:
682 4993 880 5040 declaratore.
907 4993 995 5040 «Hanc
1014 4993 1155 5055 archetypi
1175 4992 1332 5056 scripturam
1352 4994 1464 5043 Klotzius
1482 4999 1508 5042 ct
1523 4992 1672 5055 Tregderus
1691 5008 1769 5044 rovo-

441 5071 582 5125 caverunt,
606 5069 681 5129 quasi
704 5067 846 5126 diceretur,
871 5080 919 5114 eur
942 5066 1003 5114 illud
1022 5070 1136 5116 niaxinie
1154 5068 1347 5124 declararetur,
1366 5083 1397 5117 ac
1415 5083 1476 5128 non,
1496 5070 1555 5130 quid
1572 5067 1635 5117 illud
1654 5070 1769 5120 marimo

441 5143 596 5194 declararet.
623 5145 701 5191 {tecte
713 5140 822 5193 Orellius
840 5157 871 5191 ex
886 5142 969 5191 tl'oltii
989 5145 1153 5190 comestura:
1174 5143 1331 5199 declarat,
1351 5144 1366 5190 i.
1382 5157 1405 5191 e.
1425 5145 1536 5191 lacrimo
1552 5144 1620 5202 hoc,
1639 5144 1720 5205 quod
1733 5170 1770 5181 --

440 5226 558 5270 raccant
574 5232 600 5266 sc
616 5232 704 5266 rursus
720 5221 753 5267 od
768 5221 930 5275 moestitiam,
950 5219 1061 5266 maturat
1078 5221 1123 5266 loc
1134 5245 1170 5254 --
1180 5220 1252 5281 lteri:
1273 5218 1304 5267 ci.
1326 5220 1343 5275 l,
1363 5218 1389 5266 31
1404 5233 1409 5263 :
1433 5220 1583 5267 Morumum
1605 5232 1770 5283 orpumen-

441 5301 504 5346 tum
521 5300 563 5342 cst
582 5295 618 5354 l:
636 5296 749 5342 marinae
768 5294 891 5349 declarat)
911 5300 1030 5341 notor-am
1043 5322 1077 5330 --
1091 5297 1217 5355 iudicare,
1242 5296 1323 5354 quaid
1341 5294 1452 5343 ominibus
1469 5308 1546 5343 curos
1563 5300 1619 5342 sunt
1635 5316 1665 5339 =
1682 5294 1724 5354 lii,
1744 5295 1768 5345 7.

442 5372 496 5423 rin.
516 5371 557 5424 ill.
578 5369 617 5417 li.
637 5371 692 5419 Cat.
714 5371 744 5417 hl.
765 5369 779 5430 5
798 5371 836 5416 78.
862 5371 967 5419 Passivo
985 5371 1130 5418 declaratur
1147 5370 1207 5418 addi
1226 5369 1344 5418 debebat
1360 5383 1389 5417 co
1413 5370 1482 5431 (linc,
1506 5370 1551 5417 itta
1572 5368 1617 5431 rc).
1652 5370 1689 5418 De
1708 5374 1770 5418 nota

442 5445 633 5496 terminationis
655 5458 687 5491 ur
711 5443 778 5493 male
801 5444 889 5492 addita
908 5446 939 5492 ct.
962 5446 983 5498 Ι,
1003 5446 1042 5494 75.
1064 5448 1093 5502 ΙΙ,
1112 5446 1152 5494 tit.
1174 5445 1213 5500 tv,
1235 5447 1272 5492 rt.
1302 5448 1350 5493 Pro
1368 5445 1412 5492 troc
1430 5448 1518 5494 autem
1537 5444 1710 5493 scribendum
1731 5448 1771 5495 est

441 5522 515 5572 hacc:
534 5519 629 5568 dicitur
647 5520 716 5568 eninr
735 5518 842 5567 breuius
862 5520 940 5574 ideal.
960 5520 1029 5581 qrrod
1044 5521 1192 5582 praeeedit:
1213 5520 1286 5566 boec
1299 5523 1383 5568 omnic
1395 5527 1463 5569 recto
1474 5547 1486 5556 -
1497 5548 1509 5556 -
1518 5527 1635 5582 putentes
1647 5524 1684 5580 t:
1696 5522 1771 5582 officit

441 5597 544 5659 iudicio)
560 5596 655 5656 [odunt
672 5597 698 5643 in
715 5596 805 5643 doloro.
834 5596 855 5643 ll
861 5610 892 5642 oc
905 5622 916 5631 -
927 5621 939 5629 -
950 5598 1005 5656 fleri
1023 5596 1166 5644 absurdam
1186 5595 1252 5643 irone
1272 5594 1382 5644 baberet
1401 5594 1581 5656 tautologiam:
1602 5601 1629 5643 ut
1647 5596 1771 5644 obsec·-

442 5673 523 5721 debita
539 5678 654 5733 putantes
669 5671 765 5733 soeioat
781 5672 807 5718 ia
825 5672 933 5727 dotores,
953 5674 1023 5731 perosi
1042 5672 1115 5732 officit
1133 5672 1224 5717 tradicio
1239 5672 1320 5730 fier-t.»
1339 5671 1380 5718 W.
1400 5671 1459 5720 htihi
1476 5671 1520 5718 lior
1531 5669 1636 5719 videtur
1648 5671 1771 5720 nomina-

444 5750 512 5797 tivus
530 5761 589 5799 esso
609 5749 646 5810 (=
663 5761 693 5796 ea
713 5751 777 5806 res);
803 5746 834 5794 ad
854 5748 910 5810 ficri
934 5749 1021 5795 autom
1047 5744 1160 5806 intelligo
1184 5746 1243 5792 ltuec
1261 5747 1353 5794 omnin.
1375 5771 1401 5780 -
1421 5746 1461 5795 at.
1482 5746 1514 5792 ab
1531 5746 1568 5793 his
1585 5746 1604 5795 C
1624 5770 1649 5779 -
1671 5746 1711 5795 25.
1731 5748 1771 5795 in-

443 5827 586 5888 tellectaque
603 5828 622 5875 C
642 5851 668 5860 -
687 5828 723 5872 est
739 5837 791 5871 orn>
812 5822 845 5871 0.
866 5825 918 5872 ube
936 5829 969 5872 cst
990 5824 1015 5871 in
1034 5823 1180 5870 comunetis
1198 5822 1335 5869 sententiis
1357 5824 1449 5870 iterato
1467 5835 1491 5868 v.
1510 5821 1524 5883 g
1542 5820 1582 5869 tt.
1602 5822 1629 5869 et
1644 5821 1771 5870 Kuchner

444 5901 478 5951 ad
496 5901 526 5958 V,
545 5902 586 5950 2.»
607 5928 632 5937 -
656 5901 696 5949 27.
714 5901 876 5962 poenitensC
898 5925 922 5933 -
948 5900 973 5946 tu
994 5904 1028 5945 est
1050 5893 1154 5947 ἑαυτὸν
1172 5891 1385 5962 τιμωρούμενος
1402 5896 1533 5958 glossema
1552 5908 1610 5945 esse
1627 5895 1770 5946 uidebatur

444 5978 472 6027 P.
492 5975 606 6025 Manutio
624 5977 651 6025 et
668 5974 802 6025 lambino.
823 6001 849 6009 -·
869 5970 1315 6025 aaaroa'rsrmuiurrtsn'oc
1330 5974 1375 6022 Gli
1394 5999 1420 6007 —
1441 5971 1481 6023 29.
1501 5972 1602 6022 carnae
1618 5972 1653 6023 0.
