4342 7459
438 1235 480 1303 dd
783 1244 1106 1310 ACADEbssCOllUbl
1125 1242 1412 1309 rossumomur

439 1414 548 1490 telem,
570 1414 844 1500 Theophrastum?
877 1413 1026 1478 Oratores
1048 1414 1175 1498 quidem
1196 1414 1320 1477 laudari
1340 1413 1448 1488 video,
1474 1413 1501 1476 si
1523 1413 1579 1496 qui
1602 1430 1620 1475 e
1641 1412 1758 1475 uostris

437 1509 632 1592 Hyperidem
660 1518 734 1574 sunt
761 1517 816 1573 aut
842 1508 1085 1574 Demosthenem
1113 1509 1238 1572 imitati.
1281 1503 1331 1571 tl.
1360 1508 1427 1591 ligo
1457 1514 1563 1570 autem
1591 1505 1758 1570 -dicam

438 1604 540 1677 enim,
563 1611 670 1667 utres
691 1610 802 1667 est-
823 1604 898 1667 dum
920 1623 970 1666 me
991 1603 1137 1677 ambitio,
1163 1602 1237 1666 dum
1258 1602 1411 1676 bonores,
1434 1601 1508 1664 dum
1530 1619 1661 1674 causae,
1683 1598 1759 1663 dum

438 1696 484 1759 rei
506 1697 654 1779 publicae
675 1718 740 1761 non
764 1698 866 1761 solum
890 1718 980 1773 cura,
1003 1698 1057 1760 sed
1081 1696 1237 1780 quaedam
1259 1696 1354 1759 etiam
1373 1695 1553 1779 procuratio
1567 1694 1676 1757 multis
1690 1692 1759 1757 offi-

414 1790 494 1853 eciis
515 1790 700 1872 inplicatam
723 1799 755 1855 et
776 1792 980 1855 constrictum
1002 1792 1144 1866 tenebat,
1166 1791 1244 1854 haec
1266 1790 1389 1853 inclusa
1409 1789 1563 1852 habebam
1578 1796 1624 1862 et,
1646 1810 1688 1853 ne
1703 1789 1760 1853 ob·

437 1884 645 1961 solescerent,
674 1885 881 1959 renovabam,
909 1906 981 1948 cum
1009 1886 1141 1959 licebat,
1171 1884 1315 1968 legendo.
1350 1885 1441 1946 Nunc
1462 1902 1538 1946 vero
1561 1890 1592 1946 et
1612 1882 1759 1947 fortunae

437 1979 621 2059 gravissimo
648 2000 817 2064 percussus
846 1979 976 2042 vulnere
1006 1987 1037 2043 et
1065 1979 1333 2042 administratione
1362 1978 1408 2040 rei
1430 1977 1575 2060 publicae
1596 1979 1759 2054 liberatus,

437 2070 556 2134 doloris
585 2074 774 2137 medicinam
796 2094 815 2137 a
842 2073 1044 2157 philosophia
1065 2082 1139 2157 peto
1162 2081 1193 2136 et
1214 2072 1270 2134 otii
1294 2071 1534 2135 oblectationem
1555 2072 1637 2136 hanc
1658 2074 1760 2137 hone·

436 2164 605 2229 stissimam
627 2168 744 2232 iudico.
780 2169 842 2231 Aut
864 2169 946 2230 euim
967 2168 1042 2231 huic
1063 2167 1158 2231 aetati
1180 2167 1241 2229 boc
1262 2166 1398 2229 maxime
1420 2175 1528 2249 aptum
1551 2173 1615 2241 est,
1644 2174 1698 2230 aut
1718 2168 1759 2231 iis

401 2258 547 2333 corebus,
570 2262 597 2324 si
619 2282 698 2345 quas
720 2262 831 2345 dignas
853 2262 947 2325 laude
969 2261 1140 2343 gessimus,
1162 2260 1223 2325 boc
1243 2260 1277 2322 iu
1295 2259 1406 2343 primis
1422 2267 1683 2335 consentaneum,
1705 2265 1760 2324 aut

436 2352 530 2414 etiam
552 2352 593 2415 ad
616 2364 741 2419 nostros
757 2357 841 2419 cives
861 2354 1051 2419 erudiendos
1070 2355 1150 2417 nibil
1165 2354 1290 2427 utilius,
1312 2360 1382 2426 aut,
1404 2354 1432 2417 si
1446 2353 1523 2417 baec
1538 2354 1582 2416 ita
1597 2374 1660 2418 non
1675 2362 1759 2429 sunt,

436 2443 515 2507 nibil
536 2446 623 2510 aliud
645 2449 738 2512 video
761 2450 847 2533 quod
869 2468 962 2533 agere
984 2448 1153 2532 possimus.
1198 2444 1385 2511 taurulus
1408 2448 1533 2530 quidem
1556 2455 1681 2523 noster,
1704 2468 1760 2511 ex·

437 2538 554 2602 cellens
577 2543 662 2605 omni
685 2562 800 2625 genere
821 2543 943 2616 laudis,
965 2543 1010 2606 sic
1032 2542 1266 2625 philosophiam
1285 2543 1406 2605 Latinis
1421 2542 1532 2605 litteris
1547 2542 1759 2626 persequitur,

436 2632 516 2695 nihil
538 2643 574 2697 ut
594 2634 693 2699 isdem
717 2637 756 2700 de
778 2638 871 2700 rebus
893 2637 1012 2699 Graeca
1034 2636 1211 2710 desideres,
1234 2644 1265 2699 et
1280 2636 1411 2699 eandem
1426 2636 1556 2719 quidem
1571 2636 1759 2699 sententiam

401 2729 579 2809 obsequitur
600 2749 693 2812 quam
716 2738 761 2793 tu.
803 2732 882 2793 Nam
904 2730 1042 2793 Aristum
1064 2730 1195 2793 Athenis
1217 2729 1340 2792 audivit
1361 2730 1500 2813 aliquam
1522 2730 1596 2805 diu,
1619 2731 1709 2792 cuius
1725 2737 1758 2792 tu

436 2819 562 2884 fratrem
592 2824 792 2887 Antiochum.
835 2823 938 2899 Quam
969 2824 1009 2886 ob
1037 2844 1104 2887 rem
1127 2824 1184 2899 da,
1216 2844 1352 2907 quaeso,
1385 2832 1416 2887 te
1437 2823 1512 2887 huic
1535 2824 1628 2886 etiarn
1651 2822 1759 2907 generi

436 2913 622 2979 litterarum.

520 3008 574 3071 IV.
597 3005 647 3075 t3.
670 3014 749 3076 Tum
772 3012 843 3076 illc:
865 3014 950 3076 lstuc
973 3013 1101 3096 quidem
1124 3012 1346 3087 considerabo,
1367 3032 1425 3074 nec
1447 3030 1523 3075 vero
1539 3013 1606 3075 sine
1620 3019 1662 3074 te.
1697 3010 1759 3074 Sed

437 3099 477 3163 de
507 3107 538 3164 te
566 3102 636 3185 ipso
666 3106 742 3189 quid
772 3115 834 3182 est,
868 3108 988 3191 inquit,
1022 3106 1109 3190 quod
1139 3106 1256 3171 audiol
1287 3106 1450 3182 Quanam,
1472 3106 1618 3188 iuquam,
1641 3106 1682 3169 de
1703 3108 1760 3168 rel

400 3194 588 3267 enltelictam
611 3219 630 3262 a
651 3207 682 3263 te
703 3207 840 3264 veterem
855 3199 1071 3277 Academiam,
1094 3202 1213 3285 inquit,
1236 3200 1362 3263 tractari
1376 3208 1480 3262 autem
1496 3219 1619 3263 novam.
1651 3198 1761 3274 Quid?

438 3308 527 3373 ergo,
554 3291 698 3376 inquam,
727 3295 883 3357 Antiocho
912 3293 945 3356 id
968 3296 1066 3377 magis
1094 3295 1232 3368 licuerit,
1263 3300 1368 3356 uostro
1396 3293 1562 3367 familiari,
1591 3294 1761 3376 remigrare

437 3385 470 3447 iu
493 3386 621 3451 domum
643 3398 781 3452 veterem
804 3409 821 3450 e
844 3409 923 3451 nova
945 3409 1039 3471 quam
1063 3389 1154 3451 nobis
1180 3388 1210 3450 in
1234 3407 1347 3450 novam
1370 3408 1387 3450 e
1410 3389 1540 3451 veterel
1570 3396 1654 3452 certe
1676 3389 1761 3452 enim

438 3482 651 3545 recentissima
682 3502 828 3565 quaeque
859 3490 932 3545 sunt
959 3490 1099 3545 correcta
1127 3492 1158 3545 et
1186 3480 1351 3545 emendata
1377 3482 1522 3545 maxime.
1560 3482 1762 3565 Quamquam

438 3573 583 3637 Antiochi
606 3578 757 3659 magister
771 3575 876 3649 Philo,
899 3596 1028 3659 magnus
1045 3576 1105 3650 vir,
1127 3584 1163 3638 ut
1178 3583 1211 3638 tu
1228 3576 1388 3638 existimas
1403 3576 1488 3659 ipse,
1507 3578 1646 3659 negatio
1662 3578 1762 3653 libris,

400 3667 525 3750 siquod
548 3688 654 3732 coram
676 3671 770 3733 etiam
793 3690 833 3732 ex
854 3671 923 3754 ipso
939 3670 1159 3743 audiebamus,
1181 3670 1260 3732 duas
1277 3669 1459 3732 Academias
1474 3690 1544 3732 esse
1559 3690 1762 3754 erroremque

438 3780 562 3835 eorum,
592 3763 646 3846 qui
668 3764 713 3826 ita
733 3771 898 3847 putarunt,
928 3766 1079 3847 coarguit.
1122 3765 1192 3838 Est,
1221 3764 1339 3846 inquit,
1362 3771 1396 3825 ut
1418 3763 1514 3826 dicis:
1539 3764 1595 3828 sed
1617 3766 1763 3847 ignorare

438 3862 469 3917 te
501 3875 565 3918 non
598 3856 747 3931 arbitror,
786 3877 868 3941 quae
901 3867 1010 3922 contra
1043 3859 1183 3921 Philonis
1215 3860 1389 3920 cmtcntiom
1417 3859 1592 3921 Antiochus
1626 3859 1763 3942 scripsit.
1863 3881 1866 3888 ·

438 3944 489 4011 ll.
511 3949 610 4014 lmmo
632 3970 707 4014 vero
730 3961 761 4015 et
782 3952 842 4015 ista
864 3959 1013 4016 ettotam
1036 3959 1175 4016 veterem
1197 3952 1412 4026 Academiam,
1441 3972 1460 4014 a
1482 3972 1544 4035 qua
1566 3952 1677 4015 absum
1700 3954 1763 4016 iam

438 4042 510 4117 diu,
531 4046 679 4108 renovari
700 4065 719 4108 a
741 4053 788 4121 te,
809 4046 869 4108 nisi
892 4047 1059 4110 molestum
1081 4054 1146 4121 est,
1168 4047 1278 4120 velim3
1309 4053 1340 4108 et
1362 4046 1473 4120 simul,
1496 4046 1694 4122 adsidamus,
1715 4050 1764 4111 in-

401 4154 548 4220 anquam,
579 4139 606 4201 si
630 4137 762 4202 videtur.
800 4141 883 4203 Sane
904 4142 983 4203 istuc
1006 4139 1154 4223 quidem,
1176 4140 1295 4223 inquit;
1323 4160 1392 4202 sum
1415 4140 1498 4202 enim
1521 4139 1692 4204 admodum
1715 4143 1765 4206 in·

438 4228 556 4293 firmus.
593 4231 655 4294 Sed
677 4233 855 4308 rideamus,
884 4234 1010 4297 idemne
1033 4235 1136 4297 Attico
1160 4234 1283 4316 placeat
1304 4233 1372 4296 lieri
1396 4253 1415 4296 a
1436 4253 1502 4308 me,
1525 4234 1610 4317 quod
1633 4242 1664 4297 te
1679 4235 1763 4298 velle

437 4324 542 4387 video.
586 4326 663 4390 hlibi
685 4346 778 4402 vero,
807 4327 878 4390 ille:
908 4327 985 4411 quid
1009 4337 1057 4391 est
1079 4329 1164 4390 enim
1187 4328 1274 4411 quod
1297 4328 1403 4390 malim
1427 4348 1522 4410 quam
1544 4348 1584 4390 ex
1606 4328 1763 4392 Antiocho

438 4416 500 4481 iam
528 4420 649 4502 pridem
674 4420 781 4484 audita
802 4422 983 4485 recordari?
1013 4430 1045 4486 et
1067 4423 1160 4485 simul
1182 4422 1289 4485 ridere
1311 4422 1429 4485 satisne
1453 4442 1491 4486 ea
1513 4420 1678 4485 commode
1700 4421 1763 4484 dici

438 4512 561 4595 possint
582 4514 719 4577 Latine‘l

966 4687 1379 4695 ——--——-.—.-..·.
1404 4689 1446 4693 Δ...
1471 4689 1475 4692 -
1500 4687 1636 4693 r—*ae-<u—

505 4815 527 4864 t.
547 4814 568 4879 e]
593 4815 690 4864 estVr
718 4842 742 4851 -
769 4816 794 4864 2.
813 4820 869 4864 ssent
886 4815 997 4880 scripsi:
1024 4816 1163 4866 sintCOr
1189 4839 1215 4849 -
1243 4818 1358 4863 cotom.
1378 4810 1407 4863 G¹
1433 4838 1459 4847 -
1487 4812 1578 4873 caten]
1596 4824 1676 4861 ocrro
1694 4815 1713 4863 G
1733 4839 1759 4848 -

437 4892 462 4940 b.
481 4890 550 4952 boec]
567 4891 651 4940 animo
667 4891 727 4939 boec
744 4891 765 4939 G
778 4916 804 4925 -
824 4890 998 4940 obsolescerent
1015 4892 1044 4939 G¹
1056 4916 1089 4925 —
1106 4891 1131 4939 7.
1148 4889 1275 4952 perculsus
1287 4891 1336 4938 AO
1352 4915 1375 4925 —
1398 4889 1421 4938 8.
1437 4894 1495 4950 peto
1512 4889 1587 4937 otiiG
1602 4914 1627 4922 -
1647 4888 1671 4937 9.
1685 4902 1763 4951 oper-

437 4968 489 5012 tum
506 4978 520 5013 r
539 4990 565 4999 -
585 4966 615 5014 iis
632 4978 657 5013 r:
675 4965 748 5014 msc
769 4990 795 4999 -
817 4964 855 5014 tt.
874 4970 902 5013 nt
918 4965 979 5013 nibil
995 4966 1021 5013 in
1038 4965 1059 5013 G
1077 4989 1104 4999 -
1124 4965 1215 5013 hisdem
1232 4965 1325 5023 GPV;
1344 4964 1430 5012 iisdem
1448 4965 1497 5013 AO
1515 4990 1547 4999 -
1565 4963 1663 5012 Graeco
1680 4966 1715 5024 G,
1735 4965 1765 5014 ut

438 5040 507 5089 coni.
525 5037 607 5089 Aldus
623 5042 724 5104 Nepos:
753 5041 860 5090 Graecis
877 5040 1009 5091 APVOr
1033 5066 1058 5074 -
1087 5040 1207 5088 desideres
1229 5038 1309 5089 Aldus
1328 5041 1432 5101 Nepos:
1459 5038 1576 5086 desideret
1593 5038 1649 5092 Cr:
1677 5040 1763 5102 possis

438 5114 517 5163 eliam
535 5114 702 5163 desiderentur
722 5142 748 5152 -
767 5117 864 5177 quidem
881 5128 934 5165 om.
955 5129 967 5164 r
986 5141 1012 5150 -
1036 5116 1075 5163 ⁴5.
1095 5115 1230 5163 oristlenm
1247 5118 1266 5164 G
1284 5142 1315 5151 —
1333 5115 1429 5163 otiatus
1445 5116 1464 5164 P
1485 5140 1510 5147 -
1530 5112 1679 5174 aliquandiu
1694 5116 1714 5165 Ρ
1734 5139 1760 5151 -

439 5188 478 5238 16.
497 5189 572 5237 etiam
588 5202 641 5239 om.
656 5191 676 5238 G
697 5217 722 5226 -
743 5190 782 5240 48.
801 5190 866 5239 istud
882 5190 904 5237 V
918 5216 944 5224 -
963 5190 1015 5237 sine
1031 5202 1059 5238 re
1076 5189 1098 5236 V
1111 5214 1138 5225 -
1158 5190 1198 5237 ἑο.
1211 5189 1370 5238 Academiam
1384 5187 1508 5249 bentley:
1527 5188 1579 5236 iom
1591 5188 1610 5236 C
1620 5190 1640 5237 0
1650 5202 1675 5243 r;
1694 5189 1765 5239 idom

437 5262 541 5325 Madvig
559 5289 585 5298 -
609 5265 675 5324 qnod
693 5263 723 5314 G¹
741 5290 767 5300 -
793 5266 834 5314 24,
853 5266 878 5314 id
895 5263 946 5313 del.
966 5265 1118 5314 Ernesti-
1138 5266 1299 5327 remigaret}
1318 5291 1343 5299 -
1367 5264 1408 5313 ii.
1425 5277 1438 5312 e
1455 5265 1532 5312 ueteri
1549 5264 1575 5311 in
1591 5276 1684 5312 ncrmm
1701 5278 1716 5312 r
1735 5292 1762 5301 -
1788 5314 1791 5318 ,

436 5338 478 5389 il.
494 5338 569 5399 pbnlo
586 5338 607 5386 V
627 5365 653 5374 -
673 5343 701 5387 tn
717 5351 770 5388 om.
789 5353 803 5387 r
822 5366 848 5375 —
867 5340 974 5388 estimas
991 5341 1011 5388 G
1031 5366 1057 5375 -
1076 5345 1151 5402 negot
1168 5340 1276 5389 Davies:
1298 5339 1474 5402 separarer,
1496 5343 1603 5400 negarat
1620 5340 1764 5389 Ascensius

440 5441 466 5450 -
485 5415 526 5462 25.
544 5426 578 5462 ee
593 5418 617 5463 te
632 5414 686 5476 ipso
701 5416 723 5463 A
742 5440 768 5449 -
793 5414 834 5462 26.
851 5418 968 5474 potarent
985 5413 1006 5459 V
1023 5440 1057 5450 -
1073 5414 1160 5475 ipnore
1176 5412 1198 5459 V
1218 5439 1244 5449 -
1269 5413 1309 5461 27.
1328 5426 1377 5461 non
1395 5426 1447 5461 orn.
1467 5425 1480 5459 r
1498 5438 1525 5446 -
1545 5412 1650 5461 Philonis
1666 5418 1765 5462 mnten-

437 5489 499 5538 tiam
520 5489 629 5552 scripsi:
656 5488 762 5537 Philonis
783 5489 904 5548 AGPO;
931 5489 1053 5537 Philonem
1074 5488 1130 5547 Vr,
1157 5488 1268 5537 Philonia
1292 5488 1394 5549 iladvig
1412 5500 1437 5550 p.
1457 5488 1514 5535 tte.
1533 5514 1565 5523 -
1590 5488 1688 5548 scripsit
1705 5488 1762 5536 Vr:

436 5565 562 5626 scripserit
578 5563 686 5614 AGPO
705 5588 731 5598 -
755 5563 796 5612 28.
814 5563 887 5611 istom
903 5565 976 5613 APr
994 5588 1020 5597 -
1044 5564 1191 5612 ocbodemio
1208 5563 1229 5611 V
1248 5591 1275 5599 -
1298 5563 1384 5610 obsum
1400 5564 1451 5609 iarn
1469 5563 1512 5609 din
1530 5564 1638 5611 Davies:
1659 5562 1762 5613 obsum·

434 5644 506 5699 ptem
522 5640 686 5701 (assumptam
702 5639 721 5686 A
732 5638 781 5699 Gr)
794 5638 838 5686 din
855 5638 909 5694 Cr;
928 5638 1014 5687 obsum
1031 5644 1085 5688 tom
1102 5640 1145 5687 diu
1157 5641 1286 5688 Manutius
1301 5665 1327 5673 -
1346 5639 1387 5687 29.
1401 5639 1514 5686 revocari
1526 5640 1645 5688 Goereuz
1663 5639 1761 5689 mendo

438 5726 594 5776 operarum,
613 5715 642 5763 ut
658 5726 690 5763 ex
708 5712 765 5762 eius
783 5712 872 5762 adnot.
891 5716 1015 5776 apparel,
1034 5713 1106 5776 qnod
1124 5716 1213 5763 vitium
1232 5717 1256 5764 in
1273 5714 1335 5763 edd.
1349 5715 1525 5774 recentiores,
1545 5714 1624 5762 eliam
1642 5714 1666 5761 in
1684 5712 1762 5763 Orell.

439 5791 466 5837 et
483 5786 643 5838 Klotzianam
661 5788 762 5837 transiit
785 5813 812 5822 -
836 5788 989 5837 assideamus
1005 5790 1027 5837 V
1047 5816 1072 5824 -
1097 5790 1136 5839 30.
1156 5792 1218 5838 utne
1236 5793 1268 5838 G:
1293 5790 1359 5837 istud
1375 5789 1521 5846 Aevom
1542 5788 1603 5836 illud
1622 5787 1712 5837 lamb.
1736 5814 1762 5823 -

439 5862 545 5927 quidem]
568 5865 627 5925 qaid
648 5869 683 5914 est
700 5866 727 5924 P,
751 5868 816 5913 estr
839 5889 865 5899 -
888 5864 928 5913 32.
948 5865 1027 5926 inquit
1048 5864 1089 5914 iile
1107 5866 1250 5924 blanutius3
1273 5865 1294 5914 si
1312 5863 1376 5927 quid
1394 5863 1476 5923 desit,
1500 5863 1580 5925 inquit
1597 5863 1683 5927 potius
1701 5864 1763 5912 ante

440 5938 501 5999 qnid
516 5937 670 5990 addendum
687 5940 737 5990 est.
757 5965 784 5977 -
802 5939 899 5989 molam
915 5939 937 5989 V
955 5966 982 5976 -
1004 5938 1044 5991 33.
1061 5940 1141 5991 uideri
1159 5938 1188 5989 (3¹
1205 5966 1238 5977 -
1254 5937 1294 5992 di.
1310 5945 1414 6005 possunt
1430 5938 1491 5990 GV.
