4342 7459
683 1266 751 1329 nn.
773 1265 798 1328 1.
828 1264 906 1330 cn.
928 1266 1224 1332 xxvm-xxn
1250 1263 1297 1351 ss
1318 1264 1466 1334 as-ve.
1681 1268 1740 1335 ast

409 1428 457 1491 vel
478 1423 628 1501 effector,
649 1426 675 1488 si
697 1424 778 1488 baec
799 1435 874 1489 nata
892 1434 980 1503 sunt,
1003 1435 1041 1491 ut
1055 1428 1178 1492 Platoni
1194 1428 1335 1504 videtur,
1358 1429 1410 1493 vel
1423 1430 1450 1493 si
1466 1451 1591 1515 semper
1606 1428 1745 1505 fuerunt,

409 1531 442 1587 ut
463 1521 629 1586 Aristoteli
652 1521 765 1604 placet,
786 1520 971 1585 moderator
992 1524 1069 1586 tanti
1093 1522 1200 1606 operis
1222 1531 1255 1587 et
1276 1523 1440 1587 muneris?
1463 1526 1516 1589 Sic
1531 1532 1669 1590 mentem
1687 1526 1746 1589 ho·

409 1616 517 1690 minis,
549 1614 694 1698 quamvis
716 1635 786 1678 eam
808 1637 872 1679 non
894 1615 1020 1692 videas,
1051 1623 1088 1679 ut
1108 1616 1204 1680 deum
1225 1637 1291 1681 non
1312 1618 1420 1692 vides,
1451 1625 1571 1695 tamen,
1592 1627 1630 1684 ut
1650 1619 1747 1683 deum

409 1707 576 1791 adgnoscis
598 1729 639 1771 ex
661 1710 811 1792 operibus
826 1711 906 1784 eius,
928 1712 974 1774 sic
987 1731 1027 1774 ex
1044 1712 1199 1775 memoria
1213 1732 1319 1774 rerum
1336 1720 1368 1775 et
1386 1712 1573 1776 inventione
1588 1723 1620 1778 et
1634 1713 1747 1777 celeri·

409 1812 471 1866 tate
488 1810 593 1866 motus
609 1805 759 1887 omnique
778 1804 1015 1886 pulchritudine
1031 1806 1167 1879 virtutis,
1183 1805 1245 1868 vim
1261 1805 1401 1869 dimnam
1418 1808 1532 1870 mentis
1547 1807 1770 1891 adgnoscent

491 1897 611 1960 XXIX.
642 1900 679 1961 ln
710 1920 774 1983 quo
801 1900 899 1983 igitur
926 1901 997 1963 loeo
1028 1901 1099 1961 esti
1131 1897 1232 1962 Credo
1254 1899 1404 1982 equidem
1431 1900 1464 1961 in
1487 1902 1607 1983 capite,
1638 1907 1671 1963 et
1691 1917 1748 1963 cur

408 1991 533 2055 credam
559 1989 685 2055 adferre
713 2012 856 2074 possum.
901 1992 963 2056 Sed
993 1992 1071 2056 alias
1093 1991 1148 2056 ubi
1171 1992 1213 2055 sit
1234 1992 1377 2068 animum
1398 2001 1484 2056 certe
1508 1993 1639 2078 quidem
1661 1995 1694 2057 in
1717 2000 1749 2057 te

408 2092 464 2149 est.
497 2067 593 2159 Quae
617 2092 665 2148 est
687 2086 719 2148 ei
739 2090 875 2149 naturai
905 2088 1056 2169 Propria,
1087 2096 1180 2169 puto,
1210 2098 1243 2152 et
1263 2109 1331 2152 sua.
1369 2087 1432 2152 Sed
1454 2088 1504 2153 l'ac
1526 2090 1669 2174 igneam,
1698 2089 1750 2154 fac

407 2176 610 2263 spirabilem:
638 2178 719 2242 nibil
748 2176 789 2243 ad
819 2181 866 2255 id,
899 2181 939 2244 de
962 2201 1025 2263 quo
1047 2181 1180 2264 agimus.
1216 2182 1300 2246 Illud
1324 2184 1420 2246 modo
1441 2182 1568 2260 videto,
1595 2190 1631 2247 ut
1653 2182 1749 2246 deum

407 2272 510 2346 noris,
533 2272 594 2335 etsi
617 2272 686 2337 eins
709 2274 837 2356 ignores
860 2282 892 2338 et
914 2274 1020 2338 locum
1043 2274 1218 2352 etfaciam,
1241 2277 1287 2340 sic
1301 2277 1443 2341 animum
1458 2277 1516 2340 tibi
1533 2285 1622 2341 tuum
1638 2284 1787 2340 notumtc

407 2386 476 2431 esse
499 2375 667 2450 oportere,
691 2369 785 2432 etiam
808 2372 834 2432 si
856 2369 984 2452 ignores
1000 2375 1033 2431 et
1054 2368 1161 2432 locum
1177 2378 1208 2434 ct
1229 2369 1373 2434 formam.
1410 2365 1514 2433 7t.1n
1529 2369 1628 2433 animi
1643 2376 1747 2433 autem

407 2460 589 2543 cognitione
612 2461 758 2525 dubitare
779 2482 845 2525 non
868 2482 1053 2544 possumus,
1076 2464 1137 2526 nisi
1156 2463 1252 2546 plane
1268 2463 1302 2526 in
1318 2464 1458 2548 physicis
1474 2464 1614 2549 plumbei
1629 2482 1750 2537 sumus,

407 2556 485 2640 quin
507 2555 587 2619 nibil
610 2557 653 2620 sit
673 2558 788 2620 animis
810 2556 1004 2631 admixtum,
1026 2558 1106 2621 nibil
1127 2565 1327 2632 concretum,
1349 2559 1430 2621 nihil
1446 2559 1646 2642 copulatum,
1666 2556 1750 2620 nibil

407 2658 681 2732 coagmentatum,
708 2650 789 2713 nibil
817 2651 946 2734 duplex.
984 2652 1080 2728 Quod
1104 2672 1176 2715 cum
1203 2653 1246 2715 ita
1269 2653 1326 2727 sit,
1358 2661 1443 2717 certe
1465 2674 1525 2717 nec
1546 2654 1669 2717 secerni
1691 2670 1751 2714 uec

408 2744 508 2808 dividi
536 2765 595 2808 nec
622 2744 761 2827 discerpi
790 2766 849 2809 nec
872 2746 1006 2809 distrahi
1038 2753 1160 2829 potest,
1185 2767 1226 2809 ne
1249 2748 1382 2811 interire
1405 2749 1523 2830 quidam
1549 2748 1657 2831 igitur.
1693 2747 1788 2810 listro

408 2840 492 2905 enim
522 2839 667 2902 interitus
698 2840 790 2923 quasi
818 2840 979 2903 discessus
1002 2850 1034 2904 et
1056 2842 1191 2905 secretio
1212 2862 1250 2906 ao
1272 2842 1448 2928 diremptus
1470 2864 1579 2908 carum
1601 2842 1750 2925 partium,

409 2954 488 3019 quae
510 2941 586 2997 ante
608 2934 773 2997 interitum
795 2934 1022 2997 coniunctione
1044 2934 1154 3018 aliqua
1177 2937 1375 3001 tenebantur.

491 3028 552 3091 His
574 3033 607 3090 et
628 3028 746 3091 talibus
769 3028 948 3090 rationibus
974 3027 1129 3090 adductus
1153 3030 1298 3092 Socrates
1320 3048 1380 3093 neo
1401 3038 1569 3111 patronum
1592 3027 1751 3113 quaesivit

409 3124 448 3188 ad
470 3122 625 3186 iudicium
647 3121 760 3204 capitis
781 3141 840 3183 nec
862 3120 1021 3184 iudicibus
1042 3122 1182 3204 supplex
1209 3124 1271 3187 fuit
1291 3124 1500 3209 adhibuitque
1521 3125 1653 3188 liberam
1674 3142 1750 3186 cou-

409 3217 578 3281 tumaciam
602 3234 620 3279 a
644 3214 858 3297 magnitudine
880 3215 977 3277 animi
999 3214 1139 3289 ductam,
1162 3237 1227 3280 non
1250 3236 1269 3280 a
1290 3217 1457 3300 superbia,
1480 3226 1513 3280 et
1533 3204 1683 3299 supramo
1704 3214 1788 3278 vi-so

410 3322 458 3377 tae
480 3310 534 3374 die
558 3308 598 3371 de
618 3309 681 3372 boc
703 3310 775 3391 ipso
798 3309 896 3371 multa
920 3308 1088 3381 disseruit,
1120 3319 1152 3373 et
1174 3311 1285 3393 paucis
1307 3321 1381 3374 ante
1403 3312 1533 3386 diebus,
1563 3330 1634 3374 cum
1656 3305 1751 3371 lacile

409 3410 517 3490 possm
539 3401 632 3466 educi
656 3423 673 3465 e
697 3402 855 3476 custodia,
886 3402 1004 3476 noluit,
1028 3412 1146 3466 etium
1169 3424 1271 3487 paene
1294 3406 1326 3467 in
1350 3425 1443 3468 manu
1469 3406 1530 3468 iam
1554 3400 1748 3467 mortiferum

409 3497 487 3563 illud
519 3503 632 3560 tenens
663 3495 810 3579 poculum
833 3495 959 3558 locutus
985 3496 1029 3558 ita
1052 3506 1116 3570 est,
1145 3506 1266 3560 utnon
1288 3498 1328 3561 ad
1352 3507 1485 3562 mortem
1508 3496 1609 3569 trudi,
1640 3512 1749 3556 verum

411 3594 439 3655 in
464 3590 588 3655 caelum
611 3589 773 3653 videretur
795 3588 979 3652 escendere.
1022 3590 1125 3657 XXX.
1147 3586 1198 3653 72.
1222 3589 1269 3656 lta
1290 3592 1374 3654 enim
1390 3592 1540 3656 censebat
1561 3591 1669 3671 itaque
1685 3584 1750 3648 dis·

411 3685 522 3757 seruit,
546 3684 626 3746 duas
649 3703 720 3745 esse
744 3683 809 3746 vias
832 3683 1044 3766 duplicesque
1067 3704 1179 3747 cursus
1201 3686 1379 3749 animorum
1402 3704 1420 3748 e
1442 3704 1578 3767 corpore
1593 3681 1788 3750 excedente

412 3782 498 3843 tium
537 3781 614 3841 Nam
638 3778 694 3861 qni
717 3797 751 3839 se
774 3777 921 3840 humanis
944 3777 1029 3839 vitiis
1049 3777 1352 3841 contaminavissent
1366 3786 1398 3840 et
1412 3798 1447 3841 se
1464 3785 1546 3843 totos
1564 3773 1750 3840 libidinibus

411 3873 590 3947 dedissent,
614 3870 730 3955 quibus
753 3872 871 3933 caecati
894 3870 943 3932 vel
969 3870 1150 3932 domesticis
1171 3871 1257 3933 vitiis
1279 3879 1374 3955 atque
1397 3868 1523 3953 flagitiis
1546 3891 1580 3936 se
1601 3868 1751 3953 inquina-

411 3968 530 4030 vissent
561 3964 611 4028 vel
644 3986 677 4027 re
708 3964 837 4046 publica
867 3964 1015 4027 violanda
1044 3961 1174 4026 fraudes
1203 3966 1413 4049 inexpiabiles
1440 3963 1680 4048 concepissent,
1711 3963 1750 4027 iis

412 4061 538 4124 devium
563 4057 724 4142 quoddam
748 4059 808 4120 iter
831 4078 918 4131 esse,
947 4056 1105 4120 seclusum
1129 4076 1147 4118 a
1169 4058 1307 4120 concilio
1330 4059 1480 4121 deorum:
1510 4059 1565 4141 qui
1587 4066 1691 4123 autem
1715 4078 1750 4123 se

414 4156 554 4238 integros
577 4160 746 4235 castosque
778 4153 1002 4222 servavissent,
1026 4150 1209 4234 quibusque
1230 4151 1344 4215 inisset
1366 4153 1496 4215 minima
1518 4171 1587 4215 cum
1610 4155 1787 4235 corpori-ao

412 4249 467 4311 bus
490 4247 640 4328 contagio
663 4267 799 4330 seseque
822 4247 861 4308 ab
884 4247 922 4309 iis
946 4265 1073 4325 semper
1100 4247 1337 4309 sevocavissent
1361 4255 1531 4328 essentque
1554 4247 1587 4308 in
1610 4249 1751 4330 eorpori-

412 4343 467 4406 bus
490 4341 640 4403 humanis
662 4342 758 4403 vitam
783 4341 894 4402 imitati
919 4339 1069 4415 deorum,
1093 4343 1132 4403 iis
1148 4342 1186 4404 ad
1207 4343 1298 4417 illos,
1321 4343 1469 4426 aquibus
1486 4351 1593 4405 essent
1608 4341 1750 4423 profecti,

411 4439 545 4500 reditum
567 4436 694 4498 facilem
718 4443 835 4518 patere.
880 4431 930 4495 73.
955 4437 1064 4517 ltaque
1081 4445 1323 4509 commemorat,
1348 4445 1382 4498 ut
1397 4436 1508 4520 cygni,
1530 4437 1586 4519 qui
1602 4455 1666 4497 non
1680 4434 1750 4497 sine

411 4551 504 4594 causa
525 4529 666 4614 Apollini
690 4528 787 4591 dicati
809 4531 889 4600 sint,
920 4528 975 4590 sed
1000 4529 1085 4612 quod
1110 4530 1149 4592 ab
1172 4550 1210 4592 eo
1233 4531 1459 4593 divinationem
1481 4530 1598 4593 babere
1621 4530 1749 4592 videan-

411 4633 472 4698 tur,
496 4643 560 4707 qua
584 4623 785 4704 providentes
809 4624 884 4708 quid
909 4623 940 4685 iu
964 4633 1065 4687 morte
1088 4625 1162 4687 boni
1186 4625 1226 4688 sit
1248 4646 1319 4688 cum
1342 4634 1436 4688 cantu
1459 4634 1490 4687 et
1505 4625 1667 4707 voluptate
1682 4636 1787 4687 mota

457 4846 482 4897 3.
495 4859 546 4895 non
557 4846 646 4895 uideas
656 4851 682 4894 ut
694 4847 767 4895 &um
777 4846 801 4895 in
815 4847 868 4895 ima
882 4858 964 4909 marg.
979 4847 1038 4896 ead.
1054 4861 1089 4897 m.
1100 4847 1190 4896 addita
1202 4847 1313 4897 babetG
1325 4872 1350 4882 -
1363 4848 1387 4896 o
1402 4848 1536 4908 omniaque
1547 4847 1587 4896 GR
1599 4872 1626 4882 -
1639 4845 1662 4895 t.
1673 4846 1749 4896 otios:

410 4937 474 4974 suec
490 4922 577 4972 sibisibi
594 4923 625 4970 rit
637 4922 657 4971 0
672 4949 698 4959 -
713 4922 728 4971 8
751 4922 781 4986 ei]
800 4929 822 4971 et
835 4924 853 4972 C
868 4948 894 4957 -
910 4925 950 4972 to.
963 4936 994 4972 ne
1011 4923 1114 4972 interire
1125 4924 1225 4985 quidem
1238 4923 1354 4985 Madvig:
1373 4936 1404 4973 ne
1419 4923 1522 4972 interire
1534 4922 1568 4979 C;
1586 4936 1631 4972 nec
1646 4922 1750 4971 interire

411 5000 466 5049 0-
482 4997 522 5047 46.
536 4997 649 5059 direptos
661 4998 705 5046 Gli
719 5024 743 5032 -
756 4998 795 5045 ii.
808 4997 980 5047 coniunctione
992 4996 1110 5060 Madvig:
1124 4998 1248 5046 iunctione
1260 4998 1306 5047 CO
1318 5024 1345 5033 —
1360 4997 1400 5047 ta.
1414 4998 1520 5046 eductus
1532 4994 1583 5045 Glt¹
1599 5022 1626 5031 -
1641 4996 1681 5045 22.
1695 4999 1749 5044 tum

408 5086 487 5135 pem
497 5076 629 5121 --tenens
647 5073 710 5121 Ga:
729 5086 786 5121 com
801 5086 882 5133 poene
892 5099 906 5109 -
917 5100 930 5109 -
942 5079 1025 5122 tenens
1042 5074 1077 5126 B;
1096 5086 1154 5121 com
1169 5084 1249 5134 poene
1261 5098 1297 5108 -·
1310 5076 1402 5121 maeret
1419 5073 1447 5122 0.
1469 5071 1530 5131 (tom
1542 5068 1651 5121 seclusit
1667 5070 1751 5133 treg-

411 5146 506 5207 ἀοι-ως
525 5146 575 5198 sed
592 5161 618 5197 v.
633 5146 765 5198 Halmium
783 5149 818 5197 ad
837 5149 891 5197 Cic.
912 5162 935 5212 p.
953 5147 1022 5197 Sulla
1041 5148 1084 5197 ed.
1106 5149 1174 5210 Lips.
1188 5160 1213 5196 a.
1228 5146 1301 5196 4845.
1316 5161 1341 5211 p.
1356 5146 1407 5208 73.)
1427 5172 1454 5182 -
1473 5147 1515 5198 it.
1534 5145 1666 5195 oscmdsre
1682 5145 1700 5193 Β
1721 5171 1748 5180 -

410 5223 450 5273 tt.
463 5228 514 5273 toto
527 5224 562 5279 ῦς
581 5223 648 5272 totB
664 5250 690 5259 -
704 5223 745 5271 tt.
758 5224 906 5273 dedidissent
917 5226 968 5272 0-
981 5221 1020 5271 oet
1032 5220 1156 5283 Bentley:
1175 5221 1243 5271 adut
1255 5221 1274 5271 C
1288 5248 1314 5257 -
1329 5220 1494 5283 «Tregderus
1506 5234 1538 5270 ex
1551 5218 1750 5282 wyttenbacbii

410 5299 477 5349 coni.
496 5297 566 5346 vitiis
587 5303 664 5359 etque
684 5299 760 5349 uncis
778 5297 896 5356 inclusit,
917 5295 988 5361 quod
1007 5298 1126 5359 ineptum
1145 5295 1196 5345 sibi
1214 5294 1350 5344 videretur
1367 5296 1466 5359 repeti,
1485 5296 1627 5358 quodiam
1646 5296 1672 5345 in
1690 5295 1751 5343 uni-

410 5384 518 5423 versum
536 5371 638 5422 dlctum
656 5376 742 5422 esset:
766 5374 809 5436 qui
826 5371 985 5421 seimonis
1007 5372 1102 5420 uitiis
1123 5370 1368 5420 contaminavissent.
1397 5373 1444 5431 at,
1469 5372 1596 5435 quoniam
1618 5368 1750 5433 generalis

411 5446 450 5497 illa
468 5447 601 5498 sententia
619 5448 665 5505 iis,
685 5460 754 5510 quae
773 5451 922 5509 sequuntur
936 5447 969 5509 (et
980 5459 1006 5495 se
1016 5472 1053 5483 ·-
1064 5445 1254 5507 concapisseot),
1274 5444 1420 5509 explicatur
1431 5449 1459 5496 et
1470 5445 1604 5503 dividitur,
1624 5440 1686 5493 nihil
1699 5445 1749 5501 est,

411 5536 458 5573 eur
474 5524 571 5572 Cicero
588 5534 641 5572 non
660 5525 775 5585 potuerit
792 5524 909 5587 priorem
928 5525 1032 5586 partem
1049 5521 1218 5569 iomcnonrm
1228 5522 1347 5570 vitiorum
1363 5534 1457 5573 rursus
1474 5523 1592 5585 partiens
1609 5518 1708 5569 leviora
1720 5530 1752 5566 oc

411 5599 492 5647 nisos
515 5599 603 5659 turpia
625 5599 666 5659 (nt
689 5599 841 5654 avaritiam,
867 5597 1011 5656 luxuriam,
1037 5594 1082 5656 al.)
1105 5609 1120 5645 a
1141 5597 1247 5659 itepitiis
1264 5594 1427 5658 distinguere
1447 5596 1487 5659 (ci.
1507 5596 1644 5659 geminum
1661 5590 1750 5642 locum

413 5670 605 5723 Consolationis
623 5685 649 5736 p.
663 5671 711 5723 teo
729 5673 771 5722 ed.
785 5672 863 5722 Orell.
882 5675 952 5721 uitiis
969 5678 992 5721 et
1007 5670 1138 5721 sceleribus
1154 5672 1347 5734 contaminatos)
1365 5674 1444 5735 atque
1461 5673 1582 5721 oitionsm
1599 5668 1706 5719 nomine
1724 5668 1751 5716 in

412 5747 549 5810 angustius
566 5749 703 5797 contracto
721 5745 864 5811 appellare.
890 5746 928 5797 Cl.
950 5748 1003 5797 Fin.
1023 5748 1054 5806 ll,
1073 5746 1105 5796 93
1126 5748 1154 5796 io
1175 5747 1303 5810 {topitioso
1322 5754 1397 5809 etque
1413 5748 1503 5796 vitioso
1519 5747 1581 5795 vito.
1612 5743 1750 5803 Quaenam

414 5820 520 5872 librario
538 5822 663 5884 cuiqnam
677 5821 718 5871 vel
731 5835 809 5872 causa
830 5821 1006 5885 interpolandi
1020 5821 1061 5871 vel
1074 5821 1180 5871 errandi
1192 5822 1298 5872 occasio
1311 5821 1397 5881 luerit,
1411 5821 1517 5883 intelligi
1529 5822 1571 5869 vix
1584 5821 1696 5884 potest.»
1708 5819 1749 5869 W.

418 5896 702 5960 -tteoseoepisseot
724 5898 773 5946 GR
800 5925 826 5933 -
851 5898 925 5945 tisc
947 5924 973 5934 -
997 5895 1256 5946 StabiisCO-
1280 5893 1748 5945 remeato-arnmo-

416 5970 454 6022 to.
467 5973 527 6040 quo]
539 5973 614 6036 qsscsi
625 5973 764 6031 Davisius;
785 5970 836 6021 del.
850 5972 1014 6022 Schuetzins.
1033 5972 1085 6021 Sed
1101 5975 1174 6022 recte
1186 5972 1388 6023 Schoemannus
1399 5971 1497 6035 Opusc.
1510 5969 1591 6021 acad.
1605 5970 1639 6020 111
1649 5981 1677 6033 p.
1687 5967 1749 6018 eoo:
