4342 7459
437 1232 500 1300 lto
886 1232 939 1295 Illi
961 1229 1131 1296 DEORUM
1152 1228 1314 1295 NATURA

438 1395 637 1479 consilioque
666 1393 775 1457 divino
805 1393 913 1456 omnia
938 1392 974 1454 in
995 1392 1055 1454 hoc
1077 1388 1197 1454 mundo
1217 1390 1258 1454 ad
1280 1391 1413 1455 salutem
1437 1390 1577 1455 omnium
1600 1409 1768 1456 oensem·

436 1490 620 1571 tionemque
641 1487 869 1553 admirabiliter
890 1485 1114 1550 administrari.
1528 1500 1531 1505 ’

523 1577 595 1644 133.
617 1582 677 1645 llic
699 1588 832 1664 quaerat
854 1580 1024 1663 quispiam,
1046 1579 1208 1644 cuiusnam
1232 1599 1326 1644 causa
1346 1587 1502 1644 tantarum
1522 1599 1627 1644 rerum
1643 1577 1767 1643 molitio

438 1676 520 1739 lacta
550 1675 604 1737 sit:
632 1675 822 1739 arborumue
851 1680 884 1735 ct
909 1672 1103 1737 herbarum?
1134 1694 1217 1758 quae
1248 1693 1444 1758 quamquam
1474 1674 1543 1737 sine
1564 1691 1663 1738 sensu
1683 1679 1767 1739 sunh

414 1778 543 1833 sumen
565 1789 583 1832 a
606 1777 719 1834 natura
740 1768 947 1832 sustinentur.
980 1768 1021 1830 dt
1042 1767 1073 1829 id
1092 1767 1220 1851 quidem
1235 1768 1405 1832 absurdum
1420 1777 1477 1831 est.
1510 1770 1560 1829 An
1574 1766 1767 1832 bestiarumi

438 1863 544 1926 Nihilo
571 1862 766 1945 probabilius
797 1860 873 1925 deos
902 1869 1059 1924 mutarum
1089 1870 1121 1924 et
1146 1862 1226 1925 nihil
1254 1861 1505 1944 intellegentium
1528 1881 1624 1925 causa
1645 1868 1767 1926 tantum

437 1956 609 2021 lahorasse.
653 1956 796 2031 Quorum
830 1956 926 2038 igitur
953 1974 1049 2018 causa
1076 1956 1147 2039 quis
1174 1955 1291 2020 dixerit
1317 1956 1462 2019 ellectum
1490 1975 1560 2019 esee
1589 1955 1767 2020 mundum?

437 2050 555 2114 Eorum
578 2050 697 2114 scilicet
717 2049 941 2124 animantium,
963 2068 1046 2131 qnae
1061 2050 1184 2112 ratione
1199 2059 1339 2115 utuntur.
1372 2049 1413 2112 lli
1427 2058 1503 2113 sunt
1516 2049 1549 2114 di
1565 2059 1596 2114 et
1610 2049 1768 2125 homiues,

438 2143 554 2228 quibus
576 2142 717 2226 prolecto
740 2143 819 2206 nihil
842 2150 891 2206 est
912 2142 1044 2217 melius,
1066 2143 1147 2206 ratio
1168 2152 1216 2206 est
1231 2144 1334 2218 enim,
1358 2164 1439 2227 quae
1455 2150 1595 2227 praestet
1609 2143 1767 2208 omnibus.

400 2238 485 2301 solta
506 2236 543 2300 lit
564 2237 714 2300 credibile
736 2235 867 2300 deorum
890 2244 920 2300 et
941 2235 1103 2300 hominurn
1126 2257 1221 2300 causa
1235 2237 1351 2301 factum
1368 2257 1437 2301 esse
1453 2238 1605 2302 mundum
1621 2255 1768 2321 quaeque

438 2332 472 2396 in
495 2351 534 2394 eo
557 2332 620 2395 siut
641 2331 757 2394 omnia.
794 2331 872 2393 LIV.
894 2330 1096 2414 Faciliusque
1117 2331 1320 2413 intellegetur
1334 2352 1352 2394 a
1367 2331 1416 2395 dis
1431 2330 1652 2395 inmortalibus
1666 2329 1769 2393 homi·

438 2426 532 2489 nibus
555 2445 625 2489 esse
647 2426 827 2508 provisum,
849 2426 876 2487 si
899 2424 957 2487 erit
978 2431 1044 2487 tota
1065 2424 1203 2488 hominis
1225 2424 1390 2489 lubricatio
1413 2432 1578 2508 perspecta
1599 2423 1768 2505 omnisque

437 2519 594 2583 humanae
628 2527 758 2582 naturae
791 2515 888 2600 figura
918 2526 1015 2601 atque
1043 2518 1205 2600 perfectio.
1248 2515 1320 2580 131.
1348 2520 1426 2582 Nam
1454 2538 1527 2582 enm
1549 2518 1651 2581 tribus
1672 2518 1768 2582 rebus

437 2613 644 2678 animantium
665 2612 729 2675 vita
754 2619 914 2686 teneatur,
943 2607 1028 2686 cibo,
1057 2614 1201 2694 potione,
1224 2612 1353 2695 spiritu,
1375 2613 1415 2676 ad
1436 2612 1645 2676 haecomnia
1666 2613 1768 2696 perci-
1862 2682 1867 2693 ‚

400 2722 429 2769 11
438 2705 556 2790 pienda
578 2725 615 2769 os
637 2714 686 2769 est
707 2706 921 2789 aptissimum,
946 2705 1032 2789 quod
1054 2707 1211 2770 adiunctis
1234 2706 1362 2769 naribus
1378 2707 1491 2789 spiritu
1507 2715 1653 2788 augetur.
1683 2707 1768 2771 Den-

438 2799 523 2864 tibus
556 2806 661 2863 autem
696 2799 730 2862 in
760 2820 815 2862 ore
844 2801 1033 2863 constructis
1060 2800 1218 2863 manditur
1248 2810 1344 2884 atque
1373 2808 1564 2865 extenuatur
1586 2809 1618 2863 et
1639 2801 1769 2866 molitur

438 2892 538 2957 cibus.
582 2893 699 2955 Eorum
728 2892 853 2956 adversi
882 2894 967 2956 acuti
989 2914 1096 2958 morsu
1119 2893 1263 2958 dividunt
1285 2914 1391 2968 escas,
1418 2894 1522 2958 intimi
1544 2902 1648 2958 autem
1671 2891 1769 2959 confi·

438 2987 542 3060 ciunt,
566 2986 621 3070 qui
644 2987 773 3069 genuini
796 2995 964 3061 vocantur,
986 3008 1067 3071 quae
1091 2986 1246 3051 conlectio
1270 2990 1365 3052 etiam
1387 3009 1406 3051 a
1428 2990 1537 3071 lingua
1557 2987 1702 3051 adiuvari
1723 2988 1769 3052 vi·

439 3082 539 3145 detur.
584 3077 655 3144 135.
678 3082 831 3164 Linguam
854 3088 959 3144 autem
982 3083 1022 3144 ad
1045 3081 1169 3146 radices
1191 3083 1259 3145 eius
1280 3082 1414 3146 haerens
1436 3084 1557 3166 excipit
1577 3082 1769 3157 stomachus,

400 3189 503 3261 atquo
525 3176 660 3259 primum
683 3175 867 3239 inlabuntur
888 3195 940 3250 ea,
964 3194 1047 3259 qnae
1070 3184 1199 3259 accepta
1220 3184 1294 3239 sunt
1315 3197 1380 3239 ore.
1416 3177 1446 3240 Is
1468 3186 1601 3260 utraque
1625 3197 1666 3240 ex
1681 3184 1769 3259 parte

437 3270 558 3335 tosillas
579 3270 738 3351 attingens
760 3268 865 3350 palato
888 3278 1030 3333 extremo
1052 3279 1148 3354 atque
1170 3271 1282 3333 intimo
1304 3272 1497 3334 terminatur.
1535 3274 1641 3356 Atque
1660 3272 1689 3336 is
1704 3273 1769 3354 agi·

437 3366 556 3428 tatione
578 3371 610 3426 et
632 3364 769 3425 motibus
792 3362 917 3443 linguae
939 3383 1009 3425 cum
1034 3363 1203 3446 depulsum
1226 3371 1258 3427 et
1275 3364 1364 3448 quasi
1381 3364 1542 3428 detrusum
1558 3366 1664 3429 cibum
1680 3385 1769 3430 acce·

437 3457 502 3540 pit,
524 3457 666 3539 depellit.
701 3456 803 3540 lpsius
826 3466 931 3519 autem
954 3464 1059 3539 partes
1083 3478 1155 3532 eae,
1186 3479 1268 3540 quae
1291 3468 1364 3522 sunt
1385 3458 1466 3522 inira
1488 3479 1584 3543 quam
1606 3460 1657 3536 id,
1681 3461 1768 3545 quod

438 3552 624 3625 devoratur,
653 3550 838 3622 dilatantur,
866 3571 949 3634 quae
971 3561 1076 3614 autem
1099 3573 1211 3634 supra,
1234 3552 1471 3616 contrabuntur.
1516 3549 1673 3616 1311811
1696 3575 1768 3618 cum

401 3658 550 3728 toaspera
572 3645 700 3716 arteria,
724 3643 769 3705 sic
792 3645 876 3706 enim
899 3665 918 3706 a
941 3644 1071 3707 medicis
1094 3645 1286 3728 appellatur,
1310 3648 1424 3710 ostium
1448 3647 1562 3710 babeat
1583 3646 1768 3713 adiunctum

434 3738 564 3820 linguae
585 3738 761 3810 radicibus,
790 3738 886 3818 paulo
909 3758 1005 3819 supra
1033 3758 1126 3820 quarn
1149 3740 1187 3802 ad
1215 3739 1352 3821 linguam
1376 3740 1557 3803 stomachus
1578 3741 1767 3818 adnectitur,

436 3851 538 3915 eaque
560 3831 600 3893 ad
623 3830 788 3912 pulmones
804 3851 907 3914 usque
923 3832 1078 3914 pertineat
1093 3833 1295 3915 excipiatque
1311 3834 1466 3908 animam,
1488 3855 1558 3898 eam
1574 3855 1656 3917 quae
1672 3834 1768 3903 duco

436 3935 485 3990 est
506 3925 631 4007 spiritu,
653 3923 852 4007 eandemque
873 3944 892 3987 a
914 3925 1117 4007 pulmonibus
1140 3929 1275 4009 respiret
1295 3936 1327 3991 et
1347 3929 1474 4001 reddat,
1496 3931 1613 4012 tegitur
1629 3932 1768 4012 quodam

436 4021 527 4102 quasi
557 4017 724 4102 operculo,
755 4018 840 4101 quod
870 4019 911 4080 ob
939 4037 1008 4081 earn
1031 4038 1157 4082 causam
1182 4020 1372 4096 detumeat,
1402 4042 1460 4096 ne,
1490 4024 1515 4085 si
1539 4023 1616 4106 qnid
1640 4025 1672 4087 in
1697 4046 1766 4090 eam

400 4114 498 4177 tocihi
521 4113 601 4176 lorte
623 4111 801 4185 incidisset,
826 4112 955 4194 spiritus
979 4113 1194 4194 impediretur.
1234 4116 1295 4177 Sed
1317 4137 1388 4179 curn
1411 4117 1473 4178 alvi
1497 4126 1607 4180 natura
1622 4119 1766 4183 subiecta

435 4205 598 4269 stomacho
622 4207 683 4268 cibi
708 4215 739 4268 et
761 4208 901 4288 potionis
923 4208 964 4268 sit
985 4208 1235 4288 receptaculum,
1266 4210 1432 4291 pulmones
1455 4218 1559 4272 autem
1583 4221 1615 4274 et
1637 4233 1692 4276 cor
1713 4233 1768 4276 ex·

340 4332 344 4341 ·
436 4300 591 4363 trinsecus
621 4300 765 4382 spiritum
794 4300 925 4373 ducant,
954 4302 986 4363 in
1009 4301 1080 4363 alvo
1104 4302 1201 4363 mulla
1225 4313 1296 4364 sunt
1319 4303 1505 4366 mirabiliter
1527 4305 1654 4379 clienta,
1685 4326 1767 4389 quae

436 4403 557 4458 constat
579 4394 643 4456 lere
667 4416 683 4456 e
708 4395 822 4456 nervis.
859 4396 915 4456 Est
937 4403 1041 4456 autem
1065 4394 1230 4476 multiplex
1253 4405 1283 4457 et
1306 4405 1447 4459 tortuosa
1470 4409 1619 4481 arcetque
1642 4411 1673 4462 et
1692 4422 1768 4465 con·

436 4489 531 4561 tinet,
554 4489 621 4551 sive
643 4487 722 4550 illud
745 4488 867 4550 aridum
892 4496 941 4550 est
963 4489 1030 4550 sive
1053 4491 1194 4550 umidum
1218 4491 1302 4573 qnod
1326 4493 1462 4574 recepit,
1485 4502 1521 4556 ut
1543 4494 1573 4555 id
1598 4496 1713 4557 mutari
1735 4504 1768 4559 et

400 4582 593 4665 soconcoqui
608 4582 723 4663 possit,
747 4602 848 4665 eaque
864 4591 929 4645 tum
945 4584 1142 4665 astringitur,
1165 4592 1230 4646 tum
1247 4585 1414 4659 relaxatur,
1438 4594 1535 4670 atque
1554 4607 1658 4662 omne,
1680 4588 1767 4672 quod

435 4677 574 4759 accepit,
597 4677 680 4757 cogit
702 4685 735 4738 et
756 4675 937 4749 confundit,
959 4685 993 4738 ul
1015 4675 1108 4738 lacile
1132 4686 1163 4739 et
1185 4678 1306 4752 calore,
1330 4700 1423 4761 quem
1445 4682 1577 4744 multum
1599 4682 1712 4757 habet,
1735 4692 1768 4746 et

502 4890 525 4940 3.
545 4890 590 4938 llic
608 4893 715 4950 quaerut
733 4888 792 4937 cod.
807 4890 903 4951 Regius
915 4886 1048 4938 Walleri:
1068 4891 1107 4937 sin
1125 4896 1226 4950 quaeret
1243 4888 1304 4941 11-
1326 4891 1349 4940 6.
1364 4897 1494 4940 maturum
1510 4891 1546 4943 ti:
1566 4898 1693 4944 mulonem
1705 4895 1765 4945 cod.

436 4962 624 5027 Glogaviensis,
639 4966 658 5013 0
679 4991 704 4999 —
725 4963 748 5012 9.
766 4969 875 5024 praestet
893 4967 923 5024 (s.
934 4965 1032 5024 prestet)
1049 4962 1085 5014 ⁸11:
1107 4972 1220 5025 praestet
1231 4968 1260 5015 0.
1281 4967 1319 5016 Cl.
1338 4968 1440 5028 hludvig
1459 4968 1492 5015 ad
1505 4969 1559 5016 Cic.
1573 4968 1607 5017 de
1621 4969 1674 5017 fin.
1688 4982 1714 5032 p.
1724 4970 1765 5019 91.

438 5066 464 5077 -
485 5041 525 5088 ll.
544 5054 572 5088 co
591 5040 625 5087 E:
646 5051 674 5087 eo
690 5040 782 5087 mundo
799 5042 817 5088 Α
830 5040 878 5088 Bc
891 5039 938 5087 PV
959 5067 984 5077 -
1004 5040 1155 5103 intellegitur
1172 5039 1194 5091 ‘ll
1214 5069 1240 5077 -
1262 5041 1300 5090 13.
1317 5044 1437 5103 profectio
1455 5043 1504 5091 Ch·
1523 5068 1549 5077 —
1570 5043 1610 5092 16.
1629 5045 1769 5094 constrictis

435 5114 458 5163 ll
474 5142 498 5150 -
518 5119 593 5173 utque
610 5126 674 5162 nos:
695 5118 770 5174 atquc
786 5113 818 5160 ab
834 5114 865 5160 iis
881 5114 1008 5175 ACPV3
1026 5122 1103 5177 elque
1119 5116 1151 5165 ab
1168 5118 1205 5166 liis
1223 5119 1317 5176 BEO;
1337 5117 1368 5166 uh
1380 5120 1416 5166 iiis
1428 5125 1502 5179 alque
1514 5119 1723 5170 Schoemannus.
1738 5144 1764 5156 -

435 5190 539 5238 molitur
555 5189 590 5238 B:
609 5188 721 5236 mollitur
737 5191 757 5238 Α
768 5189 787 5237 C
798 5188 817 5237 E
828 5189 845 5236 P
856 5188 876 5234 V
890 5215 916 5224 -
937 5191 976 5239 17.
997 5205 1082 5240 aescae
1099 5195 1119 5241 Α
1130 5193 1148 5242 C
1159 5192 1180 5238 V
1196 5219 1220 5229 -
1241 5194 1281 5242 20.
1296 5200 1352 5241 suot
1364 5207 1414 5242 ore.
1434 5196 1457 5242 ls
1470 5196 1599 5243 Manutius
1611 5210 1616 5241 :
1635 5201 1701 5244 sant.
1716 5196 1768 5244 oris

436 5263 475 5321 U,
493 5270 562 5324 1111,
581 5270 604 5313 ei
620 5265 671 5312 oris
689 5263 730 5313 ed.
751 5265 921 5324 llervaginna.
944 5291 969 5300 -
990 5267 1030 5315 ai,
1050 5269 1145 5317 tosillas
1162 5268 1299 5317 ABEPV
1317 5271 1455 5323 (interret
1467 5272 1475 5316 i
1488 5268 1571 5319 littera
1590 5282 1666 5319 erasa
1681 5272 1706 5320 in
1719 5270 1764 5329 Vl:

435 5340 542 5390 tossidm
560 5339 597 5394 C,
616 5339 727 5387 tonellos
744 5340 763 5387 0
785 5366 809 5373 -
830 5340 850 5386 is
868 5353 936 5388 corr.
952 5341 976 5389 11
994 5341 1031 5390 liis
1048 5343 1085 5397 C;
1105 5343 1143 5390 lis
1159 5343 1241 5391 AEV
1255 5369 1281 5377 -
1300 5344 1340 5392 13.
1360 5344 1429 5405 infra
1446 5358 1540 5403 aquom
1556 5346 1583 5393 id
1600 5349 1705 5406 (uquam
1717 5346 1767 5395 de·

434 5413 517 5464 letum
535 5414 584 5472 estl
602 5415 620 5463 ll
645 5439 670 5449 -
694 5416 734 5462 15,
754 5414 880 5474 apellatur
896 5417 916 5463 Α
936 5441 961 5450 -
987 5416 1028 5464 11.
1048 5431 1078 5465 eo
1096 5430 1160 5478 quoe
1176 5418 1210 5465 ud
1226 5418 1276 5466 Ac
1289 5418 1308 5463 V
1335 5444 1360 5453 -
1385 5432 1440 5467 eom
1458 5433 1522 5481 price
1538 5420 1614 5467 ducto
1629 5422 1661 5469 rit
1676 5421 1768 5483 miritis

435 5490 586 5549 nudamque
606 5501 675 5538 corr.
695 5489 719 5536 in
742 5502 771 5537 eo
793 5502 844 5550 quo
865 5490 965 5539 eductus
985 5492 1016 5538 sil
1034 5493 1137 5553 spiritus
1153 5494 1286 5553 eademque
1304 5492 1333 5551 V,
1353 5493 1400 5541 sed
1420 5495 1444 5543 in
1463 5495 1580 5556 margine
1599 5496 1671 5558 prior
1688 5495 1766 5546 lectio

435 5566 555 5616 restituta
573 5567 623 5613 est.
638 5589 664 5598 -
684 5565 724 5613 28.
744 5569 778 5613 est
796 5562 926 5614 Klotzins:
946 5565 977 5613 sil
995 5564 1047 5616 ⁸210
1069 5593 1093 5602 -
1113 5566 1138 5630 o]
1157 5567 1191 5614 od
1208 5569 1270 5615 1-
1290 5570 1362 5628 quasi
1374 5570 1514 5629 quodamo
1532 5595 1558 5604 —
1577 5570 1617 5618 29.
1635 5583 1692 5619 eom
1704 5573 1766 5621 ante

434 5653 540 5689 muscas
557 5651 627 5688 corr.
647 5639 672 5686 in
690 5652 766 5699 quam
785 5639 844 5686 v-
865 5646 900 5687 cst
916 5642 964 5688 nisi
981 5642 1047 5702 quod
1063 5643 1084 5689 si
1101 5642 1127 5689 in
1145 5643 1174 5702 (si
1191 5644 1336 5703 superser)
1355 5642 1374 5689 V
1389 5667 1415 5677 -
1435 5645 1501 5702 quod
1519 5644 1596 5693 BCV
1617 5671 1643 5681 -
1664 5645 1704 5695 32.
1717 5647 1766 5694 ds-

434 5721 494 5765 coat
510 5715 607 5765 Alte:
631 5714 756 5762 11111111
779 5715 815 5770 Ε;
838 5715 966 5764 adducant
989 5717 1068 5765 PVO
1090 5715 1130 5780 (in
1149 5717 1169 5764 V
1188 5718 1375 5780 compendium
1399 5720 1591 5770 terminationis
1607 5734 1640 5768 ur
1657 5733 1765 5771 erasum

435 5792 487 5849 esti
507 5816 534 5824 -
557 5789 585 5838 lo
607 5789 658 5838 alio
681 5792 699 5839 P
722 5816 749 5824 -
777 5789 948 5839 3311111111
970 5792 1079 5841 ABEV
1105 5817 1128 5828 -
1157 5791 1198 5841 31.
1219 5792 1347 5840 humidum
1370 5790 1421 5843 110
1446 5820 1472 5829 -
1497 5796 1585 5857 recipit
1608 5796 1716 5846 CEPV
1736 5821 1763 5834 -

434 5863 476 5915 ao.
494 5866 615 5927 concoqui
631 5867 713 5926 (coqui
729 5877 765 5915 m.
785 5878 840 5915 sec.
859 5867 884 5915 11
903 5868 963 5926 ras.)
981 5870 1015 5925 A,
1038 5869 1162 5930 cooquooi
1179 5868 1199 5919 E
1217 5894 1243 5903 -
1270 5868 1310 5919 36.
1329 5870 1420 5932 occipit
1436 5863 1523 5920 B²CP
1544 5898 1571 5908 -
1588 5871 1698 5921 1111111
1713 5871 1764 5926 ΑΒ

435 5939 484 5991 ev
502 5942 580 6005 lcorr.
600 5953 631 5991 ex
650 5941 814 6002 1111111111,
833 5941 858 5993 11
875 5942 1009 6006 11111111).
