<?xml version="1.0" encoding="UTF-8"?>
<!DOCTYPE html PUBLIC "-//W3C//DTD XHTML 1.0 Transitional//EN"
    "http://www.w3.org/TR/xhtml1/DTD/xhtml1-transitional.dtd">
<html xmlns="http://www.w3.org/1999/xhtml" xml:lang="en" lang="en">
 <head>
  <title>
</title>
<meta http-equiv="Content-Type" content="text/html;charset=utf-8" />
  <meta name='ocr-system' content='tesseract 3.04.00' />
  <meta name='ocr-capabilities' content='ocr_page ocr_carea ocr_par ocr_line ocrx_word'/>
</head>
<body>
  <div class='ocr_page' id='page_1' title='image "./operaquaesupers00halmgoog/operaquaesupers00halmgoog_0969.png"; bbox 0 0 4342 7459; ppageno 0'>
   <div class='ocr_carea' id='block_1_1' title="bbox 942 1226 1200 1303">
    <p class='ocr_par' dir='ltr' id='par_1_1' title="bbox 942 1226 1200 1303">
     <span class='ocr_line' id='line_1_1' title="bbox 942 1226 1200 1303; baseline 0.008 -4"><span class='ocrx_word' id='word_1_1' title='bbox 942 1226 1200 1303; x_wconf 52' lang='lat' dir='ltr'>amabunt&amp;</span> 
     </span>
    </p>
   </div>
   <div class='ocr_carea' id='block_1_2' title="bbox 410 1394 1777 2511">
    <p class='ocr_par' dir='ltr' id='par_1_2' title="bbox 677 1394 1349 1466">
     <span class='ocr_line' id='line_1_2' title="bbox 677 1394 1349 1466; baseline 0 -15"><span class='ocrx_word' id='word_1_2' title='bbox 677 1395 731 1453; x_wconf 69' lang='lat' dir='ltr'>titt</span> <span class='ocrx_word' id='word_1_3' title='bbox 748 1395 903 1450; x_wconf 74' lang='lat' dir='ltr'>nominabit</span> <span class='ocrx_word' id='word_1_4' title='bbox 922 1394 1100 1458; x_wconf 70' lang='lat' dir='ltr'><strong><em>Phaedriam,</em></strong></span> <span class='ocrx_word' id='word_1_5' title='bbox 1123 1403 1152 1450; x_wconf 79' lang='lat' dir='ltr'>tc</span> <span class='ocrx_word' id='word_1_6' title='bbox 1173 1395 1349 1466; x_wconf 75' lang='lat' dir='ltr'>Pamphilam</span> 
     </span>
    </p>

    <p class='ocr_par' dir='ltr' id='par_1_3' title="bbox 676 1487 1445 1560">
     <span class='ocr_line' id='line_1_3' title="bbox 676 1487 1445 1560; baseline 0 -14"><span class='ocrx_word' id='word_1_7' title='bbox 676 1488 817 1546; x_wconf 73' lang='lat' dir='ltr'><em>Continuo.</em></span> <span class='ocrx_word' id='word_1_8' title='bbox 859 1487 891 1545; x_wconf 91' lang='lat' dir='ltr'>Si</span> <span class='ocrx_word' id='word_1_9' title='bbox 911 1491 1022 1560; x_wconf 78' lang='lat' dir='ltr'>quando</span> <span class='ocrx_word' id='word_1_10' title='bbox 1040 1492 1093 1545; x_wconf 85' lang='lat' dir='ltr'>illa</span> <span class='ocrx_word' id='word_1_11' title='bbox 1111 1491 1192 1557; x_wconf 81' lang='lat' dir='ltr'>dicet,</span> <span class='ocrx_word' id='word_1_12' title='bbox 1215 1490 1381 1546; x_wconf 74' lang='lat' dir='ltr'><strong><em>Phaedriam</em></strong></span> <span class='ocrx_word' id='word_1_13' title='bbox 1399 1492 1445 1546; x_wconf 78' lang='lat' dir='ltr'>ia-</span> 
     </span>
    </p>

    <p class='ocr_par' dir='ltr' id='par_1_4' title="bbox 674 1586 1331 1656">
     <span class='ocr_line' id='line_1_4' title="bbox 674 1586 1331 1656; baseline 0.003 -17"><span class='ocrx_word' id='word_1_14' title='bbox 674 1589 859 1640; x_wconf 81' lang='lat' dir='ltr'>tromtttamur</span> <span class='ocrx_word' id='word_1_15' title='bbox 877 1587 1069 1641; x_wconf 79' lang='lat' dir='ltr'>comissatum:</span> <span class='ocrx_word' id='word_1_16' title='bbox 1092 1593 1131 1648; x_wconf 79' lang='lat' dir='ltr'>tc,</span> <span class='ocrx_word' id='word_1_17' title='bbox 1157 1586 1331 1656; x_wconf 78' lang='lat' dir='ltr'><strong><em>Pamphilam</em></strong></span> 
     </span>
    </p>

    <p class='ocr_par' dir='ltr' id='par_1_5' title="bbox 677 1678 1331 1751">
     <span class='ocr_line' id='line_1_5' title="bbox 677 1678 1331 1751; baseline 0 -15"><span class='ocrx_word' id='word_1_18' title='bbox 677 1680 822 1736; x_wconf 75' lang='lat' dir='ltr'>Cantatum</span> <span class='ocrx_word' id='word_1_19' title='bbox 839 1697 1026 1751; x_wconf 75' lang='lat' dir='ltr'>provocemus.</span> <span class='ocrx_word' id='word_1_20' title='bbox 1068 1678 1100 1736; x_wconf 87' lang='lat' dir='ltr'>Si</span> <span class='ocrx_word' id='word_1_21' title='bbox 1119 1681 1245 1736; x_wconf 75' lang='lat' dir='ltr'>laudabit</span> <span class='ocrx_word' id='word_1_22' title='bbox 1265 1681 1331 1736; x_wconf 81' lang='lat' dir='ltr'>loeo</span> 
     </span>
    </p>

    <p class='ocr_par' dir='ltr' id='par_1_6' title="bbox 673 1773 1761 1941">
     <span class='ocr_line' id='line_1_6' title="bbox 674 1773 1761 1846; baseline 0.001 -17"><span class='ocrx_word' id='word_1_23' title='bbox 674 1774 754 1830; x_wconf 75' lang='lat' dir='ltr'>llliae</span> <span class='ocrx_word' id='word_1_24' title='bbox 775 1777 905 1844; x_wconf 75' lang='lat' dir='ltr'>sormam,</span> <span class='ocrx_word' id='word_1_25' title='bbox 928 1781 957 1830; x_wconf 88' lang='lat' dir='ltr'>ta</span> <span class='ocrx_word' id='word_1_26' title='bbox 976 1777 1058 1830; x_wconf 74' lang='lat' dir='ltr'>laius</span> <span class='ocrx_word' id='word_1_27' title='bbox 1077 1782 1184 1830; x_wconf 83' lang='lat' dir='ltr'>eontra.</span> <span class='ocrx_word' id='word_1_28' title='bbox 1224 1774 1347 1846; x_wconf 71' lang='lat' dir='ltr'>Denique</span> <span class='ocrx_word' id='word_1_29' title='bbox 1747 1773 1761 1819; x_wconf 85' lang='grc'>5</span> 
     </span>
     <span class='ocr_line' id='line_1_7' title="bbox 673 1869 1341 1941; baseline 0 -16"><span class='ocrx_word' id='word_1_30' title='bbox 673 1869 731 1925; x_wconf 84' lang='lat' dir='ltr'>Par</span> <span class='ocrx_word' id='word_1_31' title='bbox 747 1886 800 1940; x_wconf 86' lang='lat' dir='ltr'>pro</span> <span class='ocrx_word' id='word_1_32' title='bbox 817 1871 884 1940; x_wconf 88' lang='lat' dir='ltr'>pari</span> <span class='ocrx_word' id='word_1_33' title='bbox 901 1872 1013 1939; x_wconf 69' lang='lat' dir='ltr'>referto,</span> <span class='ocrx_word' id='word_1_34' title='bbox 1035 1871 1110 1941; x_wconf 83' lang='lat' dir='ltr'>qaod</span> <span class='ocrx_word' id='word_1_35' title='bbox 1128 1886 1189 1925; x_wconf 85' lang='lat' dir='ltr'>eam</span> <span class='ocrx_word' id='word_1_36' title='bbox 1208 1872 1341 1926; x_wconf 82' lang='lat' dir='ltr'>mordeat.</span> 
     </span>
    </p>

    <p class='ocr_par' dir='ltr' id='par_1_7' title="bbox 410 1954 1777 2511">
     <span class='ocr_line' id='line_1_8' title="bbox 487 1954 1737 2040; baseline -0.006 -18"><span class='ocrx_word' id='word_1_37' title='bbox 487 1961 539 2023; x_wconf 87' lang='lat' dir='ltr'>Sic</span> <span class='ocrx_word' id='word_1_38' title='bbox 558 1960 653 2040; x_wconf 91' lang='lat' dir='ltr'>petivi</span> <span class='ocrx_word' id='word_1_39' title='bbox 672 1978 690 2021; x_wconf 90' lang='lat' dir='ltr'>a</span> <span class='ocrx_word' id='word_1_40' title='bbox 709 1957 876 2037; x_wconf 91' lang='lat' dir='ltr'>iudicibus,</span> <span class='ocrx_word' id='word_1_41' title='bbox 896 1968 942 2036; x_wconf 87' lang='lat' dir='ltr'>ut,</span> <span class='ocrx_word' id='word_1_42' title='bbox 963 1960 1109 2038; x_wconf 90' lang='lat' dir='ltr'>quoniam</span> <span class='ocrx_word' id='word_1_43' title='bbox 1130 1959 1257 2040; x_wconf 89' lang='lat' dir='ltr'>quidam</span> <span class='ocrx_word' id='word_1_44' title='bbox 1278 1959 1399 2020; x_wconf 91' lang='lat' dir='ltr'>nobiles</span> <span class='ocrx_word' id='word_1_45' title='bbox 1417 1957 1556 2018; x_wconf 88' lang='lat' dir='ltr'>homines</span> <span class='ocrx_word' id='word_1_46' title='bbox 1577 1954 1668 2017; x_wconf 90' lang='lat' dir='ltr'>etde</span> <span class='ocrx_word' id='word_1_47' title='bbox 1687 1974 1737 2016; x_wconf 90' lang='lat' dir='ltr'>me</span> 
     </span>
     <span class='ocr_line' id='line_1_9' title="bbox 412 2053 1738 2136; baseline -0.004 -20"><span class='ocrx_word' id='word_1_48' title='bbox 412 2055 527 2135; x_wconf 90' lang='lat' dir='ltr'>optime</span> <span class='ocrx_word' id='word_1_49' title='bbox 553 2054 651 2114; x_wconf 87' lang='lat' dir='ltr'>meriti</span> <span class='ocrx_word' id='word_1_50' title='bbox 681 2053 771 2114; x_wconf 88' lang='lat' dir='ltr'>nimis</span> <span class='ocrx_word' id='word_1_51' title='bbox 799 2062 940 2115; x_wconf 89' lang='lat' dir='ltr'>amarent</span> <span class='ocrx_word' id='word_1_52' title='bbox 965 2055 1121 2115; x_wconf 88' lang='lat' dir='ltr'>inimicum</span> <span class='ocrx_word' id='word_1_53' title='bbox 1151 2073 1270 2131; x_wconf 91' lang='lat' dir='ltr'>meum,</span> <span class='ocrx_word' id='word_1_54' title='bbox 1295 2072 1408 2136; x_wconf 91' lang='lat' dir='ltr'>meque</span> <span class='ocrx_word' id='word_1_55' title='bbox 1428 2054 1622 2133; x_wconf 74' lang='lat' dir='ltr'>inspectante</span> <span class='ocrx_word' id='word_1_56' title='bbox 1642 2068 1738 2131; x_wconf 81' lang='lat' dir='ltr'><strong><em>saepe</em></strong></span> 
     </span>
     <span class='ocr_line' id='line_1_10' title="bbox 411 2144 1738 2225; baseline -0.002 -17"><span class='ocrx_word' id='word_1_57' title='bbox 411 2166 482 2208; x_wconf 89' lang='lat' dir='ltr'>eum</span> <span class='ocrx_word' id='word_1_58' title='bbox 501 2148 533 2207; x_wconf 93' lang='lat' dir='ltr'>iu</span> <span class='ocrx_word' id='word_1_59' title='bbox 553 2154 664 2208; x_wconf 88' lang='lat' dir='ltr'>senatu</span> <span class='ocrx_word' id='word_1_60' title='bbox 692 2146 783 2208; x_wconf 90' lang='lat' dir='ltr'>modo</span> <span class='ocrx_word' id='word_1_61' title='bbox 811 2166 921 2209; x_wconf 87' lang='lat' dir='ltr'>severe</span> <span class='ocrx_word' id='word_1_62' title='bbox 949 2147 1154 2225; x_wconf 79' lang='lat' dir='ltr'>seducerent,</span> <span class='ocrx_word' id='word_1_63' title='bbox 1185 2146 1277 2208; x_wconf 91' lang='lat' dir='ltr'>modo</span> <span class='ocrx_word' id='word_1_64' title='bbox 1306 2147 1494 2209; x_wconf 75' lang='lat' dir='ltr'>familiariter</span> <span class='ocrx_word' id='word_1_65' title='bbox 1520 2154 1613 2224; x_wconf 91' lang='lat' dir='ltr'>atque</span> <span class='ocrx_word' id='word_1_66' title='bbox 1641 2144 1738 2206; x_wconf 88' lang='lat' dir='ltr'>bilare</span> 
     </span>
     <span class='ocr_line' id='line_1_11' title="bbox 411 2238 1777 2321; baseline -0.004 -18"><span class='ocrx_word' id='word_1_67' title='bbox 411 2240 680 2321; x_wconf 81' lang='lat' dir='ltr'>amplexarentur,</span> <span class='ocrx_word' id='word_1_68' title='bbox 703 2243 914 2321; x_wconf 88' lang='lat' dir='ltr'>quoniamque</span> <span class='ocrx_word' id='word_1_69' title='bbox 934 2241 976 2302; x_wconf 92' lang='lat' dir='ltr'>illi</span> <span class='ocrx_word' id='word_1_70' title='bbox 996 2242 1150 2303; x_wconf 91' lang='lat' dir='ltr'>baberent</span> <span class='ocrx_word' id='word_1_71' title='bbox 1169 2261 1261 2303; x_wconf 91' lang='lat' dir='ltr'>suum</span> <span class='ocrx_word' id='word_1_72' title='bbox 1281 2241 1438 2318; x_wconf 87' lang='lat' dir='ltr'>Publium,</span> <span class='ocrx_word' id='word_1_73' title='bbox 1459 2241 1570 2302; x_wconf 90' lang='lat' dir='ltr'>darent</span> <span class='ocrx_word' id='word_1_74' title='bbox 1588 2240 1659 2300; x_wconf 90' lang='lat' dir='ltr'>mibi</span> <span class='ocrx_word' id='word_1_75' title='bbox 1678 2239 1738 2318; x_wconf 88' lang='lat' dir='ltr'>ipsi</span> <span class='ocrx_word' id='word_1_76' title='bbox 1748 2238 1777 2284; x_wconf 80' lang='lat'>⁴⁰</span> 
     </span>
     <span class='ocr_line' id='line_1_12' title="bbox 411 2325 1739 2415; baseline -0.002 -19"><span class='ocrx_word' id='word_1_77' title='bbox 411 2335 503 2397; x_wconf 91' lang='lat' dir='ltr'>alium</span> <span class='ocrx_word' id='word_1_78' title='bbox 525 2334 676 2413; x_wconf 90' lang='lat' dir='ltr'>Publium,</span> <span class='ocrx_word' id='word_1_79' title='bbox 697 2337 728 2396; x_wconf 91' lang='lat' dir='ltr'>in</span> <span class='ocrx_word' id='word_1_80' title='bbox 743 2354 804 2415; x_wconf 93' lang='lat' dir='ltr'>quo</span> <span class='ocrx_word' id='word_1_81' title='bbox 825 2325 951 2415; x_wconf 73' lang='lat' dir='ltr'>pbssem</span> <span class='ocrx_word' id='word_1_82' title='bbox 972 2336 1093 2398; x_wconf 90' lang='lat' dir='ltr'>illorum</span> <span class='ocrx_word' id='word_1_83' title='bbox 1113 2337 1233 2399; x_wconf 91' lang='lat' dir='ltr'>animos</span> <span class='ocrx_word' id='word_1_84' title='bbox 1254 2337 1452 2398; x_wconf 90' lang='lat' dir='ltr'>mediocriter</span> <span class='ocrx_word' id='word_1_85' title='bbox 1464 2334 1639 2407; x_wconf 88' lang='lat' dir='ltr'>lacessitus,</span> <span class='ocrx_word' id='word_1_86' title='bbox 1659 2333 1739 2394; x_wconf 87' lang='lat' dir='ltr'>levi-</span> 
     </span>
     <span class='ocr_line' id='line_1_13' title="bbox 410 2429 1281 2511; baseline 0.003 -21"><span class='ocrx_word' id='word_1_87' title='bbox 410 2437 458 2490; x_wconf 91' lang='lat' dir='ltr'>ter</span> <span class='ocrx_word' id='word_1_88' title='bbox 475 2448 661 2510; x_wconf 86' lang='lat' dir='ltr'>repungere.</span> <span class='ocrx_word' id='word_1_89' title='bbox 702 2430 790 2507; x_wconf 80' lang='lat' dir='ltr'>(Cio.</span> <span class='ocrx_word' id='word_1_90' title='bbox 811 2429 853 2491; x_wconf 89' lang='lat' dir='ltr'>ad</span> <span class='ocrx_word' id='word_1_91' title='bbox 875 2431 941 2491; x_wconf 86' lang='lat' dir='ltr'>Div.</span> <span class='ocrx_word' id='word_1_92' title='bbox 963 2430 982 2491; x_wconf 93' lang='lat' dir='ltr'>l.</span> <span class='ocrx_word' id='word_1_93' title='bbox 1004 2431 1026 2491; x_wconf 93' lang='lat' dir='ltr'>l.</span> <span class='ocrx_word' id='word_1_94' title='bbox 1050 2449 1100 2511; x_wconf 93' lang='lat' dir='ltr'>ep.</span> <span class='ocrx_word' id='word_1_95' title='bbox 1125 2436 1153 2493; x_wconf 87' lang='lat'>9.</span> <span class='ocrx_word' id='word_1_96' title='bbox 1174 2433 1202 2509; x_wconf 71' lang='lat'>§-</span> <span class='ocrx_word' id='word_1_97' title='bbox 1225 2431 1281 2509; x_wconf 85' lang='lat' dir='ltr'>ta.)</span> 
     </span>
    </p>
   </div>
   <div class='ocr_carea' id='block_1_3' title="bbox 410 2543 1777 3098">
    <p class='ocr_par' dir='ltr' id='par_1_8' title="bbox 410 2543 1777 2903">
     <span class='ocr_line' id='line_1_14' title="bbox 484 2543 1739 2624; baseline -0.004 -19"><span class='ocrx_word' id='word_1_98' title='bbox 484 2545 512 2605; x_wconf 83' lang='lat'>2.</span> <span class='ocrx_word' id='word_1_99' title='bbox 543 2543 775 2606; x_wconf 86' lang='lat' dir='ltr'>Scholiasta</span> <span class='ocrx_word' id='word_1_100' title='bbox 795 2544 1077 2607; x_wconf 89' lang='lat' dir='ltr'>Bobiensisad</span> <span class='ocrx_word' id='word_1_101' title='bbox 1099 2547 1247 2624; x_wconf 88' lang='lat' dir='ltr'>lnterrog.</span> <span class='ocrx_word' id='word_1_102' title='bbox 1268 2546 1370 2607; x_wconf 89' lang='lat' dir='ltr'>Vatiu.</span> <span class='ocrx_word' id='word_1_103' title='bbox 1392 2564 1419 2605; x_wconf 87' lang='lat' dir='ltr'>c.</span> <span class='ocrx_word' id='word_1_104' title='bbox 1441 2547 1469 2604; x_wconf 90' lang='grc'>6.</span> <span class='ocrx_word' id='word_1_105' title='bbox 1513 2545 1739 2617; x_wconf 76' lang='lat' dir='ltr'>TapaiuPp-</span> 
     </span>
     <span class='ocr_line' id='line_1_15' title="bbox 411 2635 1740 2725; baseline -0.002 -28"><span class='ocrx_word' id='word_1_106' title='bbox 411 2643 570 2713; x_wconf 74' lang='lat' dir='ltr'>tlrapoream</span> <span class='ocrx_word' id='word_1_107' title='bbox 597 2642 664 2697; x_wconf 74' lang='lat' dir='ltr'>soler</span> <span class='ocrx_word' id='word_1_108' title='bbox 693 2635 792 2721; x_wconf 82' lang='lat' dir='ltr'>dicere]</span> <span class='ocrx_word' id='word_1_109' title='bbox 828 2641 891 2699; x_wconf 88' lang='lat' dir='ltr'>lloe</span> <span class='ocrx_word' id='word_1_110' title='bbox 917 2639 1019 2719; x_wconf 91' lang='lat' dir='ltr'>ipsum</span> <span class='ocrx_word' id='word_1_111' title='bbox 1046 2639 1239 2725; x_wconf 33' lang='lat' dir='ltr'>plenissime·</span> <span class='ocrx_word' id='word_1_112' title='bbox 1256 2640 1399 2719; x_wconf 85' lang='lat' dir='ltr'>purgavit</span> <span class='ocrx_word' id='word_1_113' title='bbox 1424 2647 1517 2718; x_wconf 89' lang='lat' dir='ltr'>atquc</span> <span class='ocrx_word' id='word_1_114' title='bbox 1546 2635 1684 2698; x_wconf 90' lang='lat' dir='ltr'>delendit</span> <span class='ocrx_word' id='word_1_115' title='bbox 1708 2643 1740 2695; x_wconf 87' lang='lat' dir='ltr'>et</span> 
     </span>
     <span class='ocr_line' id='line_1_16' title="bbox 410 2728 1777 2813; baseline -0.003 -21"><span class='ocrx_word' id='word_1_116' title='bbox 410 2749 473 2792; x_wconf 91' lang='lat' dir='ltr'>nou</span> <span class='ocrx_word' id='word_1_117' title='bbox 493 2732 561 2793; x_wconf 88' lang='lat' dir='ltr'>sine</span> <span class='ocrx_word' id='word_1_118' title='bbox 582 2731 674 2793; x_wconf 91' lang='lat' dir='ltr'>laude</span> <span class='ocrx_word' id='word_1_119' title='bbox 695 2733 839 2813; x_wconf 86' lang='lat' dir='ltr'>probavit</span> <span class='ocrx_word' id='word_1_120' title='bbox 864 2733 895 2794; x_wconf 92' lang='lat' dir='ltr'>iu</span> <span class='ocrx_word' id='word_1_121' title='bbox 916 2752 952 2795; x_wconf 89' lang='lat' dir='ltr'>ea</span> <span class='ocrx_word' id='word_1_122' title='bbox 973 2735 1132 2811; x_wconf 90' lang='lat' dir='ltr'>oratione,</span> <span class='ocrx_word' id='word_1_123' title='bbox 1162 2752 1256 2813; x_wconf 93' lang='lat' dir='ltr'>quam</span> <span class='ocrx_word' id='word_1_124' title='bbox 1282 2752 1339 2813; x_wconf 94' lang='lat' dir='ltr'>pro</span> <span class='ocrx_word' id='word_1_125' title='bbox 1363 2734 1431 2813; x_wconf 92' lang='lat' dir='ltr'>ipso</span> <span class='ocrx_word' id='word_1_126' title='bbox 1454 2732 1573 2794; x_wconf 89' lang='lat' dir='ltr'>Vatinio</span> <span class='ocrx_word' id='word_1_127' title='bbox 1599 2728 1777 2791; x_wconf 73' lang='lat' dir='ltr'>sonneras</span> 
     </span>
     <span class='ocr_line' id='line_1_17' title="bbox 411 2825 661 2903; baseline -0.004 -16"><span class='ocrx_word' id='word_1_128' title='bbox 411 2825 582 2903; x_wconf 88' lang='lat' dir='ltr'>adgressus</span> <span class='ocrx_word' id='word_1_129' title='bbox 602 2834 661 2887; x_wconf 89' lang='lat' dir='ltr'>est.</span> 
     </span>
    </p>

    <p class='ocr_par' dir='ltr' id='par_1_9' title="bbox 411 2920 1737 3098">
     <span class='ocr_line' id='line_1_18' title="bbox 485 2920 1737 3000; baseline -0.003 -20"><span class='ocrx_word' id='word_1_130' title='bbox 485 2921 513 2980; x_wconf 77' lang='grc'><strong>3.</strong></span> <span class='ocrx_word' id='word_1_131' title='bbox 547 2921 614 2995; x_wconf 73' lang='lat' dir='ltr'>depe</span> <span class='ocrx_word' id='word_1_132' title='bbox 633 2939 690 3000; x_wconf 95' lang='lat' dir='ltr'>pro</span> <span class='ocrx_word' id='word_1_133' title='bbox 712 2921 831 2982; x_wconf 89' lang='lat' dir='ltr'>Vatinio</span> <span class='ocrx_word' id='word_1_134' title='bbox 850 2921 1092 2999; x_wconf 89' lang='lat' dir='ltr'>oratiunculam,</span> <span class='ocrx_word' id='word_1_135' title='bbox 1114 2933 1139 2981; x_wconf 85' lang='lat' dir='ltr'>et</span> <span class='ocrx_word' id='word_1_136' title='bbox 1159 2927 1249 2995; x_wconf 83' lang='lat' dir='ltr'>otior,</span> <span class='ocrx_word' id='word_1_137' title='bbox 1269 2927 1318 2981; x_wconf 82' lang='lat' dir='ltr'>att</span> <span class='ocrx_word' id='word_1_138' title='bbox 1337 2920 1553 2982; x_wconf 88' lang='lat' dir='ltr'>sodaliciorum</span> <span class='ocrx_word' id='word_1_139' title='bbox 1572 2924 1673 2978; x_wconf 78' lang='lat' dir='ltr'>mentio</span> <span class='ocrx_word' id='word_1_140' title='bbox 1697 2924 1737 2994; x_wconf 72' lang='lat' dir='ltr'>pt.</span> 
     </span>
     <span class='ocr_line' id='line_1_19' title="bbox 411 3014 1536 3098; baseline 0.004 -26"><span class='ocrx_word' id='word_1_141' title='bbox 411 3014 623 3094; x_wconf 78' lang='lat' dir='ltr'>(Hieronymus</span> <span class='ocrx_word' id='word_1_142' title='bbox 642 3015 713 3076; x_wconf 90' lang='lat' dir='ltr'>adv.</span> <span class='ocrx_word' id='word_1_143' title='bbox 740 3016 839 3079; x_wconf 82' lang='lat' dir='ltr'>Rufio.</span> <span class='ocrx_word' id='word_1_144' title='bbox 858 3018 925 3077; x_wconf 89' lang='lat' dir='ltr'>Lib.</span> <span class='ocrx_word' id='word_1_145' title='bbox 946 3017 992 3079; x_wconf 93' lang='lat' dir='ltr'>lll.</span> <span class='ocrx_word' id='word_1_146' title='bbox 1013 3019 1048 3079; x_wconf 85' lang='lat' dir='ltr'>T.</span> <span class='ocrx_word' id='word_1_147' title='bbox 1070 3019 1118 3079; x_wconf 90' lang='lat' dir='ltr'>lV.</span> <span class='ocrx_word' id='word_1_148' title='bbox 1139 3018 1168 3079; x_wconf 79' lang='lat'>2.</span> <span class='ocrx_word' id='word_1_149' title='bbox 1190 3038 1221 3098; x_wconf 88' lang='lat' dir='ltr'>p.</span> <span class='ocrx_word' id='word_1_150' title='bbox 1242 3018 1309 3079; x_wconf 86' lang='grc'><strong>469.</strong></span> <span class='ocrx_word' id='word_1_151' title='bbox 1330 3019 1387 3079; x_wconf 87' lang='lat' dir='ltr'>Ed.</span> <span class='ocrx_word' id='word_1_152' title='bbox 1410 3014 1536 3093; x_wconf 78' lang='lat' dir='ltr'>bened.)</span> 
     </span>
    </p>
   </div>
   <div class='ocr_carea' id='block_1_4' title="bbox 748 3158 1395 3229">
    <p class='ocr_par' dir='ltr' id='par_1_10' title="bbox 748 3158 1395 3229">
     <span class='ocr_line' id='line_1_20' title="bbox 748 3158 1395 3229; baseline 0.006 -6"><span class='ocrx_word' id='word_1_153' title='bbox 748 3158 828 3224; x_wconf 86' lang='lat' dir='ltr'>xlx.</span> <span class='ocrx_word' id='word_1_154' title='bbox 868 3160 949 3225; x_wconf 83' lang='lat' dir='ltr'>PRO</span> <span class='ocrx_word' id='word_1_155' title='bbox 971 3160 1010 3224; x_wconf 90' lang='grc' dir='ltr'><strong>Μ.</strong></span> <span class='ocrx_word' id='word_1_156' title='bbox 1033 3160 1201 3226; x_wconf 81' lang='lat' dir='ltr'>AElllLlO</span> <span class='ocrx_word' id='word_1_157' title='bbox 1224 3160 1395 3229; x_wconf 72' lang='lat' dir='ltr'>Scaeuo.</span> 
     </span>
    </p>
   </div>
   <div class='ocr_carea' id='block_1_5' title="bbox 409 3269 1775 3548">
    <p class='ocr_par' dir='ltr' id='par_1_11' title="bbox 409 3269 1775 3548">
     <span class='ocr_line' id='line_1_21' title="bbox 410 3269 1775 3356; baseline -0.001 -21"><span class='ocrx_word' id='word_1_158' title='bbox 410 3281 465 3353; x_wconf 81' lang='lat' dir='ltr'>(Ea</span> <span class='ocrx_word' id='word_1_159' title='bbox 491 3269 645 3336; x_wconf 71' lang='lat' dir='ltr'>nmatione</span> <span class='ocrx_word' id='word_1_160' title='bbox 669 3280 763 3337; x_wconf 79' lang='lat' dir='ltr'>Caroli</span> <span class='ocrx_word' id='word_1_161' title='bbox 790 3282 894 3355; x_wconf 82' lang='lat' dir='ltr'>Beieri,</span> <span class='ocrx_word' id='word_1_162' title='bbox 921 3301 983 3339; x_wconf 87' lang='lat' dir='ltr'>eam</span> <span class='ocrx_word' id='word_1_163' title='bbox 1008 3285 1199 3355; x_wconf 72' lang='lat' dir='ltr'>supplementis</span> <span class='ocrx_word' id='word_1_164' title='bbox 1228 3286 1363 3349; x_wconf 72' lang='lat' dir='ltr'>maedam,</span> <span class='ocrx_word' id='word_1_165' title='bbox 1395 3301 1466 3356; x_wconf 81' lang='lat' dir='ltr'>qaae</span> <span class='ocrx_word' id='word_1_166' title='bbox 1493 3284 1580 3338; x_wconf 73' lang='lat' dir='ltr'>literis</span> <span class='ocrx_word' id='word_1_167' title='bbox 1609 3281 1775 3337; x_wconf 61' lang='lat' dir='ltr'>inelimati„</span> 
     </span>
     <span class='ocr_line' id='line_1_22' title="bbox 409 3370 1736 3457; baseline 0.001 -26"><span class='ocrx_word' id='word_1_168' title='bbox 409 3377 568 3433; x_wconf 69' lang='lat' dir='ltr'>aenaeam</span> <span class='ocrx_word' id='word_1_169' title='bbox 590 3378 688 3431; x_wconf 80' lang='lat' dir='ltr'>earaoi</span> <span class='ocrx_word' id='word_1_170' title='bbox 706 3383 732 3431; x_wconf 85' lang='lat' dir='ltr'>et</span> <span class='ocrx_word' id='word_1_171' title='bbox 755 3370 800 3457; x_wconf 79' lang='lat' dir='ltr'>[J</span> <span class='ocrx_word' id='word_1_172' title='bbox 847 3378 881 3433; x_wconf 80' lang='grc' dir='ltr'><strong>Δ.</strong></span> <span class='ocrx_word' id='word_1_173' title='bbox 903 3386 942 3433; x_wconf 78' lang='lat' dir='ltr'>ert</span> <span class='ocrx_word' id='word_1_174' title='bbox 960 3378 1154 3450; x_wconf 78' lang='lat' dir='ltr'>Palimpsesua</span> <span class='ocrx_word' id='word_1_175' title='bbox 1180 3379 1393 3449; x_wconf 75' lang='lat' dir='ltr'>Ambrosianus,</span> <span class='ocrx_word' id='word_1_176' title='bbox 1424 3378 1454 3434; x_wconf 85' lang='grc' dir='ltr'><strong>Τ.</strong></span> <span class='ocrx_word' id='word_1_177' title='bbox 1479 3377 1672 3441; x_wconf 79' lang='lat' dir='ltr'>Yaarinemit,</span> <span class='ocrx_word' id='word_1_178' title='bbox 1693 3373 1736 3433; x_wconf 79' lang='grc' dir='ltr'><strong>Μ.</strong></span> 
     </span>
     <span class='ocr_line' id='line_1_23' title="bbox 660 3469 1492 3548; baseline 0.001 -20"><span class='ocrx_word' id='word_1_179' title='bbox 660 3469 733 3528; x_wconf 68' lang='lat' dir='ltr'>Maii</span> <span class='ocrx_word' id='word_1_180' title='bbox 754 3472 847 3527; x_wconf 81' lang='lat' dir='ltr'>Editio</span> <span class='ocrx_word' id='word_1_181' title='bbox 867 3474 956 3529; x_wconf 84' lang='lat' dir='ltr'>altera</span> <span class='ocrx_word' id='word_1_182' title='bbox 982 3472 1087 3542; x_wconf 77' lang='lat'>1817,</span> <span class='ocrx_word' id='word_1_183' title='bbox 1108 3474 1140 3530; x_wconf 87' lang='lat' dir='ltr'>P.</span> <span class='ocrx_word' id='word_1_184' title='bbox 1162 3475 1278 3548; x_wconf 76' lang='lat' dir='ltr'>Peyron,</span> <span class='ocrx_word' id='word_1_185' title='bbox 1300 3474 1334 3531; x_wconf 86' lang='lat' dir='ltr'>B.</span> <span class='ocrx_word' id='word_1_186' title='bbox 1357 3473 1492 3545; x_wconf 71' lang='lat' dir='ltr'>coeno.)</span> 
     </span>
    </p>
   </div>
   <div class='ocr_carea' id='block_1_6' title="bbox 484 3585 1739 3748">
    <p class='ocr_par' dir='ltr' id='par_1_12' title="bbox 484 3585 1739 3748">
     <span class='ocr_line' id='line_1_24' title="bbox 714 3585 1434 3639; baseline 0 -5"><span class='ocrx_word' id='word_1_187' title='bbox 714 3585 757 3635; x_wconf 87' lang='lat' dir='ltr'>DE</span> <span class='ocrx_word' id='word_1_188' title='bbox 777 3585 841 3635; x_wconf 79' lang='lat' dir='ltr'>tttc</span> <span class='ocrx_word' id='word_1_189' title='bbox 859 3586 1019 3637; x_wconf 70' lang='lat' dir='ltr'>cantione</span> <span class='ocrx_word' id='word_1_190' title='bbox 1037 3588 1193 3639; x_wconf 75' lang='lat' dir='ltr'>asconius</span> <span class='ocrx_word' id='word_1_191' title='bbox 1212 3589 1297 3638; x_wconf 83' lang='lat' dir='ltr'>HAEC</span> <span class='ocrx_word' id='word_1_192' title='bbox 1315 3589 1434 3639; x_wconf 74' lang='lat' dir='ltr'>lineet:</span> 
     </span>
     <span class='ocr_line' id='line_1_25' title="bbox 484 3662 1739 3748; baseline 0.006 -25"><span class='ocrx_word' id='word_1_193' title='bbox 484 3664 570 3724; x_wconf 86' lang='lat' dir='ltr'>liano</span> <span class='ocrx_word' id='word_1_194' title='bbox 597 3682 722 3744; x_wconf 92' lang='lat' dir='ltr'>quoque</span> <span class='ocrx_word' id='word_1_195' title='bbox 747 3666 917 3726; x_wconf 89' lang='lat' dir='ltr'>orationem</span> <span class='ocrx_word' id='word_1_196' title='bbox 945 3665 1064 3727; x_wconf 91' lang='lat' dir='ltr'>eisdem</span> <span class='ocrx_word' id='word_1_197' title='bbox 1085 3667 1267 3730; x_wconf 91' lang='lat' dir='ltr'>consulibus</span> <span class='ocrx_word' id='word_1_198' title='bbox 1287 3668 1374 3746; x_wconf 80' lang='lat' dir='ltr'>dixit,</span> <span class='ocrx_word' id='word_1_199' title='bbox 1395 3668 1510 3748; x_wconf 90' lang='lat' dir='ltr'>quibus</span> <span class='ocrx_word' id='word_1_200' title='bbox 1529 3686 1586 3748; x_wconf 88' lang='lat' dir='ltr'>pro</span> <span class='ocrx_word' id='word_1_201' title='bbox 1605 3662 1739 3729; x_wconf 69' lang='lat' dir='ltr'>Varinio,</span> 
     </span>
    </p>
   </div>
   <div class='ocr_carea' id='block_1_7' title="bbox 411 3758 1779 3941">
    <p class='ocr_par' dir='ltr' id='par_1_13' title="bbox 411 3758 1779 3941">
     <span class='ocr_line' id='line_1_26' title="bbox 411 3758 1779 3842; baseline 0 -23"><span class='ocrx_word' id='word_1_202' title='bbox 411 3760 443 3819; x_wconf 93' lang='lat' dir='ltr'>L.</span> <span class='ocrx_word' id='word_1_203' title='bbox 469 3759 598 3820; x_wconf 88' lang='lat' dir='ltr'>Domitio</span> <span class='ocrx_word' id='word_1_204' title='bbox 611 3759 799 3821; x_wconf 71' lang='lat' dir='ltr'>aenobarbo</span> <span class='ocrx_word' id='word_1_205' title='bbox 820 3768 851 3821; x_wconf 91' lang='lat' dir='ltr'>et</span> <span class='ocrx_word' id='word_1_206' title='bbox 865 3762 965 3842; x_wconf 81' lang='lat' dir='ltr'>Appio</span> <span class='ocrx_word' id='word_1_207' title='bbox 985 3760 1115 3824; x_wconf 87' lang='lat' dir='ltr'>Claudio</span> <span class='ocrx_word' id='word_1_208' title='bbox 1136 3762 1245 3824; x_wconf 90' lang='lat' dir='ltr'>Pulero</span> <span class='ocrx_word' id='word_1_209' title='bbox 1266 3783 1345 3826; x_wconf 85' lang='lat' dir='ltr'>coss.</span> <span class='ocrx_word' id='word_1_210' title='bbox 1384 3765 1531 3826; x_wconf 89' lang='lat' dir='ltr'>Summus</span> <span class='ocrx_word' id='word_1_211' title='bbox 1550 3760 1653 3823; x_wconf 91' lang='lat' dir='ltr'>iudicii</span> <span class='ocrx_word' id='word_1_212' title='bbox 1673 3758 1779 3820; x_wconf 69' lang='lat' dir='ltr'>diosa</span> 
     </span>
     <span class='ocr_line' id='line_1_27' title="bbox 412 3852 1242 3941; baseline 0.007 -29"><span class='ocrx_word' id='word_1_213' title='bbox 412 3854 468 3915; x_wconf 91' lang='lat' dir='ltr'>luit</span> <span class='ocrx_word' id='word_1_214' title='bbox 486 3872 514 3915; x_wconf 91' lang='lat' dir='ltr'>a.</span> <span class='ocrx_word' id='word_1_215' title='bbox 536 3852 567 3914; x_wconf 94' lang='lat' dir='ltr'>d.</span> <span class='ocrx_word' id='word_1_216' title='bbox 588 3854 652 3915; x_wconf 86' lang='lat'>1111.</span> <span class='ocrx_word' id='word_1_217' title='bbox 673 3856 777 3916; x_wconf 90' lang='lat' dir='ltr'>Nonas</span> <span class='ocrx_word' id='word_1_218' title='bbox 797 3855 974 3935; x_wconf 91' lang='lat' dir='ltr'>Septembr.</span> <span class='ocrx_word' id='word_1_219' title='bbox 999 3854 1039 3939; x_wconf 93' lang='lat' dir='ltr'>[a.</span> <span class='ocrx_word' id='word_1_220' title='bbox 1062 3875 1092 3917; x_wconf 87' lang='lat' dir='ltr'>u.</span> <span class='ocrx_word' id='word_1_221' title='bbox 1113 3876 1142 3917; x_wconf 88' lang='lat' dir='ltr'>e.</span> <span class='ocrx_word' id='word_1_222' title='bbox 1162 3855 1242 3941; x_wconf 74' lang='lat' dir='ltr'>wo]</span> 
     </span>
    </p>
   </div>
   <div class='ocr_carea' id='block_1_8' title="bbox 407 3972 1782 5925">
    <p class='ocr_par' dir='ltr' id='par_1_14' title="bbox 879 3972 1275 4023">
     <span class='ocr_line' id='line_1_28' title="bbox 879 3972 1275 4023; baseline 0.003 -3"><span class='ocrx_word' id='word_1_223' title='bbox 879 3972 1102 4023; x_wconf 70' lang='lat' dir='ltr'>accubantum</span> <span class='ocrx_word' id='word_1_224' title='bbox 1121 3973 1185 4022; x_wconf 88' lang='lat' dir='ltr'>llOC</span> <span class='ocrx_word' id='word_1_225' title='bbox 1204 3975 1275 4023; x_wconf 82' lang='lat' dir='ltr'>EST:</span> 
     </span>
    </p>

    <p class='ocr_par' dir='ltr' id='par_1_15' title="bbox 407 4051 1782 5925">
     <span class='ocr_line' id='line_1_29' title="bbox 484 4051 1741 4133; baseline 0.001 -20"><span class='ocrx_word' id='word_1_226' title='bbox 484 4054 523 4113; x_wconf 89' lang='grc' dir='ltr'><strong>Μ.</strong></span> <span class='ocrx_word' id='word_1_227' title='bbox 539 4052 687 4129; x_wconf 89' lang='lat' dir='ltr'>Scaurus,</span> <span class='ocrx_word' id='word_1_228' title='bbox 707 4053 745 4113; x_wconf 92' lang='grc' dir='ltr'><strong>Μ.</strong></span> <span class='ocrx_word' id='word_1_229' title='bbox 760 4051 868 4112; x_wconf 79' lang='lat' dir='ltr'>Scauri</span> <span class='ocrx_word' id='word_1_230' title='bbox 889 4051 981 4127; x_wconf 88' lang='lat' dir='ltr'>lilius,</span> <span class='ocrx_word' id='word_1_231' title='bbox 1003 4053 1055 4130; x_wconf 92' lang='lat' dir='ltr'>qui</span> <span class='ocrx_word' id='word_1_232' title='bbox 1073 4054 1220 4133; x_wconf 89' lang='lat' dir='ltr'>princeps</span> <span class='ocrx_word' id='word_1_233' title='bbox 1241 4064 1369 4116; x_wconf 91' lang='lat' dir='ltr'>senatus</span> <span class='ocrx_word' id='word_1_234' title='bbox 1386 4055 1451 4133; x_wconf 88' lang='lat' dir='ltr'>luit,</span> <span class='ocrx_word' id='word_1_235' title='bbox 1474 4056 1614 4116; x_wconf 87' lang='lat' dir='ltr'>vitricum</span> <span class='ocrx_word' id='word_1_236' title='bbox 1633 4054 1741 4115; x_wconf 87' lang='lat' dir='ltr'>babuit</span> 
     </span>
     <span class='ocr_line' id='line_1_30' title="bbox 410 4144 1740 4224; baseline 0.001 -17"><span class='ocrx_word' id='word_1_237' title='bbox 410 4144 545 4208; x_wconf 89' lang='lat' dir='ltr'>Sullam:</span> <span class='ocrx_word' id='word_1_238' title='bbox 576 4163 638 4223; x_wconf 92' lang='lat' dir='ltr'>quo</span> <span class='ocrx_word' id='word_1_239' title='bbox 660 4145 776 4204; x_wconf 88' lang='lat' dir='ltr'>victore</span> <span class='ocrx_word' id='word_1_240' title='bbox 797 4152 828 4204; x_wconf 92' lang='lat' dir='ltr'>et</span> <span class='ocrx_word' id='word_1_241' title='bbox 847 4144 991 4203; x_wconf 82' lang='lat' dir='ltr'>munifico</span> <span class='ocrx_word' id='word_1_242' title='bbox 1014 4146 1045 4205; x_wconf 92' lang='lat' dir='ltr'>iu</span> <span class='ocrx_word' id='word_1_243' title='bbox 1065 4146 1167 4205; x_wconf 92' lang='lat' dir='ltr'>socios</span> <span class='ocrx_word' id='word_1_244' title='bbox 1188 4148 1335 4208; x_wconf 81' lang='lat' dir='ltr'>victoriae</span> <span class='ocrx_word' id='word_1_245' title='bbox 1362 4148 1402 4209; x_wconf 89' lang='lat' dir='ltr'>ita</span> <span class='ocrx_word' id='word_1_246' title='bbox 1428 4148 1589 4209; x_wconf 89' lang='lat' dir='ltr'>abstinens</span> <span class='ocrx_word' id='word_1_247' title='bbox 1610 4149 1679 4224; x_wconf 91' lang='lat' dir='ltr'>luit,</span> <span class='ocrx_word' id='word_1_248' title='bbox 1706 4157 1740 4208; x_wconf 94' lang='lat' dir='ltr'>ut</span> 
     </span>
     <span class='ocr_line' id='line_1_31' title="bbox 410 4237 1778 4319; baseline -0.001 -17"><span class='ocrx_word' id='word_1_249' title='bbox 410 4241 482 4302; x_wconf 89' lang='lat' dir='ltr'>nihil</span> <span class='ocrx_word' id='word_1_250' title='bbox 505 4258 608 4319; x_wconf 92' lang='lat' dir='ltr'>neque</span> <span class='ocrx_word' id='word_1_251' title='bbox 627 4238 735 4300; x_wconf 90' lang='lat' dir='ltr'>donari</span> <span class='ocrx_word' id='word_1_252' title='bbox 758 4239 817 4299; x_wconf 90' lang='lat' dir='ltr'>sibi</span> <span class='ocrx_word' id='word_1_253' title='bbox 831 4237 962 4298; x_wconf 89' lang='lat' dir='ltr'>voluerit</span> <span class='ocrx_word' id='word_1_254' title='bbox 976 4256 1078 4318; x_wconf 90' lang='lat' dir='ltr'>ucque</span> <span class='ocrx_word' id='word_1_255' title='bbox 1093 4238 1133 4300; x_wconf 92' lang='lat' dir='ltr'>ab</span> <span class='ocrx_word' id='word_1_256' title='bbox 1148 4240 1234 4301; x_wconf 90' lang='lat' dir='ltr'>basta</span> <span class='ocrx_word' id='word_1_257' title='bbox 1250 4243 1368 4302; x_wconf 91' lang='lat' dir='ltr'>emerit.</span> <span class='ocrx_word' id='word_1_258' title='bbox 1409 4241 1604 4302; x_wconf 70' lang='lat' dir='ltr'>aedilitatem</span> <span class='ocrx_word' id='word_1_259' title='bbox 1619 4253 1778 4302; x_wconf 80' lang='lat' dir='ltr'>summata</span> 
     </span>
     <span class='ocr_line' id='line_1_32' title="bbox 409 4331 1739 4415; baseline -0.002 -19"><span class='ocrx_word' id='word_1_260' title='bbox 409 4335 636 4414; x_wconf 88' lang='lat' dir='ltr'>magnificentia</span> <span class='ocrx_word' id='word_1_261' title='bbox 650 4335 757 4412; x_wconf 87' lang='lat' dir='ltr'>gessit.</span> <span class='ocrx_word' id='word_1_262' title='bbox 779 4331 859 4394; x_wconf 89' lang='lat' dir='ltr'>adeo</span> <span class='ocrx_word' id='word_1_263' title='bbox 874 4342 907 4393; x_wconf 91' lang='lat' dir='ltr'>ut</span> <span class='ocrx_word' id='word_1_264' title='bbox 922 4333 952 4392; x_wconf 91' lang='lat' dir='ltr'>in</span> <span class='ocrx_word' id='word_1_265' title='bbox 967 4332 1034 4392; x_wconf 90' lang='lat' dir='ltr'>eius</span> <span class='ocrx_word' id='word_1_266' title='bbox 1054 4334 1213 4412; x_wconf 88' lang='lat' dir='ltr'>impensas</span> <span class='ocrx_word' id='word_1_267' title='bbox 1234 4354 1311 4414; x_wconf 90' lang='lat' dir='ltr'>opes</span> <span class='ocrx_word' id='word_1_268' title='bbox 1331 4353 1406 4395; x_wconf 89' lang='lat' dir='ltr'>suas</span> <span class='ocrx_word' id='word_1_269' title='bbox 1426 4335 1637 4415; x_wconf 88' lang='lat' dir='ltr'>absumpserit</span> <span class='ocrx_word' id='word_1_270' title='bbox 1651 4353 1739 4414; x_wconf 88' lang='lat' dir='ltr'>mag-</span> 
     </span>
     <span class='ocr_line' id='line_1_33' title="bbox 409 4426 1740 4510; baseline -0.001 -19"><span class='ocrx_word' id='word_1_271' title='bbox 409 4446 548 4510; x_wconf 91' lang='lat' dir='ltr'>numque</span> <span class='ocrx_word' id='word_1_272' title='bbox 568 4447 623 4490; x_wconf 91' lang='lat' dir='ltr'>aes</span> <span class='ocrx_word' id='word_1_273' title='bbox 645 4427 779 4489; x_wconf 88' lang='lat' dir='ltr'>alienum</span> <span class='ocrx_word' id='word_1_274' title='bbox 800 4426 998 4486; x_wconf 81' lang='lat' dir='ltr'>contraxerit.</span> <span class='ocrx_word' id='word_1_275' title='bbox 1043 4426 1089 4485; x_wconf 83' lang='lat' dir='ltr'>Ex</span> <span class='ocrx_word' id='word_1_276' title='bbox 1109 4435 1256 4505; x_wconf 89' lang='lat' dir='ltr'>praetura</span> <span class='ocrx_word' id='word_1_277' title='bbox 1276 4430 1465 4507; x_wconf 90' lang='lat' dir='ltr'>provinciam</span> <span class='ocrx_word' id='word_1_278' title='bbox 1485 4428 1658 4491; x_wconf 84' lang='lat' dir='ltr'>Sardiniam</span> <span class='ocrx_word' id='word_1_279' title='bbox 1679 4428 1740 4490; x_wconf 92' lang='lat' dir='ltr'>ob-</span> 
     </span>
     <span class='ocr_line' id='line_1_34' title="bbox 410 4518 1740 4602; baseline -0.002 -17"><span class='ocrx_word' id='word_1_280' title='bbox 410 4525 509 4601; x_wconf 89' lang='lat' dir='ltr'>tinuit,</span> <span class='ocrx_word' id='word_1_281' title='bbox 531 4524 561 4584; x_wconf 92' lang='lat' dir='ltr'>iu</span> <span class='ocrx_word' id='word_1_282' title='bbox 582 4540 644 4602; x_wconf 91' lang='lat' dir='ltr'>qua</span> <span class='ocrx_word' id='word_1_283' title='bbox 663 4539 766 4600; x_wconf 89' lang='lat' dir='ltr'>neque</span> <span class='ocrx_word' id='word_1_284' title='bbox 788 4521 863 4581; x_wconf 90' lang='lat' dir='ltr'>satis</span> <span class='ocrx_word' id='word_1_285' title='bbox 883 4518 1077 4580; x_wconf 86' lang='lat' dir='ltr'>abstinenter</span> <span class='ocrx_word' id='word_1_286' title='bbox 1097 4538 1132 4580; x_wconf 89' lang='lat' dir='ltr'>se</span> <span class='ocrx_word' id='word_1_287' title='bbox 1155 4522 1293 4599; x_wconf 84' lang='lat' dir='ltr'>gessisse</span> <span class='ocrx_word' id='word_1_288' title='bbox 1313 4524 1505 4585; x_wconf 82' lang='lat' dir='ltr'>existimatus</span> <span class='ocrx_word' id='word_1_289' title='bbox 1531 4529 1629 4584; x_wconf 90' lang='lat' dir='ltr'>estet</span> <span class='ocrx_word' id='word_1_290' title='bbox 1650 4522 1740 4585; x_wconf 89' lang='lat' dir='ltr'>valde</span> 
     </span>
     <span class='ocr_line' id='line_1_35' title="bbox 409 4614 1740 4697; baseline 0 -18"><span class='ocrx_word' id='word_1_291' title='bbox 409 4618 612 4697; x_wconf 83' lang='lat' dir='ltr'>adroganter:</span> <span class='ocrx_word' id='word_1_292' title='bbox 644 4615 728 4696; x_wconf 92' lang='lat' dir='ltr'>quod</span> <span class='ocrx_word' id='word_1_293' title='bbox 758 4632 857 4695; x_wconf 85' lang='lat' dir='ltr'>genus</span> <span class='ocrx_word' id='word_1_294' title='bbox 881 4632 1001 4674; x_wconf 90' lang='lat' dir='ltr'>morum</span> <span class='ocrx_word' id='word_1_295' title='bbox 1022 4614 1053 4674; x_wconf 92' lang='lat' dir='ltr'>in</span> <span class='ocrx_word' id='word_1_296' title='bbox 1073 4632 1111 4673; x_wconf 93' lang='lat' dir='ltr'>eo</span> <span class='ocrx_word' id='word_1_297' title='bbox 1131 4623 1295 4693; x_wconf 89' lang='lat' dir='ltr'>paternum</span> <span class='ocrx_word' id='word_1_298' title='bbox 1324 4616 1506 4694; x_wconf 85' lang='lat' dir='ltr'>videbatur,</span> <span class='ocrx_word' id='word_1_299' title='bbox 1537 4636 1607 4679; x_wconf 91' lang='lat' dir='ltr'>cum</span> <span class='ocrx_word' id='word_1_300' title='bbox 1636 4625 1740 4679; x_wconf 90' lang='lat' dir='ltr'>cetera</span> 
     </span>
     <span class='ocr_line' id='line_1_36' title="bbox 409 4708 1777 4791; baseline -0.002 -18"><span class='ocrx_word' id='word_1_301' title='bbox 409 4713 560 4773; x_wconf 90' lang='lat' dir='ltr'>industria</span> <span class='ocrx_word' id='word_1_302' title='bbox 581 4729 779 4791; x_wconf 91' lang='lat' dir='ltr'>nequaquam</span> <span class='ocrx_word' id='word_1_303' title='bbox 800 4717 885 4770; x_wconf 91' lang='lat' dir='ltr'>esset</span> <span class='ocrx_word' id='word_1_304' title='bbox 904 4726 970 4788; x_wconf 89' lang='lat' dir='ltr'>par.</span> <span class='ocrx_word' id='word_1_305' title='bbox 1009 4708 1083 4769; x_wconf 82' lang='lat' dir='ltr'>Erat</span> <span class='ocrx_word' id='word_1_306' title='bbox 1103 4716 1207 4770; x_wconf 73' lang='lat' dir='ltr'>minen</span> <span class='ocrx_word' id='word_1_307' title='bbox 1226 4708 1394 4789; x_wconf 87' lang='lat' dir='ltr'>aliquando</span> <span class='ocrx_word' id='word_1_308' title='bbox 1408 4711 1490 4772; x_wconf 89' lang='lat' dir='ltr'>inter</span> <span class='ocrx_word' id='word_1_309' title='bbox 1503 4719 1650 4791; x_wconf 86' lang='lat' dir='ltr'>patronos</span> <span class='ocrx_word' id='word_1_310' title='bbox 1667 4724 1777 4775; x_wconf 83' lang='lat' dir='ltr'>cau-aa</span> 
     </span>
     <span class='ocr_line' id='line_1_37' title="bbox 410 4801 1739 4887; baseline 0 -19"><span class='ocrx_word' id='word_1_311' title='bbox 410 4825 526 4868; x_wconf 89' lang='lat' dir='ltr'>sarum.</span> <span class='ocrx_word' id='word_1_312' title='bbox 567 4804 631 4866; x_wconf 88' lang='lat' dir='ltr'>Sed</span> <span class='ocrx_word' id='word_1_313' title='bbox 652 4812 815 4884; x_wconf 88' lang='lat' dir='ltr'>postquam</span> <span class='ocrx_word' id='word_1_314' title='bbox 836 4820 875 4863; x_wconf 86' lang='lat' dir='ltr'>ex</span> <span class='ocrx_word' id='word_1_315' title='bbox 895 4802 1053 4881; x_wconf 87' lang='lat' dir='ltr'>provincia</span> <span class='ocrx_word' id='word_1_316' title='bbox 1073 4801 1219 4881; x_wconf 86' lang='lat' dir='ltr'>redierat,</span> <span class='ocrx_word' id='word_1_317' title='bbox 1241 4803 1363 4866; x_wconf 88' lang='lat' dir='ltr'>dixerat</span> <span class='ocrx_word' id='word_1_318' title='bbox 1375 4824 1431 4885; x_wconf 93' lang='lat' dir='ltr'>pro</span> <span class='ocrx_word' id='word_1_319' title='bbox 1448 4806 1482 4867; x_wconf 86' lang='lat' dir='ltr'>C.</span> <span class='ocrx_word' id='word_1_320' title='bbox 1498 4807 1628 4885; x_wconf 89' lang='lat' dir='ltr'>Catone,</span> <span class='ocrx_word' id='word_1_321' title='bbox 1649 4807 1739 4887; x_wconf 89' lang='lat' dir='ltr'>isque</span> 
     </span>
     <span class='ocr_line' id='line_1_38' title="bbox 410 4896 1739 4981; baseline 0.001 -20"><span class='ocrx_word' id='word_1_322' title='bbox 410 4908 477 4962; x_wconf 89' lang='lat' dir='ltr'>erat</span> <span class='ocrx_word' id='word_1_323' title='bbox 496 4898 659 4961; x_wconf 88' lang='lat' dir='ltr'>absolutus</span> <span class='ocrx_word' id='word_1_324' title='bbox 680 4917 707 4959; x_wconf 87' lang='lat' dir='ltr'>a.</span> <span class='ocrx_word' id='word_1_325' title='bbox 730 4896 761 4957; x_wconf 93' lang='lat' dir='ltr'>d.</span> <span class='ocrx_word' id='word_1_326' title='bbox 784 4897 830 4958; x_wconf 89' lang='lat' dir='ltr'>lll.</span> <span class='ocrx_word' id='word_1_327' title='bbox 854 4897 958 4957; x_wconf 89' lang='lat' dir='ltr'>Nonas</span> <span class='ocrx_word' id='word_1_328' title='bbox 977 4896 1100 4970; x_wconf 86' lang='lat' dir='ltr'>Quinot.</span> <span class='ocrx_word' id='word_1_329' title='bbox 1147 4897 1235 4976; x_wconf 89' lang='lat' dir='ltr'>lpse,</span> <span class='ocrx_word' id='word_1_330' title='bbox 1257 4916 1328 4959; x_wconf 92' lang='lat' dir='ltr'>cum</span> <span class='ocrx_word' id='word_1_331' title='bbox 1354 4898 1393 4959; x_wconf 90' lang='lat' dir='ltr'>ad</span> <span class='ocrx_word' id='word_1_332' title='bbox 1414 4899 1593 4963; x_wconf 90' lang='lat' dir='ltr'>consulatus</span> <span class='ocrx_word' id='word_1_333' title='bbox 1613 4902 1739 4981; x_wconf 88' lang='lat' dir='ltr'>petitio·</span> 
     </span>
     <span class='ocr_line' id='line_1_39' title="bbox 408 4989 1782 5074; baseline 0.001 -20"><span class='ocrx_word' id='word_1_334' title='bbox 408 5013 479 5055; x_wconf 89' lang='lat' dir='ltr'>uem</span> <span class='ocrx_word' id='word_1_335' title='bbox 500 5013 528 5055; x_wconf 92' lang='lat' dir='ltr'>a.</span> <span class='ocrx_word' id='word_1_336' title='bbox 551 4993 583 5053; x_wconf 92' lang='lat' dir='ltr'>d.</span> <span class='ocrx_word' id='word_1_337' title='bbox 612 4994 660 5054; x_wconf 86' lang='lat' dir='ltr'>tlt.</span> <span class='ocrx_word' id='word_1_338' title='bbox 680 4991 746 5054; x_wconf 86' lang='lat' dir='ltr'>llal.</span> <span class='ocrx_word' id='word_1_339' title='bbox 767 4991 890 5066; x_wconf 89' lang='lat' dir='ltr'>Quinet.</span> <span class='ocrx_word' id='word_1_340' title='bbox 918 4992 1044 5051; x_wconf 83' lang='lat' dir='ltr'>Romam</span> <span class='ocrx_word' id='word_1_341' title='bbox 1071 4989 1222 5068; x_wconf 88' lang='lat' dir='ltr'>redisset,</span> <span class='ocrx_word' id='word_1_342' title='bbox 1253 4994 1458 5072; x_wconf 86' lang='lat' dir='ltr'>querentibus</span> <span class='ocrx_word' id='word_1_343' title='bbox 1481 4995 1521 5055; x_wconf 92' lang='lat' dir='ltr'>de</span> <span class='ocrx_word' id='word_1_344' title='bbox 1549 5014 1586 5056; x_wconf 89' lang='lat' dir='ltr'>eo</span> <span class='ocrx_word' id='word_1_345' title='bbox 1619 4996 1737 5074; x_wconf 90' lang='lat' dir='ltr'>Sardis,</span> <span class='ocrx_word' id='word_1_346' title='bbox 1777 5018 1782 5029; x_wconf 90' lang='lat'>·</span> 
     </span>
     <span class='ocr_line' id='line_1_40' title="bbox 408 5084 1738 5167; baseline 0.002 -19"><span class='ocrx_word' id='word_1_347' title='bbox 408 5107 425 5149; x_wconf 90' lang='lat' dir='ltr'>a</span> <span class='ocrx_word' id='word_1_348' title='bbox 448 5090 479 5148; x_wconf 89' lang='lat' dir='ltr'>P.</span> <span class='ocrx_word' id='word_1_349' title='bbox 503 5086 623 5149; x_wconf 91' lang='lat' dir='ltr'>Valerio</span> <span class='ocrx_word' id='word_1_350' title='bbox 644 5087 771 5163; x_wconf 87' lang='lat' dir='ltr'>Triario,</span> <span class='ocrx_word' id='word_1_351' title='bbox 793 5084 993 5147; x_wconf 88' lang='lat' dir='ltr'>adolescente</span> <span class='ocrx_word' id='word_1_352' title='bbox 1012 5093 1122 5165; x_wconf 88' lang='lat' dir='ltr'>parato</span> <span class='ocrx_word' id='word_1_353' title='bbox 1144 5084 1184 5148; x_wconf 90' lang='lat' dir='ltr'>ad</span> <span class='ocrx_word' id='word_1_354' title='bbox 1205 5085 1371 5150; x_wconf 91' lang='lat' dir='ltr'>dicendum</span> <span class='ocrx_word' id='word_1_355' title='bbox 1394 5096 1425 5149; x_wconf 91' lang='lat' dir='ltr'>et</span> <span class='ocrx_word' id='word_1_356' title='bbox 1443 5097 1535 5150; x_wconf 90' lang='lat' dir='ltr'>notae</span> <span class='ocrx_word' id='word_1_357' title='bbox 1555 5090 1738 5167; x_wconf 89' lang='lat' dir='ltr'>industriae,</span> 
     </span>
     <span class='ocr_line' id='line_1_41' title="bbox 408 5178 1777 5263; baseline -0.001 -22"><span class='ocrx_word' id='word_1_358' title='bbox 408 5181 469 5242; x_wconf 89' lang='lat' dir='ltr'>filio</span> <span class='ocrx_word' id='word_1_359' title='bbox 492 5182 570 5259; x_wconf 89' lang='lat' dir='ltr'>eius,</span> <span class='ocrx_word' id='word_1_360' title='bbox 595 5183 646 5260; x_wconf 91' lang='lat' dir='ltr'>qui</span> <span class='ocrx_word' id='word_1_361' title='bbox 667 5181 698 5242; x_wconf 93' lang='lat' dir='ltr'>in</span> <span class='ocrx_word' id='word_1_362' title='bbox 719 5179 860 5242; x_wconf 90' lang='lat' dir='ltr'>Sardinia</span> <span class='ocrx_word' id='word_1_363' title='bbox 881 5186 986 5242; x_wconf 89' lang='lat' dir='ltr'>contra</span> <span class='ocrx_word' id='word_1_364' title='bbox 1007 5181 1044 5241; x_wconf 92' lang='grc' dir='ltr'>Μ,</span> <span class='ocrx_word' id='word_1_365' title='bbox 1066 5178 1216 5261; x_wconf 89' lang='lat' dir='ltr'>Lepidum</span> <span class='ocrx_word' id='word_1_366' title='bbox 1237 5200 1322 5243; x_wconf 91' lang='lat' dir='ltr'>arma</span> <span class='ocrx_word' id='word_1_367' title='bbox 1343 5181 1455 5245; x_wconf 86' lang='lat' dir='ltr'>tulerat</span> <span class='ocrx_word' id='word_1_368' title='bbox 1475 5193 1506 5245; x_wconf 90' lang='lat' dir='ltr'>et</span> <span class='ocrx_word' id='word_1_369' title='bbox 1528 5191 1600 5263; x_wconf 86' lang='lat' dir='ltr'>post</span> <span class='ocrx_word' id='word_1_370' title='bbox 1620 5182 1651 5243; x_wconf 92' lang='lat' dir='ltr'>in</span> <span class='ocrx_word' id='word_1_371' title='bbox 1665 5184 1737 5244; x_wconf 84' lang='lat' dir='ltr'>Asia</span> <span class='ocrx_word' id='word_1_372' title='bbox 1748 5194 1777 5241; x_wconf 82' lang='lat' dir='ltr'>lo</span> 
     </span>
     <span class='ocr_line' id='line_1_42' title="bbox 408 5271 1738 5355; baseline -0.001 -18"><span class='ocrx_word' id='word_1_373' title='bbox 408 5279 567 5354; x_wconf 90' lang='lat' dir='ltr'>Pontoque</span> <span class='ocrx_word' id='word_1_374' title='bbox 604 5275 723 5355; x_wconf 87' lang='lat' dir='ltr'>legatus</span> <span class='ocrx_word' id='word_1_375' title='bbox 745 5276 778 5336; x_wconf 88' lang='lat' dir='ltr'>L.</span> <span class='ocrx_word' id='word_1_376' title='bbox 800 5271 918 5335; x_wconf 91' lang='lat' dir='ltr'>Luculli</span> <span class='ocrx_word' id='word_1_377' title='bbox 950 5274 1066 5352; x_wconf 89' lang='lat' dir='ltr'>luerat,</span> <span class='ocrx_word' id='word_1_378' title='bbox 1101 5293 1171 5336; x_wconf 89' lang='lat' dir='ltr'>cum</span> <span class='ocrx_word' id='word_1_379' title='bbox 1197 5276 1223 5336; x_wconf 93' lang='lat' dir='ltr'>is</span> <span class='ocrx_word' id='word_1_380' title='bbox 1251 5274 1367 5337; x_wconf 89' lang='lat' dir='ltr'>bellum</span> <span class='ocrx_word' id='word_1_381' title='bbox 1398 5285 1504 5337; x_wconf 91' lang='lat' dir='ltr'>contra</span> <span class='ocrx_word' id='word_1_382' title='bbox 1535 5275 1738 5338; x_wconf 79' lang='lat' dir='ltr'>Mithridatem</span> 
     </span>
     <span class='ocr_line' id='line_1_43' title="bbox 407 5367 1738 5451; baseline -0.001 -19"><span class='ocrx_word' id='word_1_383' title='bbox 407 5379 548 5451; x_wconf 86' lang='lat' dir='ltr'>gereret,</span> <span class='ocrx_word' id='word_1_384' title='bbox 571 5368 745 5450; x_wconf 89' lang='lat' dir='ltr'>postulatus</span> <span class='ocrx_word' id='word_1_385' title='bbox 765 5377 814 5430; x_wconf 89' lang='lat' dir='ltr'>cst</span> <span class='ocrx_word' id='word_1_386' title='bbox 834 5367 918 5450; x_wconf 88' lang='lat' dir='ltr'>apud</span> <span class='ocrx_word' id='word_1_387' title='bbox 937 5370 974 5428; x_wconf 91' lang='grc' dir='ltr'><strong>Μ.</strong></span> <span class='ocrx_word' id='word_1_388' title='bbox 997 5370 1146 5431; x_wconf 88' lang='lat' dir='ltr'>Catonem</span> <span class='ocrx_word' id='word_1_389' title='bbox 1172 5377 1348 5449; x_wconf 90' lang='lat' dir='ltr'>praetorem</span> <span class='ocrx_word' id='word_1_390' title='bbox 1373 5371 1634 5450; x_wconf 89' lang='lat' dir='ltr'>repetundarum,</span> <span class='ocrx_word' id='word_1_391' title='bbox 1655 5370 1738 5431; x_wconf 91' lang='lat' dir='ltr'>utin</span> 
     </span>
     <span class='ocr_line' id='line_1_44' title="bbox 407 5462 1737 5545; baseline 0 -18"><span class='ocrx_word' id='word_1_392' title='bbox 407 5466 484 5527; x_wconf 91' lang='lat' dir='ltr'>actis</span> <span class='ocrx_word' id='word_1_393' title='bbox 507 5465 656 5544; x_wconf 89' lang='lat' dir='ltr'>scriptum</span> <span class='ocrx_word' id='word_1_394' title='bbox 679 5474 742 5532; x_wconf 89' lang='lat' dir='ltr'>est,</span> <span class='ocrx_word' id='word_1_395' title='bbox 765 5462 914 5545; x_wconf 90' lang='lat' dir='ltr'>postridie</span> <span class='ocrx_word' id='word_1_396' title='bbox 936 5464 1040 5524; x_wconf 90' lang='lat' dir='ltr'>Nonas</span> <span class='ocrx_word' id='word_1_397' title='bbox 1061 5462 1205 5538; x_wconf 85' lang='lat' dir='ltr'>Quinctil.</span> <span class='ocrx_word' id='word_1_398' title='bbox 1227 5471 1300 5545; x_wconf 91' lang='lat' dir='ltr'>post</span> <span class='ocrx_word' id='word_1_399' title='bbox 1319 5462 1401 5526; x_wconf 88' lang='lat' dir='ltr'>diem</span> <span class='ocrx_word' id='word_1_400' title='bbox 1422 5467 1562 5544; x_wconf 87' lang='lat' dir='ltr'>tertium,</span> <span class='ocrx_word' id='word_1_401' title='bbox 1586 5482 1679 5543; x_wconf 90' lang='lat' dir='ltr'>quam</span> <span class='ocrx_word' id='word_1_402' title='bbox 1701 5465 1737 5527; x_wconf 88' lang='lat' dir='ltr'>C.</span> 
     </span>
     <span class='ocr_line' id='line_1_45' title="bbox 408 5557 1737 5637; baseline -0.002 -16"><span class='ocrx_word' id='word_1_403' title='bbox 408 5560 484 5621; x_wconf 86' lang='lat' dir='ltr'>Cato</span> <span class='ocrx_word' id='word_1_404' title='bbox 505 5568 572 5620; x_wconf 87' lang='lat' dir='ltr'>erat</span> <span class='ocrx_word' id='word_1_405' title='bbox 591 5557 764 5620; x_wconf 90' lang='lat' dir='ltr'>absolutus.</span> <span class='ocrx_word' id='word_1_406' title='bbox 805 5557 1066 5637; x_wconf 79' lang='lat' dir='ltr'>subscripserunt</span> <span class='ocrx_word' id='word_1_407' title='bbox 1085 5557 1201 5618; x_wconf 88' lang='lat' dir='ltr'>Triario</span> <span class='ocrx_word' id='word_1_408' title='bbox 1224 5558 1256 5618; x_wconf 89' lang='lat' dir='ltr'>iu</span> <span class='ocrx_word' id='word_1_409' title='bbox 1276 5557 1428 5621; x_wconf 88' lang='lat' dir='ltr'>Scaurum</span> <span class='ocrx_word' id='word_1_410' title='bbox 1447 5561 1480 5620; x_wconf 94' lang='lat' dir='ltr'>L.</span> <span class='ocrx_word' id='word_1_411' title='bbox 1501 5557 1614 5619; x_wconf 79' lang='lat' dir='ltr'>ilarius</span> <span class='ocrx_word' id='word_1_412' title='bbox 1633 5559 1666 5618; x_wconf 89' lang='lat' dir='ltr'>L.</span> <span class='ocrx_word' id='word_1_413' title='bbox 1691 5558 1737 5635; x_wconf 69' lang='lat'>1³,</span> 
     </span>
     <span class='ocr_line' id='line_1_46' title="bbox 407 5649 1777 5733; baseline -0.004 -18"><span class='ocrx_word' id='word_1_414' title='bbox 407 5655 446 5715; x_wconf 92' lang='grc' dir='ltr'>Μ.</span> <span class='ocrx_word' id='word_1_415' title='bbox 468 5657 555 5729; x_wconf 88' lang='lat' dir='ltr'>etQ.</span> <span class='ocrx_word' id='word_1_416' title='bbox 577 5655 699 5716; x_wconf 86' lang='lat' dir='ltr'>Pacuvii</span> <span class='ocrx_word' id='word_1_417' title='bbox 725 5654 854 5731; x_wconf 87' lang='lat' dir='ltr'>iratres,</span> <span class='ocrx_word' id='word_1_418' title='bbox 878 5652 1060 5732; x_wconf 85' lang='lat' dir='ltr'>cognomine</span> <span class='ocrx_word' id='word_1_419' title='bbox 1081 5649 1220 5730; x_wconf 88' lang='lat' dir='ltr'>Claudii,</span> <span class='ocrx_word' id='word_1_420' title='bbox 1245 5653 1297 5733; x_wconf 90' lang='lat' dir='ltr'>qui</span> <span class='ocrx_word' id='word_1_421' title='bbox 1321 5653 1550 5733; x_wconf 89' lang='lat' dir='ltr'>inquisitionem</span> <span class='ocrx_word' id='word_1_422' title='bbox 1576 5653 1609 5714; x_wconf 92' lang='lat' dir='ltr'>in</span> <span class='ocrx_word' id='word_1_423' title='bbox 1629 5650 1777 5714; x_wconf 83' lang='lat' dir='ltr'>Sardi-ta</span> 
     </span>
     <span class='ocr_line' id='line_1_47' title="bbox 409 5746 1738 5829; baseline -0.001 -19"><span class='ocrx_word' id='word_1_424' title='bbox 409 5749 491 5810; x_wconf 87' lang='lat' dir='ltr'>niam</span> <span class='ocrx_word' id='word_1_425' title='bbox 512 5749 648 5829; x_wconf 89' lang='lat' dir='ltr'>itemque</span> <span class='ocrx_word' id='word_1_426' title='bbox 668 5750 700 5810; x_wconf 91' lang='lat' dir='ltr'>iu</span> <span class='ocrx_word' id='word_1_427' title='bbox 720 5749 877 5812; x_wconf 87' lang='lat' dir='ltr'>Corsicam</span> <span class='ocrx_word' id='word_1_428' title='bbox 897 5747 1016 5811; x_wconf 89' lang='lat' dir='ltr'>insulas</span> <span class='ocrx_word' id='word_1_429' title='bbox 1036 5746 1105 5809; x_wconf 90' lang='lat' dir='ltr'>dies</span> <span class='ocrx_word' id='word_1_430' title='bbox 1124 5747 1259 5810; x_wconf 76' lang='lat' dir='ltr'>tricenos</span> <span class='ocrx_word' id='word_1_431' title='bbox 1278 5755 1468 5828; x_wconf 88' lang='lat' dir='ltr'>aeceperunt</span> <span class='ocrx_word' id='word_1_432' title='bbox 1487 5765 1591 5828; x_wconf 90' lang='lat' dir='ltr'>neque</span> <span class='ocrx_word' id='word_1_433' title='bbox 1609 5748 1738 5829; x_wconf 87' lang='lat' dir='ltr'>proiecti</span> 
     </span>
     <span class='ocr_line' id='line_1_48' title="bbox 408 5839 1738 5925; baseline 0 -20"><span class='ocrx_word' id='word_1_434' title='bbox 408 5851 482 5906; x_wconf 86' lang='lat' dir='ltr'>sunt</span> <span class='ocrx_word' id='word_1_435' title='bbox 500 5841 541 5907; x_wconf 88' lang='lat' dir='ltr'>ad</span> <span class='ocrx_word' id='word_1_436' title='bbox 559 5843 789 5925; x_wconf 89' lang='lat' dir='ltr'>inquirendum.</span> <span class='ocrx_word' id='word_1_437' title='bbox 841 5842 937 5906; x_wconf 87' lang='lat' dir='ltr'>Cuius</span> <span class='ocrx_word' id='word_1_438' title='bbox 960 5842 1005 5904; x_wconf 89' lang='lat' dir='ltr'>rei</span> <span class='ocrx_word' id='word_1_439' title='bbox 1028 5841 1108 5906; x_wconf 87' lang='lat' dir='ltr'>haue</span> <span class='ocrx_word' id='word_1_440' title='bbox 1135 5860 1262 5905; x_wconf 88' lang='lat' dir='ltr'>oausam</span> <span class='ocrx_word' id='word_1_441' title='bbox 1287 5840 1478 5921; x_wconf 90' lang='lat' dir='ltr'>reddebant,</span> <span class='ocrx_word' id='word_1_442' title='bbox 1508 5839 1594 5923; x_wconf 91' lang='lat' dir='ltr'>quod</span> <span class='ocrx_word' id='word_1_443' title='bbox 1618 5842 1738 5906; x_wconf 87' lang='lat' dir='ltr'>interea</span> 
     </span>
    </p>
   </div>
   <div class='ocr_carea' id='block_1_9' title="bbox 0 0 2176 7459">
    <p class='ocr_par' dir='ltr' id='par_1_16' title="bbox 0 0 2176 7459">
     <span class='ocr_line' id='line_1_49' title="bbox 0 0 2176 7459; baseline 0 2"><span class='ocrx_word' id='word_1_444' title='bbox 0 0 2176 7459; x_wconf 95' lang='lat' dir='ltr'> </span> 
     </span>
    </p>
   </div>
  </div>
 </body>
</html>
