4342 7459
437 1250 500 1318 tto
889 1253 943 1317 DE
969 1253 1135 1321 DEORUM
1155 1254 1318 1322 NATURA

437 1413 533 1478 tenda
554 1420 612 1477 est.
649 1413 856 1497 Inproborum
879 1415 974 1499 igitur
997 1416 1221 1500 prosperitates
1243 1417 1465 1502 secundaeque
1492 1438 1543 1482 res
1565 1421 1768 1503 redarguunt,

437 1518 472 1573 ut
490 1509 648 1591 Diogenes
664 1509 803 1585 dicebat,
826 1510 890 1572 vim
906 1529 1030 1573 omnem
1047 1511 1178 1581 deorum
1194 1532 1231 1575 ac
1250 1519 1447 1592 potestatem.
1484 1513 1646 1578 XXXVll.
1661 1512 1713 1577 89.
1729 1518 1770 1580 At
1864 1499 1869 1509 ⁸

438 1622 675 1686 nonnumquam
697 1604 798 1667 bonos
821 1603 925 1667 exitus
946 1603 1064 1667 habent
1087 1605 1172 1668 boni.
1207 1604 1271 1667 Eos
1287 1604 1415 1688 quidem
1439 1607 1607 1688 arripimus
1625 1608 1768 1673 attribui·

437 1717 573 1780 musque
595 1699 663 1761 sine
688 1698 752 1762 ulla
774 1698 895 1762 ratione
918 1696 967 1761 dis
990 1699 1221 1761 inmortalibus.
1256 1700 1298 1761 At
1320 1699 1471 1782 Diagoras
1494 1720 1565 1763 curn
1588 1701 1769 1766 Samothra-

413 1801 505 1852 scam
536 1777 690 1867 vcn'isset,
720 1791 831 1854 atheus
857 1792 911 1855 ille
941 1794 995 1874 qui
1020 1793 1151 1866 dicitur,
1188 1799 1285 1874 atque
1308 1792 1336 1854 ei
1363 1792 1491 1874 quidam
1515 1789 1660 1879 [amicus]
1691 1796 1769 1871 «Tu,

437 1885 491 1968 qui
508 1883 586 1947 deos
602 1895 692 1967 putas
707 1886 844 1948 humana
860 1885 1043 1968 neglegere,
1066 1906 1173 1948 nonne
1188 1885 1411 1950 animadvertis
1428 1908 1467 1950 ex
1482 1895 1530 1951 tot
1545 1890 1661 1953 tabulis
1677 1890 1769 1974 pictis

440 1999 534 2063 quam
567 1978 655 2042 multi
686 1981 765 2043 votis
788 1980 850 2042 virn
882 1981 1077 2062 tempestatis
1100 1981 1269 2062 effugerint
1290 1982 1322 2043 iu
1346 1990 1534 2065 portumque
1557 1983 1635 2047 salvi
1660 2004 1770 2069 perre-

437 2073 592 2135 neriutlr
617 2073 660 2136 ita
683 2071 731 2148 lrt,
753 2074 875 2157 inquit;
901 2074 946 2135 illi
963 2075 1046 2136 enim
1063 2094 1219 2158 nusquam
1237 2074 1308 2157 picti
1324 2085 1412 2149 suut,
1436 2076 1490 2159 qui
1507 2075 1673 2161 naufragia
1687 2077 1770 2140 lecc-

437 2168 566 2231 suntin
588 2170 731 2253 marique
753 2170 923 2251 perierunt.
958 2169 1122 2249 Idemque,
1145 2190 1215 2230 cum
1238 2170 1266 2231 ei
1290 2169 1450 2250 naviganti
1474 2180 1615 2233 vectores
1637 2173 1770 2235 adversa

400 2269 624 2343 intempestate
653 2262 755 2324 timidi
788 2270 820 2325 et
848 2262 1007 2346 perterriti
1038 2261 1179 2324 dicerent
1203 2283 1264 2326 non
1296 2263 1409 2325 iniuria
1433 2260 1492 2326 sibi
1515 2263 1593 2326 illud
1616 2265 1770 2340 accidere,

440 2356 495 2438 qui
526 2356 616 2418 illum
647 2358 679 2419 in
711 2356 843 2420 eandem
874 2376 984 2418 navem
1015 2357 1226 2437 recepissent,
1256 2355 1398 2418 ostendit
1419 2357 1464 2418 eis
1486 2358 1516 2418 in
1541 2356 1653 2421 eodem
1676 2378 1769 2422 cursu

438 2450 551 2512 multas
574 2451 651 2513 alias
674 2451 842 2515 laborantis
867 2450 1105 2533 quaesivitque,
1130 2470 1202 2511 num
1226 2450 1320 2512 etiam
1344 2450 1377 2510 in
1399 2450 1439 2511 iis
1455 2450 1586 2514 navibus
1602 2451 1770 2535 Diagoram

438 2543 509 2606 vehi
539 2543 714 2607 crederent.
751 2545 803 2608 Sic
829 2545 913 2608 euim
941 2564 993 2613 res
1023 2564 1056 2605 se
1086 2540 1196 2615 babet,
1230 2551 1264 2605 ut
1291 2542 1331 2605 ad
1361 2564 1542 2627 prosperam
1564 2546 1769 2610 adversamve

438 2636 595 2701 fortunam
618 2640 719 2721 qualis
742 2640 785 2701 sis
808 2647 862 2701 aut
884 2638 1182 2722 quemadmodum
1205 2637 1321 2699 vixeris
1343 2636 1423 2699 nihil
1446 2637 1580 2700 intersit.
1624 2634 1677 2701 90.
1700 2641 1769 2702 Nou

401 2733 708 2806 transmeaverunt,
736 2733 855 2815 inquit,
884 2732 989 2795 omnia
1011 2730 1058 2804 di,
1086 2751 1127 2793 ne
1151 2750 1240 2814 reges
1262 2728 1401 2812 quidem.
1449 2730 1534 2806 Quid
1564 2740 1613 2794 est
1641 2733 1770 2797 similet

439 2831 539 2907 Reges
561 2828 644 2889 euim
667 2828 693 2889 si
717 2828 851 2889 scientes
874 2825 1142 2908 praetermittunt,
1173 2843 1285 2905 magna
1315 2824 1408 2907 culpa
1430 2833 1487 2887 est.
1533 2823 1710 2888 XXXVlll.
1731 2827 1771 2889 At

438 2920 499 2984 deo
523 2940 562 2981 ne
585 2922 747 2984 excusatio
770 2920 898 3004 quidem
921 2927 969 2981 est
991 2918 1193 2982 inscientiae:
1217 2939 1310 3001 quem
1333 2939 1389 2980 vos
1413 2919 1570 3002 praeclare
1587 2917 1770 2995 defenditis,

438 3035 507 3078 cum
532 3015 636 3077 dicitis
659 3034 727 3077 eam
750 3016 812 3078 vim
836 3014 967 3076 deorum
992 3032 1077 3087 esse,
1101 3024 1150 3087 ut,
1174 3013 1317 3076 etiamsi
1341 3013 1413 3096 quis
1435 3021 1535 3076 morte
1557 3032 1679 3095 poenas
1704 3032 1771 3076 sce·

438 3108 513 3171 leris
535 3106 694 3190 ellugerit,
718 3117 907 3192 expetantur
928 3126 984 3169 eae
1008 3127 1129 3188 poenae
1152 3127 1171 3169 a
1195 3106 1319 3180 liberis,
1341 3127 1359 3169 a
1380 3108 1560 3189 nepotibus,
1584 3126 1602 3169 a
1624 3106 1770 3191 posteris.

400 3200 466 3265 ¹⁰0
489 3204 598 3265 miram
620 3204 811 3286 aequitatem
835 3202 988 3265 deoruml
1022 3203 1172 3264 Ferretnc
1196 3203 1304 3264 civitas
1327 3202 1393 3265 ulla
1416 3202 1547 3265 latorem
1570 3202 1663 3266 istius
1687 3201 1770 3266 modi

438 3296 533 3378 legis,
563 3305 598 3359 ut
619 3298 882 3359 condemnaretur
904 3293 983 3358 lilius
1005 3304 1060 3357 aut
1082 3316 1195 3377 nepos,
1226 3295 1252 3356 si
1276 3303 1364 3377 pater
1385 3304 1440 3358 aut
1461 3316 1540 3357 avus
1563 3294 1770 3378 deliquisscti

567 3391 735 3466 Quinam
760 3389 1073 3453 Tantalidarum
1096 3390 1365 3452 internicioui
1390 3390 1529 3454 modus

564 3485 754 3547 Paretur?
776 3494 841 3547 aut
864 3503 1056 3567 quaenam
1082 3503 1262 3567 umquam
1285 3483 1333 3544 ab
1356 3494 1521 3546 mortem
1544 3484 1701 3568 Myrtili

564 3580 708 3640 Poenis
731 3578 897 3641 luendis
920 3577 1088 3639 dabitur
1109 3578 1233 3639 satias
1257 3577 1458 3658 supplicii

400 3668 491 3734 salli.
517 3672 625 3735 Utrum
650 3679 760 3752 potitae
783 3671 908 3733 Stoicos
931 3671 1133 3753 depravarint
1155 3690 1195 3732 an
1219 3670 1316 3733 Stoici
1342 3670 1612 3752 poetis-dederint
1634 3672 1771 3737 auctori·

438 3774 545 3839 tatem,
568 3786 630 3828 uon
654 3764 746 3826 facile
769 3763 922 3841 dixerim3
947 3772 1092 3848 portenta
1116 3764 1199 3825 euim
1215 3765 1255 3825 ab
1272 3764 1416 3847 utrisque
1434 3773 1465 3828 et
1480 3767 1598 3848 degitis
1613 3766 1769 3831 dicuntur.

437 3862 548 3941 Neque
570 3860 668 3931 enim,
694 3880 789 3942 quem
813 3858 1020 3940 Hipponactis
1043 3858 1164 3919 iambus
1188 3857 1322 3918 laeserat
1343 3867 1398 3920 aut
1421 3859 1475 3943 qui
1500 3869 1568 3922 erat
1587 3861 1770 3925 Archilochi

438 3974 529 4017 versu
560 3952 756 4025 volneratus,
784 3972 803 4014 a
831 3952 892 4014 deo
921 3954 1084 4014 inmissum
1115 3949 1274 4023 dolorem,
1301 3971 1366 4013 non
1389 3962 1577 4035 conceptum
1600 3975 1618 4016 a
1642 3975 1676 4018 se
1699 3956 1771 4036 ipsu

438 4047 633 4119 continebat,
656 4067 727 4117 nec,
750 4066 821 4107 cum
844 4045 984 4128 Aegisthi
1008 4043 1172 4105 libidinem
1195 4052 1334 4107 autcum
1353 4046 1472 4107 Paridis
1489 4046 1650 4122 videmus,
1674 4050 1770 4112 adeo

401 4153 565 4205 sccausam
588 4140 792 4222 requirimus,
816 4161 886 4201 cum
909 4140 1022 4220 culpae
1045 4158 1145 4221 paene
1169 4159 1276 4200 vocem
1299 4140 1480 4210 audiamus,
1503 4163 1561 4203 nec
1578 4162 1637 4223 ego
1655 4142 1771 4205 multo·

438 4257 506 4298 rum
537 4255 702 4317 aegrorum
732 4234 863 4296 salutern
895 4254 956 4295 nou
988 4233 1027 4294 ab
1055 4232 1248 4313 Hippocrate
1272 4234 1377 4314 potius
1401 4254 1494 4315 quam
1518 4236 1557 4296 ab
1580 4235 1768 4318 Aesculapio

439 4330 542 4391 datam
567 4328 687 4400 iudico,
710 4349 767 4390 nec
785 4326 1105 4389 Lacedaemoniorum
1123 4325 1320 4408 disciplinam
1338 4326 1439 4388 dicam
1456 4349 1605 4411 umquam
1622 4329 1662 4390 ab
1679 4328 1771 4411 Apol-

439 4423 502 4485 liue
527 4423 628 4503 potius
652 4424 781 4503 Spartae
804 4442 898 4504 quam
922 4441 940 4482 a
963 4422 1106 4501 Lycurgo
1131 4420 1245 4481 datam.
1284 4420 1454 4494 Critolaus,
1483 4422 1629 4504 iuquam,
1659 4422 1772 4483 evertit

440 4517 640 4588 Corinthum,
664 4516 887 4595 Karthaginem
905 4514 1094 4576 Hasdrubal.
1134 4515 1172 4574 Hi
1196 4513 1258 4573 duo
1283 4514 1355 4574 illos
1372 4515 1478 4576 oculos
1495 4535 1569 4577 orae
1586 4516 1771 4578 maritumae

402 4610 629 4680 soedoderuut,
661 4630 724 4671 non
747 4611 844 4671 iratus
867 4609 985 4691 aliqui,
1018 4628 1111 4691 quem
1136 4609 1264 4669 omniuo
1289 4610 1380 4670 irasci
1405 4629 1497 4691 posse
1521 4610 1659 4690 negatis,
1684 4608 1772 4670 deus.

441 4704 590 4766 XXXIX.
613 4699 663 4764 92.
686 4707 726 4765 At
748 4704 914 4766 subvenire
937 4711 1020 4765 certe
1049 4702 1153 4784 potuit
1175 4711 1206 4763 et
1229 4722 1416 4764 conservare
1439 4704 1526 4765 urbis
1549 4711 1651 4765 tantas
1675 4710 1772 4785 atque

506 4992 529 5041 3.
550 4993 687 5052 arripimus
704 5005 772 5040 carr.
793 5005 828 5040 ur.
848 5006 902 5041 sec.
922 4994 946 5039 in
965 4992 1112 5039 ascribimus
1130 4992 1180 5040 AV
1201 5019 1227 5027 -
1252 4991 1521 5055 adtribuimusquacA
1543 5020 1567 5028 -
1587 4990 1611 5041 l.
1630 4991 1773 5039 samothra-

440 5082 498 5117 cum
516 5070 533 5117 A
546 5069 563 5116 u
575 5068 593 5116 C
605 5068 649 5113 Vt:
669 5067 897 5120 samothracum:
917 5068 1092 5114 samotraciam
1106 5066 1123 5114 Ε
1137 5081 1141 5120 ;
1160 5067 1356 5114 samothraciam
1369 5065 1428 5116 ΨΟ
1441 5093 1472 5100 -
1484 5068 1507 5114 5.
1522 5067 1609 5115 attacus
1626 5063 1664 5116 a:
1685 5059 1773 5127 ἄθεος

442 5143 588 5195 Manutius;
613 5142 698 5189 Atheos
716 5143 744 5190 0.
769 5141 807 5190 ct.
829 5143 835 5189 1
861 5141 934 5203 §aa
956 5166 982 5176 —
1008 5143 1111 5201 puidam
1133 5155 1201 5189 corr.
1221 5142 1245 5190 in
1264 5142 1362 5200 quidem
1381 5142 1397 5189 D
1420 5166 1444 5176 -
1469 5143 1566 5189 amicus
1581 5153 1635 5189 om.
1655 5139 1699 5198 A¹,
1724 5153 1772 5202 ego

442 5218 545 5268 seclusi.
566 5243 590 5252 ·-
617 5218 640 5266 6.
660 5219 783 5278 neclegens
801 5218 858 5265 ΑΒ1
880 5244 902 5253 -
925 5231 987 5265 aona
1005 5218 1026 5262 V
1046 5242 1071 5250 —
1095 5216 1118 5265 i.
1138 5218 1221 5264 multis
1239 5216 1327 5265 CPV¹
1348 5243 1373 5252 -
1398 5217 1438 5265 ro.
1457 5217 1513 5264 illut
1530 5215 1559 5265 A¹
1579 5241 1606 5251 -
1627 5217 1667 5264 tt.
1686 5218 1774 5265 nasim

442 5297 460 5343 P
481 5318 506 5328 -
530 5293 567 5340 ti,
588 5293 747 5340 incarner
766 5293 813 5342 iiis
831 5293 860 5351 V,
880 5294 901 5339 is
917 5296 952 5349 A,
971 5292 1007 5339 uis
1023 5293 1072 5340 BP
1092 5318 1117 5326 -
1139 5294 1178 5340 ta.
1192 5298 1218 5340 at
1237 5293 1254 5353 (t
1272 5292 1296 5339 in
1315 5292 1377 5352 rus)
1391 5294 1410 5340 A
1427 5319 1452 5326 —
1475 5292 1512 5339 ts.
1527 5296 1691 5353 expectantur
1702 5303 1771 5340 corr.

442 5370 467 5417 iu
485 5372 645 5430 aspectentur
663 5368 683 5413 V
698 5395 723 5403 -
744 5369 790 5415 bas
808 5370 826 5417 P
847 5394 871 5402 -
892 5382 923 5416 ac
940 5368 1066 5429 nepotibus
1083 5370 1161 5417 ,suc
1183 5395 1207 5402 -
1228 5369 1365 5429 aporiaris
1383 5381 1450 5416 corr.
1472 5369 1496 5415 in
1515 5382 1545 5415 ac
1561 5368 1666 5428 posteris
1683 5367 1770 5416 BV—

441 5446 482 5493 20.
501 5444 553 5492 ulta
570 5443 695 5492 ciuitasO
716 5471 741 5478 -
767 5444 806 5492 st.
826 5443 886 5504 legis
903 5456 972 5491 corr.
992 5456 1023 5490 ex
1041 5442 1105 5504 tapes
1122 5446 1141 5491 A
1164 5469 1188 5476 -
1214 5445 1438 5504 condempnaretur
1456 5439 1485 5489 Ψ
1510 5469 1536 5478 -
1560 5443 1600 5492 ii,
1622 5442 1659 5492 ct.
1680 5443 1773 5493 Chari-

442 5521 511 5569 sium
530 5520 538 5567 t
557 5531 581 5582 p.
596 5519 636 5566 70.
657 5545 683 5554 -
703 5520 859 5567 internicioui
876 5522 910 5567 A:
929 5518 1092 5566 interlectioni
1110 5521 1252 5581 (superscr.
1271 5522 1374 5579 arcioni]
1394 5521 1412 5568 C
1422 5536 1427 5575 ;
1447 5519 1607 5568 internecioni
1624 5518 1643 5566 Β
1654 5517 1673 5565 E
1683 5518 1702 5565 P
1712 5516 1734 5561 V
1742 5516 1772 5565 0.

443 5595 508 5644 Vide
527 5594 559 5643 ad
577 5596 657 5643 Tacit.
677 5597 742 5642 Anu.
763 5594 793 5650 lt,
812 5595 852 5641 at.
876 5621 901 5628 —
920 5593 960 5642 23.
978 5598 1051 5652 paret
1069 5606 1137 5640 corr.
1158 5595 1182 5641 iu
1198 5601 1337 5654 pararetur
1355 5596 1372 5644 D
1394 5620 1419 5629 -
1440 5596 1480 5645 il.
1500 5596 1578 5642 satias
1596 5593 1674 5642 ABV
1692 5594 1771 5650 (corr.

443 5672 468 5719 iu
486 5673 588 5719 satietas
604 5675 623 5719 A
635 5670 678 5730 ll:
697 5670 798 5716 salutas
816 5669 834 5718 C
847 5668 864 5716 E
881 5696 903 5702 -
919 5668 1026 5729 supplici
1044 5669 1109 5716 DC:
1128 5669 1239 5729 supplicii
1253 5673 1280 5728 A,
1299 5672 1411 5731 suppticp
1425 5671 1458 5728 E,
1477 5669 1590 5730 supplicii
1601 5668 1624 5714 V
1637 5692 1663 5701 -
1678 5666 1720 5714 su.
1733 5665 1774 5713 dl-

442 5753 533 5794 cuntur
550 5758 602 5794 om.
622 5749 640 5795 P
661 5774 687 5781 -
712 5745 751 5793 29.
771 5745 878 5808 nepesini
895 5741 926 5789 Ψ
947 5772 972 5780 -
997 5743 1198 5804 parridisv1—
1220 5744 1259 5793 30.
1275 5758 1354 5805 pocne
1371 5745 1404 5803 B;
1425 5758 1478 5793 om.
1498 5746 1516 5794 C
1537 5769 1563 5778 -
1583 5742 1624 5791 st.
1643 5742 1772 5803 ippacrats

444 5821 536 5879 ABV,
558 5827 677 5882 ypocrate
698 5822 747 5872 Cli
767 5846 793 5856 ·-
818 5819 858 5868 dl.
877 5821 968 5868 iudicio
988 5820 1042 5868 ΡΨ
1063 5846 1090 5856 -
1116 5821 1156 5869 33.
1176 5822 1314 5870 critolaum
1330 5819 1390 5869 ΑΨ
1409 5846 1435 5855 -
1456 5819 1496 5870 st.
1514 5819 1654 5868 corbicium
1671 5816 1723 5867 AV
1742 5841 1769 5851 -

442 5896 613 5959 carthaginem
630 5896 721 5956 ARV,
746 5897 910 5958 Kartaginem
928 5896 946 5944 E
969 5923 993 5932 -
1016 5896 1137 5945 asdrubal
1154 5893 1175 5947 ‘11
1202 5922 1228 5933 -
1253 5897 1302 5944 dua
1319 5901 1463 5960 (superscr.
1482 5895 1550 5954 duos)
1569 5894 1590 5942 V
1609 5920 1636 5931 -
1661 5891 1701 5942 sa.
1720 5891 1772 5942 ati·

443 5971 485 6020 arai
502 5970 561 6020 ΡΨ
580 5999 605 6009 -
624 5973 683 6022 daus
700 5972 842 6023 Lambinus
859 5976 887 6021 et
903 5969 954 6020 cod
983 5971 1078 6034 Regius
1096 5972 1208 6022 Davisii:
1228 5968 1348 6022 daumii.
