4342 7459
781 1248 850 1315 uu.
864 1248 889 1312 1.
918 1248 1145 1317 derv-v.
1175 1248 1222 1335 ss
1243 1247 1371 1316 s-ro
1677 1245 1741 1317 oto

410 1410 484 1475 darn
504 1428 647 1474 amorem
667 1408 702 1473 in
723 1427 791 1484 eos,
813 1409 869 1493 qui
891 1412 1050 1493 procreati
1072 1418 1155 1487 sunt,
1176 1411 1376 1498 impellitque
1395 1419 1434 1478 ut
1446 1412 1613 1479 bominum
1628 1420 1740 1480 coetus

409 1512 442 1569 ct
463 1503 696 1568 celebrationes
722 1512 755 1566 et
784 1522 855 1567 esse
884 1514 917 1567 et
941 1524 961 1567 a
988 1524 1024 1568 se
1053 1505 1134 1568 obiri
1161 1506 1241 1570 velit
1267 1507 1309 1570 ob
1335 1526 1457 1593 easque
1478 1527 1590 1573 cauma
1612 1508 1740 1574 studeat

407 1618 521 1684 parare
542 1616 591 1672 ea,
613 1616 696 1681 qnae
718 1596 922 1680 suppeditent
943 1598 983 1662 ad
1006 1598 1128 1663 cultum
1150 1608 1183 1664 et
1203 1598 1246 1664 ad
1267 1600 1395 1676 victum,
1418 1620 1478 1665 nec
1500 1602 1562 1666 sibi
1583 1603 1658 1679 soli,
1680 1603 1738 1668 sed

408 1694 556 1778 coniugi,
587 1692 697 1756 liberis
726 1691 921 1777 ceterisque,
950 1711 1032 1776 quos
1061 1712 1152 1758 caros
1180 1693 1295 1757 babeat
1321 1695 1470 1780 tuerique
1493 1694 1624 1766 debeat:
1654 1715 1738 1782 quae

407 1809 484 1853 cura
504 1787 680 1853 exsuscitat
701 1787 795 1850 etiam
816 1786 939 1849 animos
962 1793 995 1850 et
1015 1786 1151 1851 maiores
1173 1788 1213 1850 ad
1234 1807 1300 1851 rem
1322 1789 1493 1873 gerendam
1507 1788 1593 1854 iacit
1627 1785 1678 1852 ⁴3.
1700 1790 1762 1853 lna

407 1882 582 1966 primisque
602 1881 741 1944 bominis
763 1887 812 1943 eet
832 1881 961 1963 propria
984 1880 1049 1943 veri
1072 1881 1239 1965 inquisitio
1261 1889 1357 1968 atque
1374 1884 1590 1968 investigatio.
1626 1884 1737 1969 ltaque

408 1998 481 2041 cum
510 1995 620 2040 snmus
649 1974 840 2038 necessariis
868 1975 1004 2056 negotiis
1033 1976 1184 2058 curisque
1212 1977 1322 2053 vacui,
1355 1985 1421 2042 tum
1453 1997 1584 2042 avemus
1613 1977 1737 2061 aliquid

406 2069 534 2143 videre,
562 2068 691 2143 audire,
720 2067 904 2142 addiscere,
932 2068 1212 2156 cognitionemque
1242 2091 1347 2135 rerum
1375 2079 1431 2136 aut
1459 2073 1654 2138 occultarum
1681 2078 1738 2136 aut

408 2162 640 2227 admirabilium
661 2162 702 2225 ad
724 2162 816 2224 beate
837 2161 1009 2225 vivendum
1030 2163 1241 2227 neceesarium
1258 2162 1412 2229 ducimus.
1454 2166 1504 2229 lix
1526 2186 1590 2252 quo
1611 2154 1737 2231 intelle-

407 2257 507 2341 gitur,
536 2256 623 2339 qnod
646 2276 774 2329 verum,
803 2255 940 2337 simplex
964 2255 1189 2340 sincerumque
1211 2258 1270 2331 sit,
1297 2258 1329 2320 id
1353 2278 1423 2323 esse
1444 2267 1577 2324 naturae
1598 2260 1774 2325 boministo

406 2350 617 2434 aptissimum.
650 2351 734 2413 Huic
756 2351 823 2413 veri
845 2349 975 2413 videndi
998 2350 1165 2433 cupiditati
1187 2351 1337 2415 adiuncta
1351 2360 1400 2416 est
1412 2353 1565 2436 adpetitio
1581 2356 1736 2437 quaedam

406 2445 617 2530 principatus,
647 2451 683 2507 ut
710 2444 830 2507 nemini
859 2463 970 2527 parere
997 2444 1124 2506 animus
1153 2444 1235 2507 bene
1262 2445 1450 2510 informatus
1477 2466 1497 2511 a
1524 2455 1637 2513 natura
1657 2448 1737 2512 velit

406 2540 468 2603 nisi
493 2533 723 2622 [praecipienti]
752 2546 809 2600 aut
836 2538 962 2600 docenti
991 2548 1046 2603 aut
1072 2540 1218 2603 utilitatis
1240 2559 1336 2605 causa
1357 2542 1441 2606 iuste
1461 2551 1494 2606 et
1514 2542 1655 2624 legitime
1675 2542 1736 2605 im-

406 2634 546 2718 perantis
568 2652 609 2695 ex
632 2651 696 2715 quo
719 2632 902 2715 magnitudo
923 2632 1022 2695 enimi
1045 2634 1153 2696 existit
1174 2633 1447 2719 humanarumque
1468 2656 1574 2700 rerum
1596 2643 1735 2700 contem·

407 2726 485 2812 ptio.
529 2722 580 2788 li.
606 2728 672 2789 Nec
695 2746 770 2789 vero
791 2726 849 2788 illa
869 2745 965 2809 parva
987 2728 1035 2790 vis
1057 2735 1189 2790 naturae
1211 2735 1260 2791 est
1281 2728 1497 2813 rationisque,
1525 2729 1612 2814 quod
1634 2743 1773 2791 unumst

407 2822 466 2887 boc
485 2820 603 2886 animal
625 2820 737 2894 sentit,
768 2819 846 2903 quid
868 2820 909 2883 sit
930 2820 1025 2894 ordo,
1053 2820 1131 2905 quid
1153 2822 1195 2884 sit
1216 2822 1302 2905 quod
1327 2822 1438 2886 deceat
1458 2825 1493 2888 in
1513 2822 1605 2888 tactis
1627 2821 1735 2886 dictis-

407 2938 481 3002 que,
504 2917 561 2999 qni
582 2914 707 2978 modus.
751 2916 862 2997 ltaque
884 2932 993 2976 eorum
1015 2915 1165 2999 ipsorum,
1189 2934 1272 2998 quae
1294 2924 1424 3000 aspectu
1444 2917 1641 2992 sentiuntur,
1662 2914 1736 2979 uul-

406 3011 472 3075 lum
500 3010 588 3074 aliud
618 3007 735 3071 animal
758 3006 1044 3090 pulchritudinem,
1077 3016 1290 3084 venustatem,
1319 3013 1575 3075 convenientiam
1597 3011 1734 3094 partium

406 3106 516 3169 sentit:
547 3122 641 3188 quam
664 3101 902 3165 similitudinem
924 3108 1037 3165 natura
1059 3101 1205 3187 ratioque
1226 3104 1266 3166 ab
1287 3104 1390 3167 oculis
1410 3106 1451 3168 ad
1472 3105 1610 3168 animum
1632 3110 1735 3167 bans·

405 3198 513 3262 tereus
535 3196 635 3260 multo
657 3198 752 3259 etiam
777 3196 876 3275 magis
898 3194 1179 3276 pulchritudinem,
1201 3199 1422 3272 constantiam,
1443 3198 1587 3262 ordinem
1607 3197 1641 3260 in
1659 3211 1773 3263 sou-tt

407 3292 488 3356 siliis
510 3289 665 3373 lactisque
687 3289 904 3353 conservanda
931 3297 1022 3374 putat
1047 3296 1203 3372 cavetque
1231 3308 1273 3352 ne
1302 3290 1380 3373 quid
1401 3291 1551 3354 indecore
1572 3289 1736 3354 effemina-

406 3394 478 3449 teve
498 3383 603 3457 iaoiat,
627 3392 693 3447 tum
716 3384 749 3446 in
773 3382 921 3445 omnibus
943 3390 975 3444 et
996 3383 1204 3464 opinionibus
1226 3390 1258 3446 ct
1279 3383 1379 3456 factis,
1402 3405 1443 3448 ne
1458 3384 1537 3468 quid
1551 3382 1734 3449 lubidinose

406 3487 463 3543 aut
483 3478 580 3541 iaciat
600 3485 656 3541 aut
678 3478 805 3560 cogitet.
850 3477 975 3554 Quibus
998 3497 1039 3540 ex
1060 3477 1156 3540 rebus
1180 3478 1336 3541 condatur
1356 3485 1388 3541 et
1410 3477 1546 3542 efficitur
1565 3477 1617 3552 id,
1646 3477 1734 3561 quod

408 3574 604 3659 quaerimus,
625 3571 813 3636 honestum:
836 3571 922 3655 quod
946 3572 1043 3634 etiam
1065 3572 1092 3633 si
1115 3572 1316 3635 nobilitatum
1338 3592 1402 3636 uon
1425 3574 1484 3648 sit,
1505 3580 1612 3636 tamen
1633 3571 1735 3636 bone-

408 3679 490 3733 stum
512 3668 568 3742 sit,
592 3668 741 3752 quodque
763 3687 837 3729 vere
859 3666 1006 3740 dicimus,
1028 3666 1124 3729 etiam
1146 3666 1173 3728 si
1196 3686 1215 3729 a
1236 3666 1327 3729 nullo
1348 3666 1508 3743 laudetur,
1530 3674 1643 3731 natura
1664 3677 1773 3731 esse!

407 3763 578 3826 laudabile.

491 3858 528 3918 V.
551 3852 600 3917 ⁴5.
624 3857 768 3918 Formam
790 3855 919 3938 quidem
941 3855 1058 3936 ipsam,
1080 3856 1185 3918 blarcc
1207 3851 1261 3928 fili,
1284 3862 1317 3918 et
1334 3862 1494 3940 tamquam
1508 3854 1622 3920 faciem
1635 3855 1736 3920 bone-

407 3952 446 4016 sti
469 3950 577 4024 videe,
606 3968 689 4032 quae
719 3950 746 4012 si
776 3948 877 4011 oculis
907 3955 1106 4019 cerneretur,
1136 3948 1298 4013 mirabiles
1328 3969 1470 4024 amores,
1498 3959 1535 4013 ut
1561 3951 1607 4015 ait
1632 3950 1734 4025 Plato,

407 4045 561 4108 excitaret
582 4043 767 4125 sapientiae.
812 4042 874 4104 Sed
898 4062 1008 4116 omne,
1037 4041 1126 4125 quod
1149 4050 1196 4105 est
1217 4042 1406 4118 bonestum,
1434 4042 1468 4106 id
1490 4050 1642 4129 quattuor
1661 4060 1735 4125 par·

406 4140 485 4202 tium
508 4137 608 4200 oritur
629 4156 670 4199 ex
692 4136 807 4217 aliqua.
856 4138 920 4198 Aut
941 4136 1024 4197 enim
1047 4135 1080 4196 in
1103 4136 1327 4219 perspicientia
1349 4138 1415 4201 veri
1437 4137 1642 4220 sollertiaque
1663 4146 1773 4199 verm

407 4240 496 4296 satur
524 4238 577 4294 aut
604 4231 637 4293 in
666 4229 830 4292 bominum
860 4228 1010 4291 socictate
1038 4231 1156 4292 tuenda
1184 4230 1421 4313 tribuendoque
1450 4251 1541 4294 suum
1563 4232 1681 4315 cuique
1703 4236 1736 4294 st

407 4344 512 4388 rerum
535 4331 765 4386 contractarum
789 4319 851 4384 fide
873 4322 982 4385 autin
1005 4324 1102 4385 animi
1125 4323 1245 4387 excelsi
1266 4331 1364 4407 atque
1385 4324 1495 4388 invicti
1517 4324 1735 4407 magnitudine

407 4438 445 4483 ac
465 4418 579 4481 robore
600 4418 708 4480 autin
731 4416 882 4489 omnium,
905 4435 988 4498 quae
1011 4413 1091 4480 fiunt
1112 4437 1259 4500 quaeque
1282 4417 1439 4493 dicuutur,
1456 4418 1568 4481 ordine
1583 4425 1616 4481 et
1629 4418 1735 4493 modo,

408 4513 443 4576 in
465 4531 528 4595 quo
551 4513 635 4575 inest
656 4510 813 4575 modestia
835 4517 867 4573 et
890 4512 1108 4593 temperantia.
1155 4510 1244 4587 Quae
1266 4518 1417 4594 quattuor
1438 4530 1630 4594 quamquam
1652 4512 1736 4574 inter

408 4626 442 4670 se
465 4605 612 4687 colligata
640 4613 737 4688 atque
764 4604 924 4686 implicata
954 4612 1044 4679 sunt,
1073 4612 1178 4667 tamen
1209 4624 1249 4667 ex
1280 4604 1414 4687 singulis
1444 4611 1529 4667 certa
1557 4599 1774 4667 officiumne

408 4719 524 4786 genera
547 4708 735 4772 nascuntur,
763 4700 850 4761 velut
873 4717 913 4760 ex
935 4717 972 4760 ea
994 4706 1099 4780 parte,
1124 4717 1208 4782 quae
1230 4699 1329 4781 prima
1353 4698 1511 4780 descripta
1532 4705 1594 4771 est,
1615 4698 1650 4761 in
1673 4716 1738 4781 qua

409 4794 594 4877 sapientiam
618 4803 649 4855 ct
672 4794 873 4875 prudentiam
896 4792 1059 4874 ponimus,
1087 4793 1170 4855 inest
1193 4791 1353 4874 indagatio
1375 4800 1473 4874 atque
1494 4791 1636 4854 inventio
1657 4791 1736 4867 veri,

408 4892 540 4972 eiusque
563 4880 687 4950 virtutis
710 4887 771 4949 boc
794 4906 908 4949 munus
930 4893 978 4948 est
999 4886 1173 4969 proprium.
1218 4881 1269 4947 ld.
1292 4885 1331 4948 Ut
1344 4885 1429 4948 enim
1446 4886 1585 4968 quisque
1599 4884 1735 4950 maxime

409 4985 573 5068 perspicit,
597 4981 674 5063 quid
698 4981 730 5042 in
754 5002 787 5043 re
811 5000 938 5065 quaque
959 4981 1159 5043 verissimum
1181 4981 1233 5053 sit,
1255 4979 1374 5062 quique
1392 4979 1575 5043 acutissime
1590 4986 1622 5041 et
1636 4977 1736 5042 celer·

407 5077 487 5140 rime
508 5083 616 5158 potest
638 5083 668 5138 et
689 5075 799 5138 videre
823 5082 853 5137 et
875 5074 1035 5158 explicare
1057 5074 1229 5149 rationem,
1243 5074 1269 5137 is
1284 5074 1548 5156 prudentissimus
1564 5080 1597 5137 ot
1610 5073 1774 5157 sapien-to

474 5363 758 5413 tostasbominumo
780 5389 806 5399 -
834 5363 1023 5413 tetartaeo
1045 5388 1071 5398 -
1101 5360 1737 5425 3.eo]ets-udcalttauc(etiemabl:et

408 5438 584 5491 adesdum
612 5465 638 5474 -
666 5437 981 5502 tcooiugtetltoeruo
1008 5464 1035 5474 -
1062 5437 1293 5499 &praemorso
1321 5461 1346 5475 -
1376 5435 1737 5488 inaestuabatbobcmua

408 5514 509 5566 Allbo
534 5540 568 5550 -
599 5513 713 5562 ttucrs'
736 5515 934 5564 coruinum
957 5526 975 5565 s
1002 5514 1098 5563 -.⁴3.
1115 5510 1347 5575 pruectpteottdel.
1367 5513 1456 5563 Herm.
1476 5513 1616 5577 saupplus.
1652 5512 1736 5563 mam

408 5591 516 5649 Cicero,
538 5590 561 5640 ei
578 5589 660 5638 verba
676 5590 821 5651 prorupere
838 5592 865 5640 et
881 5592 968 5639 docere
984 5590 1145 5651 coniungere
1162 5586 1255 5650 vellet,
1277 5593 1323 5638 out
1336 5587 1500 5651 praecipienti
1515 5593 1540 5638 et
1555 5587 1652 5637 dcem
1667 5588 1737 5638 scri·

408 5667 530 5731 pauset·
550 5692 576 5700 -
607 5665 646 5716 tl.
665 5667 807 5715 cmuirtito
835 5693 862 5703 -
889 5665 1011 5715 cmteetto
1029 5666 1102 5729 ltsp
1126 5689 1152 5700 -
1180 5664 1342 5728 ipsorumque
1358 5668 1537 5725 aspectus·
1567 5660 1606 5710 ts.
1626 5660 1736 5725 quida

406 5742 469 5791 ordo
490 5753 579 5803 omp
608 5766 633 5775 —
663 5742 703 5790 tt.
722 5741 886 5802 quidmodus
906 5740 1001 5804 [Inger.
1030 5766 1057 5775 -
1084 5741 1125 5789 2⁴.
1144 5738 1316 5788 suscensendo
1336 5736 1414 5788 codd.
1434 5734 1534 5801 aliquot
1554 5735 1734 5786 recentiores:

407 5816 643 5866 maduere
667 5814 955 5877 (cmscruundlibbou
982 5814 1214 5865 commodumve
1241 5840 1267 5851 -
1295 5812 1335 5864 tl.
1353 5813 1482 5862 bouum
1497 5813 1528 5862 stt
1545 5812 1564 5863 C
1583 5812 1673 5874 (ettam
1688 5810 1733 5876 sl:

408 5891 536 5940 boantem
551 5896 619 5942 esto
644 5918 671 5927 -
698 5890 739 5941 ii.
757 5891 839 5953 ipsum
859 5903 947 5941 omo
971 5918 1004 5929 -
1028 5892 1069 5942 29.
1089 5890 1226 5954 supientiae
1242 5888 1466 5942 secltlernhard.
1486 5913 1514 5925 -
1541 5893 1646 5940 ersom
1665 5888 1736 5940 ll-

408 5964 1386 6031 et.querrB1-anuooootsvodeesusstsemeronttoep-
1411 5963 1635 6031 domidedun.
