4342 7459
448 1235 511 1305 7l0
988 1241 1042 1304 Dll
1064 1240 1236 1305 OFFlCllS

448 1402 574 1468 laudem
597 1400 808 1465 meoiudicio
830 1399 1070 1482 assequebatur.
1113 1401 1208 1464 Nulla
1229 1400 1314 1463 enim
1335 1399 1404 1462 eius
1425 1401 1547 1482 ingenii
1566 1413 1781 1474 monumen

446 1499 593 1563 mandata
615 1496 740 1569 litteris,
762 1493 886 1559 nullum
908 1514 990 1576 opus
1013 1494 1080 1568 otii,
1102 1494 1225 1557 nullum
1248 1493 1430 1557 solitudinis
1452 1515 1565 1560 munus
1587 1504 1713 1563 emtat:
1733 1518 1779 1565 ex

446 1612 510 1677 que
541 1589 684 1671 intellegi
717 1587 811 1651 debet
846 1585 937 1651 illum
971 1586 1088 1650 mentis
1119 1586 1290 1668 agitatione
1322 1588 1633 1673 investigationeque
1665 1611 1779 1658 earnm

445 1705 564 1759 rerum,
587 1701 667 1766 quas
692 1680 862 1763 cogitando
884 1681 1152 1762 consequebatur,
1175 1701 1234 1745 nec
1255 1683 1391 1745 otiosum
1413 1701 1474 1746 nec
1495 1682 1600 1748 solum
1621 1706 1778 1770 nmquam

421 1780 559 1845 eluisse:
592 1796 650 1839 nos
677 1784 801 1848 autem,
830 1774 885 1858 qui
914 1794 978 1837 non
1007 1783 1130 1852 tanturn
1157 1774 1282 1837 roboris
1311 1774 1479 1851 babemus,
1513 1786 1549 1841 ut
1577 1780 1777 1863 cogitatione

445 1875 536 1939 tacita
565 1892 585 1936 a
614 1870 785 1935 solitudine
814 1869 1051 1943 abstrahamur,
1082 1868 1123 1931 ad
1151 1868 1234 1931 banc
1257 1868 1416 1931 scribendi
1439 1890 1568 1952 operam
1590 1892 1687 1939 omne
1709 1885 1777 1941 stu·

446 1968 532 2032 dium
558 1984 730 2049 curamque
753 1964 977 2028 convertimus.
1022 1964 1132 2044 ltaque
1155 1961 1245 2043 plura
1269 1962 1358 2025 breui
1380 1970 1522 2047 tempore
1544 1985 1655 2033 eversa
1677 1990 1777 2053 qnam

444 2063 550 2126 multis
572 2060 664 2124 annis
686 2065 790 2121 sente
812 2077 847 2121 re
870 2057 997 2139 publica
1019 2058 1217 2138 scripsimus.
1321 2102 1326 2112 .

528 2156 568 2218 ll.
597 2153 627 2217 5.
657 2154 718 2217 Sed
741 2173 812 2217 curn
834 2160 901 2215 tota
924 2149 1144 2234 philosophia,
1166 2151 1209 2214 mi
1233 2148 1361 2224 Cicero,
1383 2149 1535 2236 frugifera
1557 2163 1589 2218 et
1609 2153 1776 2227 inactuosa

405 2269 503 2317 tonse
522 2251 589 2315 ulla
610 2267 683 2331 pare
705 2248 773 2312 eins
795 2245 917 2310 inculta
938 2265 974 2308 ae
996 2246 1122 2309 deserte
1145 2246 1197 2319 sit,
1220 2251 1287 2309 tem
1309 2245 1418 2310 nullus
1433 2246 1568 2312 feracior
1582 2251 1615 2313 in
1630 2269 1669 2314 ea
1684 2252 1776 2319 lecns

443 2354 493 2411 est
512 2365 572 2409 nec
594 2342 723 2408 uberior
745 2360 840 2425 quarn
864 2339 904 2401 de
926 2336 1055 2411 officiis,
1073 2358 1091 2401 a
1107 2339 1225 2421 quibus
1238 2346 1419 2402 constanter
1432 2339 1630 2426 honesteque
1644 2346 1777 2414 visendi

443 2447 610 2525 praecepte
631 2438 797 2499 ducuntur.
834 2433 905 2509 Qua
920 2452 955 2495 re
970 2451 1162 2515 quamquem
1178 2452 1196 2495 a
1213 2430 1362 2515 Cratippo
1384 2441 1504 2510 nestro,
1520 2437 1664 2521 principe
1678 2440 1776 2507 buius

443 2532 614 2598 memoriae
635 2527 909 2614 pbilosophorum,
931 2527 1009 2590 baec
1032 2534 1064 2588 te
1085 2525 1215 2590 assidue
1237 2526 1347 2590 audire
1369 2535 1464 2611 alque
1478 2532 1623 2615 accipere
1638 2532 1775 2611 conlido,

442 2636 547 2691 tamen
577 2622 756 2688 conducere
784 2622 921 2685 arbitror
949 2620 1065 2683 talibus
1094 2639 1188 2683 aures
1218 2627 1287 2684 tuas
1317 2621 1445 2685 vecibus
1475 2625 1616 2709 undique
1637 2628 1776 2695 circum·

404 2737 555 2786 caenare
583 2736 643 2782 neo
670 2737 742 2791 eas,
771 2716 798 2780 si
821 2712 888 2780 lieri
911 2715 1029 2798 possit,
1057 2715 1231 2799 quicquam
1252 2714 1340 2777 aliud
1362 2714 1482 2781 audire.
1527 2718 1556 2783 6.
1580 2721 1677 2798 Quod
1699 2745 1775 2790 cnm

441 2814 589 2880 omnibus
610 2820 659 2875 est
679 2809 870 2881 iaciendum,
892 2810 947 2892 qui
970 2809 1065 2873 vitam
1087 2808 1254 2872 honestem
1276 2809 1400 2891 ingredi
1423 2813 1574 2896 cogitant,
1597 2824 1663 2882 tum
1686 2818 1774 2885 band

441 2909 508 2974 seio
538 2927 580 2970 an
608 2906 728 2969 nemini
759 2904 865 2987 potius
888 2922 983 2984 quam
1005 2904 1073 2966 tibi.
1118 2903 1261 2966 Sustines
1283 2905 1366 2967 enim
1388 2925 1454 2969 aon
1475 2926 1603 2991 parvam
1626 2922 1775 2996 expecta·

441 3003 560 3067 tionem
581 2999 753 3066 imitandae
774 2998 949 3061 industriae
971 3007 1108 3070 nestrae,
1130 3016 1276 3080 magnam
1298 3002 1466 3074 bonorum,
1488 3021 1552 3065 non
1568 3004 1691 3071 nullam
1708 3006 1776 3073 ier·

442 3104 525 3160 tasse
552 3095 702 3160 neminie.
745 3091 919 3175 Suscepisti
947 3111 1027 3155 onus
1056 3099 1221 3174 praeterea
1250 3113 1346 3176 grave
1373 3104 1406 3158 et
1426 3095 1619 3163 Athenarum
1642 3106 1678 3163 et
1698 3101 1775 3167 Cra·

402 3191 538 3273 attippi:
566 3190 607 3254 ad
629 3207 711 3273 ques
741 3207 811 3250 cum
841 3196 1001 3268 umquam
1029 3188 1068 3249 ad
1092 3195 1299 3252 mercaturam
1321 3189 1475 3253 bonarum
1497 3191 1610 3255 artium
1632 3194 1679 3258 sia
1700 3215 1775 3279 pre-

441 3282 553 3358 fectus,
574 3285 701 3348 inanem
724 3281 829 3344 redire
844 3280 1061 3363 turpissimum
1078 3289 1127 3344 est
1142 3281 1386 3345 dedecorantem
1402 3292 1434 3346 et
1448 3284 1536 3348 urbia
1549 3288 1773 3354 auctoritatam

441 3386 474 3442 et
495 3379 648 3461 magistri.
693 3377 813 3453 Quare
836 3383 990 3457 quantum
1012 3374 1108 3437 coniti
1132 3375 1239 3437 anime
1262 3383 1369 3459 potes,
1392 3384 1544 3459 quantum
1566 3377 1676 3443 labere
1697 3401 1776 3446 eon·

440 3472 582 3546 tendere,
605 3472 631 3536 si
652 3470 797 3534 discendi
820 3470 910 3532 labor
932 3478 981 3531 est
1002 3469 1109 3550 potius
1132 3489 1227 3551 quam
1250 3469 1407 3552 voluptas,
1431 3477 1552 3533 tantum
1574 3471 1624 3536 iac
1644 3482 1682 3538 ut
1704 3474 1775 3541 elli·

442 3567 507 3630 cias
529 3586 609 3630 nese
631 3563 808 3628 committas
829 3571 882 3636 ut,
912 3583 983 3624 cem
1006 3563 1113 3626 omnia
1134 3561 1337 3644 suppeditata
1359 3565 1423 3627 sint
1443 3583 1461 3626 a
1484 3564 1591 3639 nobie,
1622 3575 1692 3632 tute
1713 3570 1774 3635 tibi

400 3660 581 3726 atdeinisse
603 3660 741 3723 videare.
785 3658 848 3721 Sed
870 3657 950 3720 baec
972 3658 1142 3730 bactenus;
1173 3657 1273 3719 multa
1303 3656 1386 3718 enim
1418 3676 1513 3740 saepe
1540 3657 1579 3720 ad
1602 3668 1634 3723 te
1655 3663 1775 3729 cohor·

440 3755 527 3817 tandi
549 3755 650 3836 gratia
671 3752 870 3834 scripsimus:
901 3770 986 3813 nunc
1013 3749 1052 3813 ad
1074 3750 1230 3833 reliquam
1252 3758 1373 3832 partem
1397 3754 1579 3836 propositae
1601 3753 1774 3824 divisionis

440 3853 647 3909 mrenamur.

524 3938 556 4004 7.
584 3941 752 4004 Panaetius
779 3940 893 4022 igitur,
922 3939 978 4023 qui
1005 3939 1074 4002 sine
1097 3939 1314 4003 controversia
1336 3938 1375 4001 de
1398 3935 1512 4002 officiis
1533 3943 1774 4013 accuratissime

441 4033 614 4118 disputavit
641 4053 801 4117 quemque
827 4054 886 4096 nos
909 4032 1102 4095 correctione
1125 4034 1260 4114 quadarn
1283 4032 1424 4096 adbibita
1446 4035 1645 4115 potissimum
1667 4040 1774 4105 muti

401 4142 560 4201 cosumus,
583 4129 683 4191 tribue
706 4127 875 4209 generibus
898 4128 1079 4208 propositis,
1102 4129 1132 4189 iu
1158 4128 1272 4211 quibus
1294 4126 1470 4190 deliberare
1485 4128 1630 4192 homines
1646 4139 1680 4194 et
1696 4153 1775 4197 con·

440 4223 556 4285 sultare
584 4223 625 4285 de
653 4218 757 4284 cilicio
786 4219 940 4294 solerent,
974 4240 1038 4284 uno
1061 4242 1132 4284 cum
1156 4222 1354 4294 dubitarent,
1386 4219 1595 4285 honestumne
1619 4225 1650 4287 id
1674 4238 1774 4302 esset,

440 4315 479 4378 dc
501 4337 567 4398 quo
590 4323 745 4399 ageretur,
768 4335 807 4377 an
831 4323 931 4396 turpe,
956 4315 1064 4386 altero,
1088 4315 1207 4377 utilene
1231 4322 1315 4376 esset
1336 4333 1376 4375 an
1399 4315 1522 4387 inutile,
1545 4316 1649 4389 tertio,
1671 4320 1701 4382 si
1727 4322 1773 4396 id,

439 4410 525 4493 quod
547 4412 686 4491 speciem
709 4408 841 4471 baberet
861 4408 1005 4481 bonesti,
1035 4417 1189 4490 pugnaret
1211 4429 1282 4469 cum
1306 4427 1361 4480 ee,
1385 4406 1472 4489 quod
1495 4409 1573 4471 utile
1595 4410 1773 4490 videretur,

439 4521 504 4584 quo
535 4502 629 4565 modo
660 4522 697 4564 ea
729 4503 865 4566 discerni
896 4511 1070 4584 oporteret,
1105 4502 1145 4563 de
1176 4502 1301 4564 duobus
1331 4498 1501 4582 generibus
1527 4503 1635 4586 primis
1665 4507 1774 4573 tribus

400 4596 527 4659 selibris
550 4597 738 4679 explicavit,
768 4597 809 4658 de
838 4597 929 4659 tertio
956 4606 1060 4658 autem
1090 4614 1204 4676 genere
1233 4596 1382 4676 deinceps
1405 4615 1440 4658 se
1462 4597 1587 4679 scripsit
1607 4597 1774 4667 dietumm

440 4710 498 4754 uec
521 4692 658 4753 exsolvit
684 4691 732 4763 id,
755 4689 839 4773 qued
862 4691 1060 4771 premiserat
1105 4688 1135 4748 8.
1165 4689 1258 4763 Quod
1282 4708 1320 4751 eo
1343 4690 1442 4770 magis
1465 4691 1573 4764 mirer,
1595 4693 1669 4774 quia
1692 4697 1774 4760 scri-

439 4794 527 4867 ptum
556 4804 574 4847 a
604 4782 759 4866 discipule
788 4785 858 4845 eius
880 4781 1051 4844 Posidonio
1081 4790 1143 4855 est,
1174 4784 1301 4864 triginta
1329 4785 1421 4846 annis
1445 4786 1561 4849 vixisse
1584 4789 1773 4854 Panaetium

439 4887 549 4961 postea
582 4897 678 4962 quam
710 4877 783 4941 illos
814 4876 911 4938 libros
944 4875 1104 4938 edidisset.
1160 4876 1261 4950 Quem
1291 4877 1395 4940 lecum
1423 4880 1521 4941 miror
1548 4900 1567 4943 a
1595 4881 1774 4949 Posidonio

438 4973 577 5034 breviter
598 4991 669 5034 esse
692 4979 807 5035 tectum
831 4970 862 5031 in
888 4970 1079 5052 quibusdam
1103 4973 1345 5045 commentariis,
1368 4975 1549 5055 praesertim
1565 4994 1634 5036 cum
1651 4977 1775 5042 scribat

400 5065 560 5129 tonullum
591 5083 660 5129 esse
690 5065 794 5128 lecum
822 5065 854 5126 in
883 5072 947 5127 tota
976 5064 1180 5149 pbilesepbia
1207 5074 1270 5128 tam
1298 5068 1522 5129 necessarium.
1577 5063 1606 5128 9.
1637 5069 1773 5136 blinimc

504 5282 527 5331 4.
545 5282 698 5331 monimento
714 5280 783 5329 Bne
804 5304 827 5315 -
852 5278 877 5327 2.
896 5292 929 5327 sc
945 5291 995 5339 ooo
1012 5280 1119 5342 iutettspt
1136 5280 1205 5330 debet
1221 5281 1292 5328 44444444
1308 5282 1397 5330 mentis
1412 5280 1612 5344 agitatioeepuce
1628 5297 1723 5336 earm
1733 5310 1773 5327 ..

436 5357 512 5419 4444444
528 5357 628 5406 Nonius
645 5355 740 5417 44970.
771 5379 797 5389 -
826 5351 849 5402 l.
868 5367 913 5402 occ
929 5354 1035 5404 otiosum
1051 5356 1167 5406 Bllsb:
1191 5357 1393 5419 negociorum,
1418 5369 1496 5418 oeque
1512 5359 1616 5407 otiosam
1641 5370 1657 5408 e
1687 5387 1715 5398 -
1744 5363 1770 5413 o.

437 5444 498 5482 cc:
519 5430 689 5481 om.Bllnb
718 5454 743 5465 -
771 5427 795 5476 9.
814 5428 940 5491 4444944444
956 5443 1000 5478 nec
1015 5431 1184 5492 {neruosae
1212 5458 1238 5467 -
1268 5433 1308 5481 40.
1327 5432 1445 5494 ocletb
1473 5458 1500 5469 -
1526 5434 1722 5487 toacnntlosb
1741 5466 1771 5477 -

435 5510 464 5557 444
480 5520 511 5556 so
526 5508 667 5569 444αοί444
686 5530 712 5541 -
740 5506 780 5553 tl.
798 5503 899 5553 uberior
916 5518 945 5554 o:
965 5507 1050 5555 uerior
1067 5507 1159 5557 lllleb
1185 5534 1210 5543 -
1235 5510 1265 5557 de
1281 5509 1392 5571 officioso
1410 5508 1529 5569 quibosb
1549 5536 1575 5545 -
1599 5508 1638 5559 44.
1656 5510 1773 5563 dmm·

436 5582 523 5630 sesort
540 5592 564 5630 o.
589 5580 628 5630 Ct.
642 5578 716 5630 Hand
729 5577 839 5629 lursell
859 5580 880 5629 ll
900 5594 925 5644 p.
938 5580 978 5629 69.
999 5606 1024 5617 -
1046 5583 1086 5630 tb.
1105 5583 1167 5629 4444444
1184 5595 1213 5637 a:
1234 5589 1279 5631 cot
1297 5581 1324 5632 ΒΙ
1343 5607 1369 5618 -
1391 5583 1431 5631 47.
1449 5584 1659 5634 scistimetioeem
1676 5598 1721 5651 cp
1740 5614 1769 5626 ·-

438 5655 478 5705 49.
494 5660 609 5717 pretereo
626 5667 687 5705 4444444
708 5666 723 5703 o
752 5681 778 5691 -
806 5657 847 5705 94).
867 5658 1052 5718 adgnoscam
1069 5661 1199 5718 mmooom
1216 5684 1255 5695 --
1273 5659 1306 5706 sis
1321 5659 1446 5720 prefectus
1469 5660 1691 5723 bicameratio:
1719 5677 1772 5727 pao

437 5732 847 5792 tmqocmntaopisatmomest
864 5731 935 5782 idem
955 5731 1049 5795 piet.
1077 5757 1104 5768 -
1129 5734 1163 5780 od
1180 5747 1244 5794 oeae
1261 5747 1351 5797 comp
1375 5758 1401 5769 -
1428 5734 1469 5783 it.
1488 5737 1563 5784 coniti
1581 5736 1667 5787 blla:
1685 5743 1771 5791 conset

435 5807 467 5862 b:
486 5807 641 5866 ceaicmm
660 5806 785 5858 counitio
805 5834 832 5844 -
852 5808 1069 5870 aepoeere-
1089 5807 1129 5858 at.
1148 5815 1176 5857 ot
1194 5821 1223 5859 c:
1243 5816 1270 5859 ot
1287 5810 1428 5860 aellllab
1447 5834 1473 5845 -
1497 5810 1539 5860 29.
1557 5812 1719 5862 4444444449ι
1738 5840 1767 5854 -

437 5880 478 5931 94.
497 5881 660 5944 &estmoe
688 5908 716 5919 -
746 5883 787 5934 93.
807 5886 872 5947 qood
890 5887 959 5947 (ante
974 5884 1085 5949 4444444444)
1104 5883 1201 5935 om.B¹
1226 5910 1253 5922 -
1285 5886 1325 5937 st.
1340 5886 1484 5951 possidonio
1501 5886 1537 5948 C,
1560 5886 1625 5936 item
1646 5886 1724 5940 4498
1742 5895 1771 5944 at

438 5968 464 6021 p.
474 5956 519 6005 ttt
540 5956 600 6007 449.
620 5983 647 5994 -
668 5971 747 6008 oecos
764 5970 789 6009 o.
