4342 7459
435 1267 477 1335 7t
645 1272 891 1340 FRAGMENTA
911 1271 1235 1338 ACADEhssCOllUld
1255 1271 1551 1339 POSTERIORUM.

365 1484 367 1489 ·
437 1443 552 1507 Contra
577 1443 731 1527 Epicurus
760 1443 811 1505 vel
840 1442 912 1525 quis
941 1441 1021 1506 alius
1050 1442 1301 1505 adversariorum
1327 1442 1454 1526 negabit
1476 1464 1631 1527 suumque
1653 1449 1758 1530 potius

435 1538 658 1620 peritissimum
688 1538 883 1619 voluptatum
913 1556 1066 1621 aucupem
1097 1539 1271 1619 sapientem
1298 1557 1368 1601 esse
1390 1538 1571 1602 contendet.
1612 1539 1690 1603 Inde
1718 1541 1760 1606 ad

435 1631 592 1713 iurgiumz
615 1631 727 1694 clamat
747 1633 831 1693 Zeno
853 1639 885 1693 et
905 1639 972 1693 tota
991 1631 1045 1693 illa
1066 1633 1207 1716 porticus
1229 1633 1451 1708 tumultuatur,
1472 1633 1630 1697 hominem
1649 1643 1760 1699 natum

434 1725 474 1786 ad
507 1726 585 1788 nihil
613 1726 699 1788 aliud
725 1744 795 1786 esse
827 1743 921 1807 quam
951 1724 991 1785 ad
1017 1725 1234 1789 honestatem:
1267 1727 1368 1808 ipsam
1392 1746 1451 1790 suo
1473 1728 1641 1810 splendore
1663 1730 1703 1791 ad
1725 1750 1760 1792 se

411 1818 556 1881 sauimos
579 1818 708 1893 ducere,
729 1818 819 1881 nullo
840 1838 968 1903 prorsus
991 1818 1157 1882 commodo
1173 1820 1370 1883 extrinsecus
1393 1821 1495 1902 posito
1510 1829 1542 1883 et
1558 1824 1650 1905 quasi
1671 1824 1762 1885 leno-

436 1912 560 1975 cinante
587 1912 752 1987 mercede;
782 1912 1041 1996 voluptatemque
1068 1912 1155 1976 illam
1182 1914 1311 1997 Epicuri
1333 1914 1410 1977 solis
1431 1914 1514 1978 inter
1535 1936 1569 1978 se
1591 1920 1761 2002 pecoribus

436 2024 506 2069 esse
536 2027 750 2082 communem,
779 2008 812 2070 in
841 2027 976 2089 quorum
1003 2007 1186 2069 societatem
1208 2015 1240 2069 et
1261 2006 1421 2071 bominem
1445 2017 1476 2071 et
1498 2011 1673 2091 sapientem
1696 2023 1763 2079 tru-

436 2101 511 2164 dere
542 2101 631 2166 nefas
663 2122 743 2166 esse.
787 2102 902 2165 Contra
931 2102 985 2164 ille
1012 2109 1182 2164 convocata
1210 2100 1250 2164 de
1275 2101 1409 2165 hortulis
1435 2103 1469 2165 in
1494 2105 1649 2170 auxilium
1671 2111 1763 2193 quasi

436 2194 531 2257 Liber
552 2197 644 2259 turba
665 2196 927 2269 temulentorum,
950 2196 1171 2278 quaerentium
1195 2204 1312 2269 mmen,
1335 2218 1428 2279 quem
1456 2198 1622 2282 incomptis
1648 2204 1764 2284 ungui-

401 2290 496 2352 tcbus
518 2290 705 2354 bacchantes
727 2310 906 2374 asperoque
928 2310 982 2352 ore
1007 2289 1197 2370 discerpant,
1219 2290 1392 2373 voluptatis
1415 2312 1545 2366 nomen,
1568 2297 1765 2373 suavitatem,

437 2386 575 2467 quietem
596 2393 677 2449 teste
698 2386 818 2469 populo
840 2404 1034 2468 exaggerans
1057 2382 1155 2445 instat
1176 2384 1305 2457 acriter,
1334 2392 1369 2447 ut
1395 2385 1455 2447 nisi
1479 2406 1515 2448 ea
1536 2387 1648 2451 beatus
1671 2410 1764 2455 nemo

438 2498 509 2540 esse
531 2498 624 2561 posse
646 2478 799 2542 videatur.
842 2478 880 2539 ln
903 2498 1039 2561 quorum
1061 2476 1163 2539 rixam
1185 2478 1212 2539 si
1228 2478 1432 2541 Academicus
1454 2479 1638 2555 incurrerit,
1661 2490 1765 2548 utros·

438 2592 502 2655 quc
524 2571 632 2635 audiet
654 2572 815 2635 trahentes
837 2592 871 2635 se
893 2572 933 2634 ad
956 2590 1030 2634 suas
1051 2579 1172 2653 partes,
1196 2572 1251 2634 sed
1274 2573 1301 2634 si
1323 2572 1355 2634 in
1378 2573 1450 2635 illos
1473 2582 1528 2636 aut
1546 2574 1578 2635 in
1594 2576 1673 2639 istos
1688 2596 1765 2640 con-

439 2667 583 2741 cesserit,
610 2667 650 2729 ab
672 2667 718 2730 eis
740 2687 820 2750 quos
842 2666 980 2739 deseret,
1010 2667 1157 2739 insanus,
1189 2666 1356 2748 imperitus
1379 2668 1626 2751 temerariusque
1649 2669 1765 2733 clama-

402 2769 430 2815 ⁴5
438 2760 531 2822 bitur.
564 2762 674 2843 ltaque
688 2781 759 2824 cum
775 2770 805 2824 et
823 2760 882 2823 bac
898 2767 929 2822 et
942 2758 1015 2821 illac
1030 2779 1138 2821 aurem
1154 2758 1322 2841 diligenter
1336 2758 1519 2834 admoverit,
1542 2761 1765 2846 interrogatus,

439 2853 517 2935 quid
540 2855 569 2916 ei
592 2854 750 2929 videatur,
773 2854 914 2916 dubitare
938 2874 971 2915 se
994 2852 1088 2915 dicet.
1110 2853 1196 2934 Roga
1218 2872 1302 2914 nunc
1318 2853 1473 2926 Stoicum,
1497 2854 1568 2936 quis
1584 2857 1623 2918 sit
1643 2858 1765 2933 melior,

437 2946 650 3029 Epicurusne,
681 2950 735 3032 qui
758 2948 892 3011 delirare
915 2948 1003 3010 illum
1027 2947 1156 3020 clamat,
1184 2966 1223 3008 an
1246 2945 1471 3021 Academicus,
1503 2948 1557 3030 qui
1579 2950 1638 3011 sibi
1661 2952 1766 3015 adbuc

439 3040 478 3102 de
508 3061 541 3102 re
572 3050 659 3105 tanta
688 3040 926 3105 deliberandum
957 3062 1026 3104 esse
1050 3042 1242 3123 pronuntiat.
1278 3042 1377 3102 Nemo
1401 3042 1522 3104 dubitat
1543 3044 1766 3109 Academicum

439 3134 613 3216 praelatum
634 3135 683 3199 iri.
716 3138 834 3199 Rursus
858 3144 889 3197 te
911 3137 950 3197 ad
972 3135 1062 3199 illum
1078 3142 1226 3198 converte
1243 3144 1273 3197 et
1288 3155 1422 3219 quaere,
1444 3156 1539 3219 quem
1557 3138 1655 3220 magis
1670 3148 1766 3215 amet,

400 3232 612 3304 ttZenonem,
642 3251 659 3294 a
683 3253 747 3316 quo
778 3231 879 3294 bestia
903 3237 1047 3303 vocatur,
1076 3248 1118 3291 an
1141 3228 1318 3302 Arcesilan,
1350 3248 1453 3310 aquo
1477 3227 1581 3292 audit:
1611 3232 1678 3293 «Tu
1701 3231 1767 3295 for-

439 3332 523 3387 tasse
543 3345 652 3389 verum
676 3327 770 3400 dicis,
792 3326 848 3388 sed
870 3323 1029 3407 requiram
1053 3321 1264 3404 diligentius.»
1303 3322 1414 3383 Nonne
1436 3330 1576 3404 apertum
1599 3331 1647 3385 est
1668 3332 1767 3389 totam

382 3491 388 3501 ³
438 3416 525 3480 illam
547 3422 703 3502 porticum
725 3420 882 3491 insanam,
904 3415 1108 3479 Academicos
1123 3424 1228 3477 autem
1248 3434 1323 3498 prae
1339 3414 1401 3477 illis
1418 3414 1578 3479 modestus
1594 3426 1767 3502 cautosque

387 3539 391 3546 ¹
439 3512 584 3578 homines
605 3516 705 3578 videri
723 3515 884 3597 Epicuro?
913 3516 961 3576 Ita
977 3529 1125 3592 peraeque
1141 3529 1236 3590 prope
1254 3510 1288 3571 dc
1306 3510 1441 3571 omnibus
1458 3511 1545 3572 sectis
1564 3512 1767 3591 copiosissime

440 3607 543 3669 Cicero
563 3609 809 3671 iucundissimum
835 3608 993 3688 legentibus
1019 3605 1108 3684 quasi
1136 3604 1335 3684 spectaculum
1357 3605 1488 3684 praebet,
1516 3606 1593 3667 uelut
1614 3607 1768 3669 ostendens

402 3700 554 3762 ”nullum
575 3702 696 3764 illarum
718 3723 795 3774 esse,
819 3703 871 3783 qui
889 3720 962 3770 non.
985 3719 1051 3761 cnm
1073 3700 1130 3760 silli
1145 3700 1265 3779 primos
1284 3707 1388 3779 partes
1407 3699 1534 3772 dederit,
1557 3700 1635 3781 quad
1652 3719 1767 3764 necesse

439 3801 496 3869 est,
519 3795 662 3857 secundas
687 3797 714 3858 ei
737 3796 818 3857 dicct
838 3796 927 3865 dare,
949 3815 1034 3875 quern
1056 3813 1116 3854 nan
1137 3812 1316 3874 repugnare,
1338 3793 1388 3854 sed
1409 3794 1543 3855 dubitare
1564 3796 1764 3875 conspexerit.

525 3885 576 3949 35.
598 3890 794 3970 Augustinus
816 3910 842 3951 c.
865 3887 960 3951 Acnd.
983 3890 1041 3961 ΙΙΙ,
1065 3883 1119 3962 t0,
1141 3885 1163 3968 ἓ
1187 3884 1237 3948 43.
1274 3889 1339 3948 Hac
1360 3889 1436 3949 milri
1456 3887 1491 3948 de
1513 3886 1698 3949 Academicis
1718 3890 1767 3950 in·

439 3983 528 4045 terim
545 3983 749 4063 probabiliter.
771 3995 803 4046 ut
822 3986 923 4064 potui,
940 3984 1092 4063 persuasi.
1127 3982 1213 4059 (laod
1231 3984 1258 4042 si
1275 3983 1388 4064 salsum
1409 3990 1464 4060 est,
1486 3982 1563 4043 nihil
1580 3982 1620 4043 ad
1638 4001 1697 4052 me,
1716 3984 1768 4044 cui

441 4077 515 4137 eatis
537 4078 661 4139 estium
682 4097 743 4140 nan
764 4078 912 4139 arbitrari
933 4095 993 4137 non
1013 4095 1101 4155 passe
1124 4076 1160 4137 ab
1182 4076 1298 4137 homine
1321 4076 1450 4138 inueniri
1473 4076 1637 4137 acritatem.
1676 4075 1768 4152 Quie-

402 4170 623 4250 aequiuocum
638 4180 727 4251 putat
746 4172 801 4233 boc
816 4172 941 4232 sensisse
955 4170 1159 4241 Academicos.
1183 4172 1281 4250 ipsum
1297 4171 1466 4233 Ciceronem
1481 4169 1595 4235 audiat.
1618 4167 1669 4230 Ait
1689 4170 1769 4232 enim

441 4263 505 4325 illis
534 4284 652 4328 morem
682 4263 779 4328 fuisse
806 4262 985 4328 occultandi
1016 4264 1204 4326 sententiam
1231 4285 1319 4327 sunm
1343 4284 1491 4327 neceam
1514 4264 1678 4346 cuiquam,
1706 4264 1769 4326 nisi

443 4356 498 4440 qui
520 4376 627 4420 secum
649 4358 689 4421 ad
711 4367 903 4421 senectutem
925 4378 1027 4439 usque
1050 4357 1219 4432 vixissent,
1242 4360 1365 4440 aperire
1388 4378 1568 4421 consuesse.

525 4446 577 4514 36.
599 4453 792 4535 Augustinus
815 4452 854 4513 de
879 4451 969 4513 civit.
993 4450 1049 4512 llei
1074 4451 1129 4523 Vl,
1145 4446 1174 4511 9.
1205 4454 1337 4533 Denique
1358 4464 1385 4513 et
1407 4454 1468 4533 ipsc
1493 4451 1607 4513 Tullius
1629 4451 1698 4512 huic
1716 4446 1769 4531 (M.

443 4545 591 4609 Terentio
614 4543 757 4626 Varroni)
788 4546 846 4607 talc
874 4545 1075 4607 testimoninm
1092 4546 1239 4624 perbibet,
1266 4555 1299 4607 nl
1320 4547 1353 4607 ia
1375 4546 1460 4608 libris
1481 4544 1666 4607 Academicis
1686 4544 1768 4607 dicct

404 4644 521 4710 licam,
546 4658 620 4720 quae
641 4639 684 4701 ibi
704 4650 855 4710 uersatur,
877 4639 1107 4719 disputationem
1128 4659 1157 4701 se
1179 4639 1315 4701 babuisse
1336 4659 1404 4701 cnm
1423 4642 1527 4701 Marco
1547 4639 1686 4708 Varrone,
1710 4638 1769 4700 ho-

444 4732 545 4806 mine,
575 4734 684 4814 inquit,
715 4733 855 4796 omnium
878 4731 969 4794 facile
992 4732 1175 4794 acutissimo
1199 4741 1230 4795 et
1252 4733 1320 4795 sine
1343 4733 1407 4795 ulla
1430 4732 1625 4795 dubitatione
1648 4730 1769 4795 doctis-

442 4824 533 4888 simo.
566 4828 633 4889 llbn
651 4828 695 4889 ait
719 4826 1060 4907 «eloquentissima»
1083 4825 1129 4887 cel
1153 4828 1472 4906 «facundissimos,
1494 4827 1635 4907 quoniam
1650 4844 1770 4888 reuera

443 4920 476 4980 in
497 4921 553 4981 hac
571 4922 713 5001 sandrato
733 4922 859 4983 multam
880 4922 980 5000 impar
1000 4929 1057 4990 est,
1079 4921 1130 4981 sed
1152 4920 1303 4993 omnium,
1325 4921 1438 5001 inquit,
1463 4918 1553 4983 facile
1576 4917 1769 4981 acutissimo.

443 5011 487 5072 Et
513 5013 546 5074 in
574 5016 617 5076 eis
643 5015 745 5092 libris,
776 5015 807 5075 id
835 5023 876 5075 cst
903 5013 1103 5084 Academicis,
1132 5014 1183 5076 abi
1210 5022 1315 5076 cuncta
1343 5014 1504 5076 dubitanda
1525 5033 1586 5076 esse
1607 5012 1769 5085 contendit,

406 5104 558 5170 ltaddidit
579 5109 647 5172 sine
669 5109 734 5172 ulla
755 5107 952 5172 dubitatione
974 5106 1170 5170 doctissimo.

512 5342 534 5390 l.
553 5343 608 5401 qun
625 5342 656 5391 F:
678 5342 750 5404 quasi
766 5342 814 5391 BE
831 5342 906 5401 talias
922 5341 993 5401 quasi
1010 5340 1037 5397 Β)
1059 5365 1083 5375 -
1105 5338 1128 5387 3.
1148 5339 1344 5389 tumultuatusF
1364 5366 1391 5376 -
1411 5338 1434 5390 l.
1454 5342 1488 5389 od
1505 5354 1554 5391 nos
1571 5341 1722 5392 addidimus
1742 5368 1771 5378 -

444 5417 469 5466 7.
488 5422 510 5466 et
527 5421 587 5466 ante
604 5430 659 5478 sap.
679 5430 732 5465 om.
752 5418 771 5466 Β
796 5444 816 5452 -
840 5417 863 5465 9.
882 5416 955 5465 Liber
971 5415 1081 5476 scripsi:
1100 5414 1162 5462 tiber
1180 5414 1238 5475 ΕΙ,
1256 5414 1334 5463 libera
1351 5416 1369 5463 B
1384 5419 1410 5463 et
1426 5416 1498 5475 edd..
1519 5416 1598 5465 Liberi
1611 5417 1679 5465 coni.
1693 5414 1772 5465 Orelli

447 5518 473 5527 -
493 5493 605 5540 incomtis
622 5493 639 5540 l'
659 5516 685 5528 -
710 5495 750 5542 tl.
769 5493 817 5540 nisi
834 5492 893 5540 EF:
918 5490 1034 5538 sincnisi
1051 5491 1083 5545 B.
1108 5490 1159 5537 une
1176 5491 1196 5538 Ο
1216 5514 1242 5525 -
1270 5487 1309 5538 tt.
1328 5491 1419 5539 deseret
1440 5492 1530 5540 BEF:
1553 5492 1642 5539 deserit
1658 5489 1721 5539 edd.
1743 5516 1770 5526 -

446 5569 486 5616 lb.
503 5568 551 5615 buc
567 5573 589 5617 et
606 5568 664 5616 illuc
678 5568 697 5617 0
710 5593 737 5603 -
757 5568 897 5630 diligentem
908 5564 999 5615 bamb.
1015 5589 1042 5600 -
1062 5564 1102 5613 ld.
1116 5566 1159 5626 qui
1175 5565 1206 5614 sit
1222 5564 1298 5614 BEF
1317 5591 1341 5600 -
1361 5567 1401 5614 20.
1415 5568 1550 5615 Arcesilam
1567 5564 1628 5614 edd.
1645 5591 1671 5600 -
1691 5565 1771 5627 audit]

446 5642 479 5692 cl.
499 5642 618 5707 Madvigii
636 5643 741 5693 emend.
763 5644 785 5700 l,
806 5643 861 5691 tta.
882 5667 908 5676 -
928 5640 968 5690 23.
986 5640 1067 5688 suun
1083 5640 1151 5689 iriO
1172 5665 1198 5674 -
1217 5639 1258 5689 tu.
1277 5639 1335 5688 dori
1352 5640 1370 5687 B
1391 5668 1417 5676 -
1438 5638 1771 5690 aucmentandum

446 5731 472 5781 p.
492 5718 522 5768 63
540 5719 591 5768 boc
609 5719 701 5780 tragm.
721 5720 840 5767 extremo
857 5714 925 5766 libro
942 5716 974 5764 lll
992 5713 1120 5777 adsignat,
1139 5718 1200 5779 apte
1219 5713 1359 5765 conterens
1377 5714 1476 5766 Luculli
1495 5716 1510 5780 ξ
1527 5717 1567 5766 60.
