4342 7459
437 1271 480 1339 92
719 1280 772 1346 DE
794 1278 951 1346 FllllllllS
973 1278 1171 1346 Bonosum
1191 1278 1244 1344 ET
1264 1277 1466 1346 Masonitai

435 1445 641 1529 desperantes
663 1457 719 1514 aut
736 1449 898 1526 malevoli,
919 1449 1035 1526 invidi,
1058 1446 1215 1524 difficiles,
1236 1448 1382 1532 lucifugi‚
1404 1448 1558 1525 maledici,
1581 1450 1759 1534 monstrosi,

434 1539 490 1603 alii
511 1549 616 1604 autem
639 1544 733 1609 etiam
755 1545 918 1608 amatoriis
934 1544 1112 1608 levitatibus
1125 1543 1239 1618 dediti,
1261 1543 1315 1607 alii
1330 1544 1519 1628 petulantes,
1541 1544 1596 1608 alii
1612 1544 1760 1618 audaces,

434 1635 592 1715 protervi,
620 1638 706 1703 idem
732 1632 978 1722 intemperantes
1001 1646 1034 1700 et
1058 1637 1180 1721 ignavi,
1208 1657 1381 1721 numquam
1404 1638 1439 1701 in
1460 1637 1616 1701 sententia
1638 1658 1761 1721 perma-

435 1733 562 1804 nentes,
592 1750 672 1813 quas
698 1732 738 1796 ob
764 1752 875 1796 causas
903 1734 936 1796 in
964 1752 1073 1796 eornm
1095 1732 1160 1795 vita
1182 1732 1268 1795 nulla
1291 1740 1339 1795 est
1359 1732 1562 1816 intercapedo
1585 1733 1760 1797 molestiae.

412 1818 535 1901 sigitur
563 1843 668 1908 neque
696 1825 864 1890 stultorum
894 1826 1062 1910 qnisquam
1092 1825 1203 1888 beatus
1225 1845 1330 1909 neque
1352 1826 1530 1908 sapientum
1552 1847 1616 1888 non
1639 1827 1761 1901 beatus,

436 1913 603 1998 multoque
624 1919 684 1982 boc
705 1918 819 1983 melius
840 1939 900 1982 nos
921 1919 1091 2002 veriusque
1114 1938 1209 2002 qnam
1232 1919 1338 1982 Stoici.
1373 1919 1424 1981 llli
1446 1920 1530 1982 enim
1553 1927 1670 2002 negant
1692 1940 1761 1984 esse

435 2005 555 2072 bonum
576 2012 746 2096 quicquam
766 2013 828 2075 nisi
848 2014 956 2077 nescio
977 2033 1071 2095 qnam
1094 2013 1181 2077 illam
1203 2015 1355 2088 umbram,
1378 2013 1465 2098 qnod
1481 2015 1642 2099 appellant
1662 2015 1762 2077 bone·

437 2108 519 2164 stum
548 2124 613 2166 non
640 2113 704 2169 tam
732 2107 834 2171 solido
865 2127 959 2191 qnam
988 2106 1154 2189 splendido
1180 2109 1326 2183 nomine;
1355 2108 1504 2171 virtutem
1526 2115 1631 2172 autem
1653 2108 1761 2170 nixam

436 2193 499 2258 boc
526 2196 661 2263 honesto
691 2201 810 2266 nullam
835 2202 997 2286 requirere
1026 2201 1220 2284 voluptatem
1242 2211 1338 2286 atque
1360 2202 1401 2267 ad
1421 2202 1514 2266 beate
1536 2201 1706 2267 vivendum
1727 2223 1762 2266 se

401 2289 508 2372 teipsa
528 2311 599 2356 esse
621 2300 811 2359 contentam.

522 2387 609 2450 XIX.
631 2386 683 2452 62.
710 2389 774 2452 Sed
802 2398 936 2472 possunt
966 2389 1046 2454 baec
1073 2387 1210 2473 quadam
1237 2389 1361 2453 ratione
1386 2390 1449 2453 dici
1478 2410 1543 2452 non
1573 2391 1668 2455 modo
1697 2410 1763 2455 non

438 2483 705 2561 repugnantibus,
727 2503 837 2547 verum
859 2485 954 2547 etiam
975 2482 1221 2568 approbantibus
1242 2483 1347 2547 nobis.
1384 2484 1437 2546 Sic
1459 2483 1545 2548 enim
1566 2486 1605 2549 ab
1625 2486 1763 2568 Epicuro

438 2573 566 2656 sapiens
587 2597 711 2662 semper
731 2579 842 2643 beatus
863 2578 1041 2642 inducitur:
1062 2577 1169 2641 linitas
1185 2576 1281 2640 habet
1295 2577 1501 2660 cupiditates,
1525 2579 1667 2662 neglegit
1681 2599 1765 2641 mor-

439 2673 519 2742 tem,
541 2671 582 2733 de
603 2672 652 2736 dis
673 2675 901 2738 immortalibus
924 2675 993 2738 sine
1014 2673 1080 2737 ullo
1102 2680 1187 2737 metu
1210 2692 1285 2737 vera
1306 2674 1416 2747 sentit,
1439 2694 1502 2737 non
1517 2673 1655 2746 dubitat,
1678 2672 1704 2735 si
1721 2672 1766 2736 ita

403 2762 552 2827 semeliae
579 2766 636 2841 sit,
663 2767 798 2850 migrare
826 2768 866 2831 de
894 2769 968 2833 vita.
1011 2766 1069 2830 His
1090 2766 1184 2830 rebus
1211 2768 1381 2830 instructus
1404 2786 1530 2850 semper
1551 2775 1599 2829 est
1621 2767 1654 2829 in
1675 2766 1765 2829 volu-

439 2863 545 2938 ptate;
572 2878 678 2942 neque
700 2860 783 2925 enim
804 2870 931 2945 tempus
953 2870 1001 2926 est
1021 2862 1138 2936 ullum,
1168 2882 1231 2944 quo
1254 2881 1318 2924 non
1339 2862 1411 2944 plus
1433 2861 1629 2944 voluptatum
1651 2860 1766 2923 babeat

440 2968 535 3031 quam
565 2951 721 3017 dolorum.
766 2956 845 3018 Nam
874 2965 906 3019 et
933 2957 1103 3039 praeterita
1131 2965 1219 3036 grate
1248 2956 1392 3018 meminit
1422 2963 1452 3018 et
1479 2955 1700 3038 praesentibus
1722 2957 1767 3018 ita

440 3046 576 3126 potitur,
597 3056 634 3111 ut
655 3049 895 3124 animadvertat,
918 3061 1036 3133 quanta
1051 3051 1113 3112 sint
1128 3069 1166 3112 ea
1182 3068 1342 3132 quamque
1357 3049 1506 3125 iucunda,
1527 3070 1633 3133 neque
1649 3048 1767 3134 pendet

441 3138 630 3217 exsularis,
652 3143 710 3206 sed
731 3152 893 3226 exspectat
913 3144 983 3218 illa,
1005 3144 1120 3207 fruitur
1141 3145 1360 3226 praesentibus
1383 3144 1422 3207 ab
1442 3145 1546 3228 iisqne
1566 3145 1662 3218 vitiis,
1686 3164 1767 3228 quae

404 3232 536 3315 ”paulo
562 3242 637 3298 ante
659 3235 788 3318 collegi,
816 3237 907 3301 abest
931 3238 1102 3320 plurimum
1130 3246 1177 3311 et,
1207 3258 1277 3301 cum
1308 3236 1475 3300 stultorum
1497 3238 1594 3302 vitam
1617 3259 1686 3302 cum
1710 3259 1768 3302 sua

441 3334 615 3410 comparat,
643 3349 757 3413 magna
785 3327 921 3394 afficitur
941 3332 1113 3415 voluptate.
1157 3332 1291 3395 Dolores
1313 3338 1434 3405 autem,
1465 3331 1491 3393 si
1514 3333 1570 3414 qui
1591 3334 1768 3408 incurrunt,

441 3439 615 3504 numquam
636 3425 699 3488 vim
722 3432 840 3489 tantam
862 3426 998 3502 babent,
1021 3435 1141 3490 utnon
1163 3427 1235 3510 plus
1256 3426 1372 3490 babeat
1387 3425 1513 3509 sapiens
1530 3424 1616 3508 quod
1632 3426 1769 3508 gaudeat

441 3533 538 3596 qnam
564 3519 651 3599 qnod
680 3527 821 3601 angatur.
865 3517 916 3582 63.
945 3520 1070 3604 Optime
1100 3542 1176 3586 vero
1205 3523 1377 3606 Epicurus,
1408 3519 1492 3602 quod
1516 3520 1664 3600 exiguam
1687 3518 1769 3581 dixit

441 3606 601 3674 fortunam
627 3613 816 3678 intervenire
837 3613 971 3697 sapienti
995 3615 1212 3698 maximasque
1229 3611 1279 3699 [ab
1295 3609 1345 3696 eo]
1364 3622 1395 3676 et
1412 3612 1612 3696 gravissimas
1627 3631 1678 3674 res
1694 3632 1769 3675 con·

405 3704 516 3767 ”silio
537 3705 638 3788 ipsius
661 3714 693 3770 et
713 3709 834 3771 ratione
856 3708 1083 3782 administrari,
1111 3728 1215 3792 neque
1246 3707 1397 3770 maiorem
1418 3707 1612 3788 voluptatem
1635 3727 1677 3769 ex
1698 3706 1769 3767 inti-

443 3797 513 3862 nito
534 3806 676 3884 tempore
697 3804 808 3865 aetatis
830 3804 950 3885 percipi
972 3823 1065 3886 posse
1084 3822 1179 3885 quam
1203 3822 1244 3864 ex
1257 3802 1318 3864 boc
1334 3801 1539 3884 percipiatur,
1562 3799 1650 3884 quod
1663 3801 1770 3863 ridea-

443 3913 513 3956 mus
544 3914 614 3958 esse
640 3892 773 3959 linitum.
816 3897 853 3959 ln
881 3896 1047 3962 dialectica
1075 3905 1181 3961 antem
1209 3905 1313 3960 vestra
1341 3895 1460 3958 nullam
1483 3894 1677 3957 existimavit
1699 3912 1769 3957 esse

444 4006 505 4050 nec
525 3988 565 4051 ad
588 3989 702 4052 melius
723 3989 894 4054 vivendum
916 4011 976 4054 nec
998 3991 1038 4053 ad
1061 3990 1258 4054 commodius
1274 3987 1492 4052 disserendum
1506 3987 1600 4049 viam
1635 3988 1672 4051 ln
1691 3986 1771 4071 pby-

444 4081 518 4143 sicis
545 4081 716 4163 plurimum
745 4083 869 4168 posuit:
899 4104 935 4147 ea
964 4084 1099 4147 scientia
1119 4090 1151 4147 et
1172 4084 1339 4147 verborum
1361 4083 1409 4146 vis
1432 4089 1464 4145 et
1484 4088 1595 4145 natura
1617 4081 1769 4145 orationis

408 4179 478 4238 ³⁰et
498 4178 761 4260 consequentium
782 4179 1066 4262 repugnantiumve
1088 4179 1168 4242 ratio
1191 4186 1296 4260 potest
1316 4179 1474 4261 perspici;
1501 4175 1642 4242 omnium
1664 4183 1770 4238 autem

445 4289 550 4334 rerum
572 4279 686 4335 natura
707 4273 833 4356 cognita
853 4272 996 4337 levamur
1016 4271 1254 4354 superstitione,
1276 4271 1446 4334 liberamur
1460 4271 1569 4334 mortis
1587 4276 1684 4344 metu,
1706 4290 1771 4332 non

447 4364 670 4428 conturbamur
698 4368 897 4448 ignoratione
927 4388 1048 4441 rerum,
1081 4384 1099 4427 e
1127 4384 1190 4448 qua
1219 4366 1287 4448 ipsa
1308 4364 1475 4427 horribiles
1497 4363 1656 4425 exsistunt
1676 4382 1771 4445 saepe

446 4457 647 4534 formidinem
669 4461 807 4545 denique
829 4463 921 4525 etiam
945 4461 1056 4524 morati
1077 4459 1191 4521 melius
1214 4458 1345 4532 erimus,
1368 4478 1439 4520 eum
1453 4457 1673 4531 didicerimus,
1696 4455 1772 4540 quld

448 4559 558 4615 natura
580 4552 749 4617 desideret.
785 4556 864 4618 Tum
886 4575 974 4629 vero,
997 4555 1025 4616 si
1039 4552 1185 4616 stabilem
1200 4549 1362 4614 scientiam
1378 4571 1482 4614 rerum
1498 4549 1684 4623 tenebimus,
1706 4569 1773 4612 ser·

409 4649 518 4709 &vata
540 4645 613 4721 illa,
635 4666 718 4729 quae
740 4648 832 4731 quasi
855 4649 984 4731 delapsa
1005 4648 1046 4710 de
1068 4646 1157 4710 caclo
1181 4653 1229 4709 est
1250 4644 1291 4708 ad
1312 4646 1522 4727 cognitionem
1545 4643 1701 4717 omnium,
1723 4662 1773 4705 re·

448 4740 536 4822 gula,
559 4741 600 4803 ad
622 4761 716 4825 quarn
739 4742 844 4804 omnia
866 4740 983 4805 iudicia
1002 4761 1108 4804 rerum
1124 4740 1308 4822 dirigentur,
1330 4758 1503 4821 numquam
1519 4737 1616 4800 ullius
1631 4738 1772 4800 oratione

447 4835 523 4898 victi
547 4837 704 4898 sententia
726 4834 924 4900 desistemus.
967 4832 1017 4897 64.
1040 4835 1107 4898 Nisi
1129 4841 1233 4896 autem
1256 4851 1362 4895 rerum
1383 4838 1497 4894 natura
1517 4839 1683 4913 perspecta
1705 4832 1773 4904 erit,

448 4928 536 4992 nullo
558 4929 654 4992 modo
677 4931 851 5013 poterimus
873 4950 1023 4992 sensuum
1037 4929 1154 4992 iudicia
1170 4927 1350 4990 defendere.
1385 4924 1544 5005 Quicquid
1560 4944 1653 5006 porro
1668 4925 1773 4986 animo

448 5023 624 5098 cernimus,
645 5024 678 5086 id
700 5045 794 5088 omne
816 5024 916 5087 oritur
937 5043 956 5086 a
977 5023 1140 5097 sensibus,
1170 5022 1224 5105 qui
1247 5021 1274 5083 si
1298 5039 1407 5082 omnes
1429 5018 1495 5080 veri
1517 5026 1624 5091 erunt,
1647 5024 1682 5080 ut
1702 5018 1775 5100 Epi-

411 5118 516 5180 l⁰curi
538 5119 618 5182 ratio
641 5119 749 5193 docet,
771 5125 837 5182 tum
859 5117 999 5201 denique
1023 5119 1138 5200 poterit
1159 5114 1279 5199 aliquid
1301 5112 1449 5197 cognosci
1471 5120 1504 5175 et
1525 5111 1657 5196 percipi.
1687 5111 1775 5187 Ques

498 5383 523 5432 l.
534 5380 674 5445 mbos]
685 5380 778 5431 morosi
788 5377 961 5444 probabiliter
973 5377 1157 5429 Lambinus-
1169 5377 1193 5426 3,
1206 5377 1270 5426 idem
1282 5377 1336 5426 AB:
1355 5375 1429 5425 iidem
1441 5374 1491 5426 ΜΟ
1501 5400 1528 5410 -·
1542 5375 1567 5426 5.
1581 5376 1684 5439 quisque
1695 5374 1735 5424 BE
1746 5400 1774 5411 -

448 5458 588 5520 sapientam
604 5457 669 5507 AB:
692 5457 841 5519 roptmticm
856 5457 908 5506 blo
927 5481 954 5489 -
979 5454 1003 5504 6.
1021 5454 1107 5503 uerius
1123 5453 1235 5514 qucmss
1255 5476 1282 5487 —
1301 5455 1394 5514 necant
1410 5450 1475 5500 essm
1491 5451 1510 5500 B
1529 5474 1557 5486 -
1576 5450 1732 5501 essebonum
1749 5462 1774 5512 q.

449 5534 535 5584 ABE:
554 5545 605 5583 esse
621 5547 645 5594 q.
659 5532 748 5582 bootem
760 5533 798 5588 bl;
817 5530 908 5580 besum
924 5545 948 5592 q.
961 5528 1082 5580 esseo-
1103 5527 1206 5578 tinec
1221 5527 1281 5591 legit
1297 5523 1380 5577 A¹BE
1399 5552 1426 5562 -
1446 5523 1485 5575 tl.
1504 5526 1552 5575 diis
1569 5526 1632 5584 ΑΟ,
1651 5527 1696 5586 dus
1712 5526 1731 5574 B
1746 5549 1775 5561 -

449 5609 490 5658 lb.
507 5607 666 5670 uoluptatum
681 5607 770 5658 babent
786 5608 850 5658 AB:
870 5605 960 5656 babeat
974 5604 1130 5665 voluptatum
1146 5605 1198 5653 blo
1216 5628 1243 5638 -
1269 5601 1308 5652 46.
1326 5601 1359 5650 sit
1374 5601 1401 5650 io
1417 5613 1448 5649 ea
1464 5599 1539 5658 ll¹B;
1561 5601 1610 5650 sim
1626 5600 1653 5648 in
1669 5612 1700 5648 eo
1716 5597 1776 5649 ΑἘ

451 5710 479 5719 -
502 5695 656 5745 quemquem
677 5683 726 5733 BE
746 5709 773 5720 -
797 5681 839 5732 23.
858 5682 923 5730 dicit
942 5680 1005 5731 AB:
1030 5679 1089 5728 dicit
1108 5679 1162 5728 ΜΟ
1186 5704 1211 5714 -
1238 5676 1280 5728 il.
1299 5676 1331 5726 ab
1347 5690 1375 5726 eo
1395 5675 1493 5726 absunt
1513 5687 1527 5724 a
1548 5676 1569 5724 D
1590 5677 1650 5724 eta
1671 5673 1778 5722 Graecis

450 5757 574 5821 Diogenis
593 5758 619 5808 1..
638 5757 669 5818 X,
688 5757 703 5821 5
720 5755 783 5817 ⁴443
808 5757 896 5820 itaque
920 5767 968 5805 nos
984 5753 1151 5805 seclusimus.
1177 5780 1203 5788 -
1227 5753 1269 5802 26.
1287 5752 1377 5801 aetatis
1392 5765 1446 5801 om.
1465 5752 1484 5799 B
1503 5775 1530 5786 -
1549 5751 1590 5799 27.
1608 5755 1695 5798 costra
1712 5750 1731 5797 13
1748 5773 1776 5782 -

450 5833 773 5884 collem-disserendum
788 5833 857 5882 oium
868 5833 928 5882 AB:
947 5831 1042 5880 culm
1057 5831 1109 5878 cim
1120 5854 1156 5865 --
1168 5827 1334 5877 disserendum
1346 5827 1396 5876 blo
1413 5851 1441 5862 -
1459 5825 1500 5874 28.
1519 5837 1563 5874 occ
1574 5850 1610 5860 --
1622 5837 1666 5873 sec
1682 5825 1718 5873 A:
1737 5833 1779 5870 ue·

451 5922 637 5973 caenoque
652 5909 706 5960 en
725 5935 752 5945 -
771 5907 812 5958 33.
831 5907 891 5972 quid
907 5906 970 5956 AB:
989 5917 1055 5967 quae
1071 5904 1091 5952 0
1109 5926 1137 5939 -
1161 5901 1201 5953 el.
1220 5900 1356 5965 seientiam]
1375 5901 1519 5950 senteutiam
1535 5899 1564 5953 E.
1583 5898 1622 5954 Ci.
1640 5911 1696 5950 var.
1715 5895 1776 5947 leet.

452 5998 480 6050 p.
498 5983 539 6047 sl,
558 5983 583 6035 6.
603 6010 630 6020 -
649 5982 690 6034 36.
708 5982 852 6048 ditaremur
868 5983 929 6032 6-
947 5980 1015 6030 illios
1030 5979 1131 6030 racione
1147 5979 1167 6030 B
1186 6004 1213 6014 -
1233 5976 1273 6029 40.
1292 5981 1315 6028 et
1330 5975 1409 6043 recipi
1424 5971 1492 6031 A¹B.
