4342 7459
447 1236 508 1304 l36
733 1242 786 1306 llll
808 1241 965 1325 FlNlBUS
987 1241 1185 1307 BONORUM
1206 1243 1259 1306 ET
1281 1240 1482 1310 unionum

447 1422 513 1488 tur,
536 1432 619 1497 quae
640 1413 760 1495 primae
782 1419 986 1496 appetuntur,
1009 1412 1107 1475 multa
1129 1412 1233 1496 turpia
1253 1403 1437 1497 sequantur.
1474 1412 1556 1476 Satis
1577 1431 1649 1478 esse
1666 1418 1773 1480 autem

448 1506 624 1589 argumenti
648 1507 785 1581 videtur,
815 1528 909 1591 quam
932 1507 972 1570 ob
995 1508 1152 1581 remilla,
1181 1528 1265 1591 qnae
1293 1508 1393 1591 prima
1415 1516 1489 1572 sunt
1509 1506 1630 1574 adscita
1650 1514 1772 1583 natura,

448 1601 633 1682 diligamus,
663 1601 749 1683 qnod
779 1610 828 1664 cst
854 1622 947 1665 nemo
976 1603 1069 1686 quin,
1098 1621 1169 1663 cum
1199 1602 1354 1664 utrumvis
1380 1601 1491 1675 liceat,
1520 1605 1609 1686 aptas
1630 1602 1720 1666 malit
1741 1609 1774 1667 et

448 1696 586 1776 integras
608 1696 710 1758 omnis
731 1695 830 1779 partis
853 1696 994 1778 eorporis
1024 1716 1120 1780 quam
1142 1697 1254 1760 eodem
1276 1716 1337 1759 usu
1354 1697 1537 1760 imminutas
1555 1702 1611 1761 aut
1631 1697 1772 1762 detortas

424 1788 574 1856 ababere.
611 1790 727 1853 Rerum
754 1797 860 1852 autem
888 1790 1102 1871 cognitiones,
1133 1810 1211 1874 quas
1233 1790 1283 1853 vel
1305 1783 1604 1872 comprehensiones
1626 1790 1677 1854 rel
1699 1811 1774 1874 per·

448 1884 610 1965 ceptiones
632 1882 697 1956 vel,
720 1883 746 1945 si
767 1881 846 1946 baec
865 1883 959 1947 verba
981 1892 1036 1947 aut
1057 1884 1162 1947 minus
1183 1884 1311 1967 placent
1332 1886 1512 1949 autminus
1534 1885 1772 1968 intelleguntur,

447 1971 652 2059 καταλήψεις
680 1976 876 2061 appellemus
903 1977 992 2051 licet,
1021 1997 1075 2042 eas
1105 1978 1201 2059 igitur
1228 1978 1313 2059 ipsas
1340 1987 1471 2062 propter
1491 1999 1526 2042 se
1547 1978 1772 2044 adsciscendas

447 2070 648 2145 arbitramur,
670 2070 755 2154 quod
778 2070 915 2134 habeant
937 2071 1087 2155 quiddam
1110 2072 1143 2134 in
1166 2093 1200 2135 se
1223 2072 1314 2155 quasi
1336 2073 1536 2154 complexum
1559 2074 1772 2139 eteontinem

445 2165 620 2227 veritatem.
663 2164 697 2226 ld
720 2173 826 2228 autem
849 2164 880 2227 in
903 2166 1009 2247 parvis
1030 2165 1172 2254 intellegi
1192 2174 1312 2249 potest,
1334 2186 1416 2250 qnos
1431 2165 1581 2230 delectari
1595 2165 1772 2242 videamus,

408 2257 541 2327 roetiam
570 2258 598 2320 si
627 2277 734 2322 eorum
763 2258 845 2321 nihil
874 2258 1016 2333 intersit,
1046 2259 1073 2322 si
1102 2259 1180 2343 quid
1205 2259 1330 2323 ratione
1357 2279 1415 2342 per
1441 2280 1475 2324 se
1497 2260 1559 2343 ipsi
1580 2258 1771 2325 invenerint.

447 2347 497 2414 l8.
519 2350 603 2414 Artis
626 2354 719 2416 etiam
740 2354 826 2435 ipsas
848 2361 978 2436 propter
999 2373 1033 2415 se
1055 2354 1262 2417 assumendas
1289 2361 1455 2437 putamus,
1485 2375 1555 2419 cum
1578 2354 1653 2438 quia
1675 2355 1716 2420 sit
1736 2356 1771 2419 in

446 2446 487 2510 iis
509 2445 630 2528 aliquid
653 2446 784 2529 dignum
806 2446 1041 2530 assumptione,
1063 2455 1130 2510 tum
1153 2447 1239 2531 quod
1263 2454 1407 2512 constent
1429 2469 1470 2511 ex
1491 2449 1723 2531 cognitionibus
1739 2457 1772 2515 et

446 2539 631 2603 contineant
659 2540 811 2624 quiddam
841 2542 875 2603 in
904 2561 938 2604 se
966 2542 1089 2604 ratione
1117 2542 1321 2605 constitutum
1353 2548 1386 2605 et
1412 2543 1472 2605 via.
1515 2543 1644 2606 dialsa
1664 2553 1771 2610 autem

446 2634 630 2696 assensione
659 2634 757 2716 magis
788 2654 847 2696 nos
875 2633 1029 2698 alienatos
1057 2653 1125 2698 esse
1156 2654 1250 2717 quam
1279 2654 1298 2697 a
1325 2636 1438 2700 ceteris
1459 2636 1570 2711 rebus,
1601 2656 1684 2721 quae
1706 2639 1773 2704 siut

410 2736 555 2795 socontra
576 2734 737 2802 naturam,¹
758 2728 959 2791 arbitrantur.
996 2728 1061 2789 lam
1084 2728 1312 2801 membrorum,
1334 2729 1366 2791 id
1388 2738 1436 2793 est
1459 2732 1595 2814 partium
1618 2734 1772 2814 corporis,

446 2821 508 2886 alia
530 2822 677 2884 videntur
697 2830 826 2906 propter
848 2841 957 2885 eorum
980 2843 1073 2885 usum
1091 2830 1235 2885 enatura
1249 2842 1320 2886 esse
1335 2824 1460 2898 donata,
1476 2833 1510 2888 ut
1524 2845 1645 2899 nanus,
1667 2845 1771 2901 crura,

445 2916 559 3001 pedes,
581 2924 617 2978 ut
638 2936 690 2990 ea,
713 2935 795 3000 quae
818 2924 892 2979 sunt
913 2917 999 2979 intus
1021 2916 1053 2978 in
1077 2937 1227 2999 corpore,
1250 2937 1384 2999 quorum
1407 2918 1526 2981 utilitas
1549 2927 1666 3002 quanta
1687 2922 1731 2984 sit
1751 2941 1771 2985 a

446 3010 577 3073 medicis
599 3010 693 3073 etiam
716 3009 911 3093 disputatur,
933 3010 995 3073 alia
1014 3017 1120 3074 autem
1136 3011 1254 3075 nullam
1269 3011 1310 3074 ob
1325 3012 1491 3075 utilitatem
1507 3013 1597 3096 quasi
1612 3013 1653 3075 ad
1668 3033 1771 3097 quen-

446 3103 517 3168 dam
548 3113 708 3179 0rnatum,
743 3113 778 3168 ut
807 3105 907 3167 canda
936 3105 1069 3187 pavoni,
1098 3105 1223 3188 plumae
1252 3106 1460 3168 versicolores
1489 3106 1669 3180 columbis,
1692 3108 1771 3171 viris

408 3219 599 3270 somammae
625 3208 722 3283 atque
750 3198 857 3261 barba.
901 3193 951 3261 t9.
974 3200 1060 3262 Haec
1081 3199 1228 3263 dicuntur
1249 3199 1383 3262 fortasse
1405 3200 1569 3275 ieiunius?
1585 3209 1661 3263 sunt
1682 3202 1770 3266 enim

446 3296 536 3380 quasi
566 3294 668 3377 prima
696 3294 853 3357 elementa
881 3302 1027 3368 naturae,
1058 3294 1174 3377 quibus
1203 3294 1329 3356 ubertas
1359 3294 1512 3357 orationis
1539 3293 1683 3357 adbiberi
1714 3298 1771 3361 vix

378 3432 380 3437 .
444 3396 563 3473 potest,
585 3409 644 3452 nec
667 3387 818 3473 equidem
840 3407 909 3451 eam
931 3388 1035 3470 cogito
1059 3388 1250 3451 consectari:
1273 3409 1381 3452 rerum
1403 3397 1509 3451 tamen
1531 3408 1602 3452 cum
1618 3389 1769 3455 derebus

444 3482 666 3567 grandioribus
688 3483 792 3557 dicas,
815 3483 900 3565 ipsae
915 3502 965 3544 res
980 3483 1076 3544 verba
1091 3482 1236 3565 rapiunt:
1258 3483 1301 3545 ita
1316 3482 1352 3545 tit
1366 3502 1437 3545 cum
1451 3482 1578 3564 gravior
1591 3491 1656 3546 tum
1672 3485 1769 3548 etiam

443 3576 642 3659 splendidior
665 3577 776 3639 oratio.
813 3577 870 3638 Est
890 3583 927 3638 ut
948 3576 1039 3649 dicis,
1060 3577 1205 3658 inquam;
1229 3575 1283 3638 sed
1307 3585 1412 3640 tamen
1435 3596 1543 3651 omne,
1566 3577 1652 3660 quod
1669 3578 1709 3640 de
1730 3597 1768 3641 re

404 3671 525 3737 ebone
554 3670 694 3732 dilucide
722 3669 851 3743 dicitur,
880 3669 957 3732 mihi
990 3669 1150 3751 praeclare
1173 3668 1235 3731 dici
1257 3669 1392 3733 videtur.
1434 3669 1529 3733 lstius
1551 3670 1638 3734 modi
1660 3679 1766 3733 autem

441 3784 491 3827 res
513 3762 618 3826 dicere
640 3771 749 3828 ornate
771 3763 853 3825 velle
882 3763 1003 3846 puerile
1030 3770 1094 3837 est,
1123 3763 1217 3845 plane
1238 3771 1344 3826 autem
1366 3772 1398 3826 et
1418 3764 1586 3846 perspicue
1609 3765 1766 3849 expedire

440 3877 534 3939 posse
557 3857 640 3920 docti
663 3864 696 3920 et
716 3857 929 3940 intellegentis
953 3857 1021 3919 viri.

524 3952 577 4013 Vl.
604 3948 655 4014 ΒΟ.
684 3949 924 4033 Progrediamur
955 3951 1065 4033 igitur,
1099 3950 1265 4033 quoniam,
1298 3951 1415 4034 inquit,
1446 3950 1486 4013 ab
1514 3951 1565 4015 bis
1597 3953 1766 4036 principiis

439 4054 571 4109 naturae
594 4037 813 4118 discessimus,
836 4044 951 4128 quibus
974 4064 1149 4127 congruere
1172 4045 1288 4107 debent
1309 4064 1391 4128 quae
1414 4054 1570 4109 secuntur.
1616 4047 1767 4129 Sequitur

402 4148 544 4208 aoautcm
566 4139 644 4202 haec
665 4140 768 4221 prima
789 4139 923 4202 divisio:
946 4139 1150 4203 Aestimabile
1173 4159 1243 4201 esse
1266 4140 1376 4201 dicunt
1398 4139 1498 4202 —sic
1520 4141 1620 4215 enim,
1643 4149 1677 4203 ut
1696 4142 1766 4223 opi·

440 4255 511 4308 nor,
534 4233 784 4318 appellemus-
804 4232 852 4307 id,
877 4233 961 4316 quod
984 4242 1039 4296 aut
1060 4235 1164 4316 ipsum
1188 4233 1361 4297 secundum
1383 4242 1526 4296 naturam
1553 4234 1594 4298 sit
1622 4242 1676 4298 aut
1703 4236 1766 4300 tale

440 4330 515 4412 quid
538 4325 666 4401 efficiat,
696 4336 731 4390 nt
753 4327 924 4390 selectione
947 4328 1077 4409 dignum
1100 4335 1267 4411 propterea
1289 4327 1346 4399 sit,
1375 4326 1461 4410 quod
1489 4327 1618 4410 aliquod
1640 4329 1765 4410 pondus

437 4423 554 4485 habent
575 4423 704 4504 dignum
727 4421 965 4495 aestimatione,
989 4442 1083 4504 quam
1105 4422 1152 4485 illi
1174 4417 1268 4500 ἀξίαν
1289 4429 1418 4492 vocant,
1446 4430 1615 4505 contraque
1635 4420 1766 4487 inaesti-

439 4516 570 4591 mabile,
601 4515 687 4601 quod
717 4513 759 4577 sit
780 4515 937 4596 superiori
960 4517 1161 4578 contrarium.
1204 4515 1307 4578 lnitiis
1329 4516 1425 4597 igitur
1447 4517 1491 4577 ita
1513 4515 1707 4590 constitutis,
1729 4526 1767 4581 ut

400 4630 491 4685 osea,
515 4631 596 4695 quae
618 4609 791 4674 secundum
814 4617 957 4672 naturam
980 4617 1070 4682 sunt,
1099 4610 1168 4694 ipsa
1195 4616 1325 4693 propter
1348 4629 1382 4671 se
1405 4609 1557 4672 sumenda
1578 4609 1658 4683 sint,
1688 4629 1766 4674 con·

439 4706 596 4787 trariaque
618 4705 694 4768 item
716 4704 893 4779 reicienda,
914 4704 1049 4786 primum
1074 4712 1123 4767 est
1144 4703 1282 4767 officium
1304 4703 1392 4765 —id
1416 4704 1499 4765 enim
1515 4703 1639 4787 appello
1653 4704 1764 4784 καθῆ-

439 4822 497 4863 κον
518 4833 577 4875 -,
599 4808 634 4863 nt
656 4817 690 4861 se
712 4807 879 4864 conservet
899 4799 933 4861 in
956 4808 1086 4862 naturae
1109 4805 1209 4871 statu,
1241 4796 1392 4879 deinceps
1414 4805 1507 4860 ntea
1529 4806 1651 4872 teneat,
1680 4819 1763 4883 quae

446 4988 615 4999 -ι----
623 4989 869 4997 m
876 4989 918 4995 -.-.
928 4990 942 4994 ..
957 4988 1028 4995 -......-
1035 4989 1042 4994 .
1059 4987 1217 4994 -.-.-..-......
1228 4987 1460 4996 —-.-.-.-—-.-.-

502 5128 526 5177 Ξ.
545 5128 642 5176 odscs'to
658 5127 693 5177 A:
712 5127 843 5175 mantell
864 5153 890 5163 -
915 5126 939 5175 3,
959 5128 1056 5187 aptes
1078 5153 1105 5162 -
1128 5127 1152 5175 5.
1172 5138 1235 5185 quas
1250 5126 1288 5174 cel
1304 5124 1528 5186 comprehensiones
1543 5125 1581 5174 cel
1594 5126 1763 5188 perceptiones

436 5215 489 5253 om.
504 5204 523 5251 Α
539 5229 564 5238 -
585 5203 608 5252 6.
626 5202 648 5251 sl
663 5203 708 5252 bec
724 5202 799 5251 uerbo
816 5207 860 5251 out
877 5203 896 5251 Β
917 5229 942 5238 -
962 5202 986 5252 7.
1004 5202 1135 5264 cotolepsis
1152 5203 1201 5252 ΑΒ
1215 5225 1242 5235 -
1261 5202 1415 5262 appellamus
1433 5201 1481 5251 ΒΕ
1497 5226 1523 5238 -
1543 5213 1585 5249 eos
1602 5201 1665 5251 AB:
1684 5202 1762 5251 ltos0

437 5304 465 5315 -
479 5276 503 5328 8.
523 5278 588 5340 quod
605 5280 666 5336 lnon
678 5279 761 5339 quom)
775 5280 853 5327 etiam
866 5279 884 5328 Ε
899 5303 925 5313 -
945 5277 968 5326 9.
987 5278 1013 5326 lu
1025 5290 1078 5327 om.
1092 5278 1141 5328 ΑΒ
1155 5302 1182 5312 -
1203 5291 1264 5339 quos
1275 5280 1336 5336 lnon
1348 5279 1421 5340 quod]
1440 5279 1520 5327 etiam
1538 5278 1599 5327 E-
1617 5278 1761 5327 oldemtssG

438 5380 465 5390 -
485 5354 524 5404 to.
544 5354 818 5415 siquid1sedqus'dll
838 5379 863 5388 -
884 5353 1023 5402 inuenerint
1040 5354 1101 5402 AB:
1123 5353 1267 5401 invenerunt
1284 5354 1304 5403 0
1324 5380 1349 5388 -
1370 5355 1409 5401 tl.
1427 5354 1538 5415 propter]
1555 5365 1602 5413 pro
1618 5355 1639 5402 Α
1658 5366 1763 5402 -cum

437 5429 500 5479 AB:
518 5435 571 5478 tum
588 5429 607 5477 0
627 5455 653 5464 -
674 5429 713 5477 ⁴².
729 5429 768 5492 te]
786 5429 898 5487 lusu,
915 5429 1030 5489 bpsll-
1051 5440 1099 5487 quo
1116 5433 1192 5477 coest.
1211 5428 1299 5477 ΒΕ·
1320 5427 1359 5478 tt.
1378 5428 1426 5476 sint
1442 5429 1507 5478 AB:
1526 5428 1614 5477 sueto
1629 5453 1656 5463 -
1675 5428 1715 5477 47.
1733 5433 1762 5478 ul

435 5518 466 5553 eu
487 5504 522 5554 A:
547 5509 570 5553 et
590 5504 659 5553 euB
684 5529 710 5539 -
738 5505 775 5553 ta.
795 5518 812 5552 a
835 5504 897 5552 med.
921 5505 996 5552 etiem
1019 5504 1084 5563 {nou
1102 5505 1178 5552 etiam
1195 5518 1212 5552 o
1227 5503 1398 5565 erudiebant
1422 5504 1486 5553 13-
1511 5502 1551 5553 2l.
1570 5507 1597 5550 ut
1620 5514 1674 5551 om.
1692 5503 1711 5551 Β
1731 5529 1760 5540 -

435 5578 772 5640 constupuimus
794 5605 820 5615 -
848 5578 939 5639 ameni]
957 5578 1020 5627 utE
1039 5603 1066 5613 -
1094 5579 1134 5627 26.
1151 5580 1279 5640 puertttlt
1302 5604 1328 5615 -
1348 5581 1389 5630 ts.
1409 5579 1534 5642 quonium]
1558 5579 1600 5640 qul
1620 5578 1674 5628 ideo
1691 5578 1711 5628 B
1731 5604 1759 5615 ·-

436 5652 475 5702 30.
494 5654 554 5703 boec
573 5654 658 5717 primo
679 5654 767 5702 diuisio
790 5653 852 5703 AB:
874 5654 959 5713 primo
982 5653 1068 5701 divisio
1088 5652 1147 5701 boec
1170 5653 1189 5701 0
1210 5677 1236 5690 -
1261 5655 1345 5702 dicunt
1362 5654 1454 5703 ABE:
1478 5655 1570 5703 dicitur
1586 5653 1639 5702 ΜΟ
1659 5679 1685 5690 -
1704 5655 1761 5716 opi·

435 5728 522 5778 niort
538 5755 563 5764 —
583 5730 623 5779 st.
638 5730 786 5792 appellemus
802 5728 849 5777 Th.
863 5726 1006 5778 Bentleius:
1031 5728 1185 5790 appellamus
1201 5727 1279 5777 codd.
1301 5757 1327 5766 -
1346 5728 1386 5778 32.
1403 5734 1534 5790 praetereo
1550 5728 1638 5778 BE-
1657 5727 1761 5788 aliquod

436 5814 489 5851 orn.
508 5804 528 5851 Δ
547 5827 573 5838 -
598 5804 638 5854 33.
657 5805 693 5853 llll
705 5806 818 5852 -oocont
841 5801 977 5852 Peerclus:
1000 5801 1148 5852 ille-vocet
1169 5802 1247 5851 codd.
1267 5803 1292 5851 et
1316 5803 1335 5851 0
1355 5828 1382 5838 —
1406 5804 1487 5852 octos
1504 5804 1581 5853 ΑΒΕ
1601 5826 1633 5867 -,
1647 5802 1687 5854 dl.
1707 5804 1760 5853 loi-

435 5876 483 5940 tlls]
501 5877 569 5925 letus
586 5879 604 5927 Β
624 5906 651 5916 -
670 5879 710 5929 36.
727 5877 846 5942 ρήηιωπ]
860 5878 973 5947 primun
989 5879 1054 5929 enlm
1070 5878 1090 5927 B
1110 5901 1136 5913 -
1156 5878 1264 5943 effictum
1280 5883 1314 5928 est
1331 5879 1350 5929 E
1372 5904 1395 5914 -
1415 5878 1441 5927 ld
1457 5877 1529 5942 enlm]
1546 5877 1646 5928 ldemb
1665 5903 1695 5914 -
1712 5891 1759 5928 co-
