4342 7459
435 1237 499 1308 tii
976 1240 1031 1306 ΒΕ
1052 1239 1224 1306 LEGIBUS

434 1396 600 1465 faciendae
621 1392 812 1483 potestatem
833 1394 1004 1472 ademerit,
1032 1399 1142 1462 anxilii
1162 1397 1287 1464 ferendi
1307 1397 1490 1483 reliquerit,
1517 1401 1770 1487 Pompeiumque

436 1501 576 1559 nostrum
605 1492 719 1559 ceteris
747 1491 842 1557 rebus
871 1491 1018 1556 omnibus
1047 1511 1175 1577 semper
1201 1493 1407 1577 amplissimis
1433 1495 1633 1579 summeque
1663 1493 1771 1562 ecfcro

435 1586 601 1662 laudibus,
632 1587 672 1651 de
700 1579 870 1650 tribunicia
897 1592 1055 1670 potestate
1085 1593 1190 1663 taceo;
1223 1607 1283 1651 nec
1312 1589 1399 1654 enim
1426 1587 1665 1674 reprehendero
1693 1585 1773 1654 libat

435 1702 496 1747 uec
518 1681 648 1747 laudm
670 1700 809 1766 possam.

412 1782 428 1830 ι
521 1777 562 1840 X.
583 1771 636 1840 23.
656 1776 700 1839 lt.
722 1776 806 1840 vitis
828 1773 957 1860 quidem
979 1769 1158 1839 uibunatua
1179 1775 1352 1859 praeclare,
1375 1776 1504 1853 Quinte,
1524 1775 1693 1861 pempieie,
1714 1777 1793 1842 sed·

436 1878 486 1936 est
506 1870 617 1955 iniqua
636 1868 672 1932 in
694 1868 781 1933 omni
802 1887 838 1932 re
859 1867 1038 1933 accusanda
1058 1869 1290 1953 praetermissis
1311 1871 1406 1936 bonis
1427 1869 1583 1937 sudorum
1604 1889 1773 1936 conmma-

436 1963 483 2027 tio
505 1963 719 2048 vitiorumque
742 1961 882 2030 selectio.
912 1963 992 2027 liam
1015 1962 1075 2027 isto
1093 1961 1228 2047 quidem
1250 1963 1346 2028 modo
1367 1962 1419 2030 rel
1440 1961 1625 2028 consulatus
1646 1962 1774 2048 vitupe-

435 2057 500 2122 rari
520 2064 641 2142 potest,
662 2057 690 2122 si
714 2055 894 2132 consulum,
916 2074 996 2140 quoa
1018 2075 1205 2121 enumerare
1225 2056 1317 2134 nolo,
1338 2065 1468 2142 peccata
1489 2055 1670 2140 collegaria
1704 2058 1774 2142 Ego

437 2151 524 2216 enim
548 2147 654 2216 fateor
680 2149 715 2216 in
744 2149 807 2214 ista
834 2149 905 2234 ipsa
933 2157 1091 2233 potestate
1118 2149 1225 2215 inesse
1255 2151 1407 2237 quiddam
1437 2151 1531 2228 mali,
1558 2148 1617 2214 sed
1638 2151 1773 2226 bonum

398 2242 525 2330 eoquod
552 2252 602 2310 est
629 2243 809 2329 quesitum
838 2244 872 2306 in
901 2262 958 2319 ca,
985 2244 1055 2308 sine
1075 2244 1139 2307 isto
1161 2244 1244 2309 malo
1265 2265 1331 2309 nou
1352 2244 1555 2310 hademarus.
1585 2277 1632 2292 -··
1666 2245 1774 2310 Nimia

436 2344 578 2423 potestas
600 2346 649 2402 est
668 2336 868 2404 tribunorum
891 2337 935 2421 pl.
964 2372 1001 2383 -
1034 2336 1114 2413 Quis
1136 2340 1254 2421 negati
1287 2338 1345 2403 sed
1365 2338 1412 2404 ris
1433 2336 1547 2424 populi
1575 2339 1681 2404 multo
1701 2357 1772 2404 sse·

435 2433 507 2498 rior
526 2431 692 2516 multoque
713 2429 951 2506 vehementior,
972 2448 1072 2515 quae,
1096 2431 1211 2495 ducem
1232 2452 1328 2516 quom
1348 2433 1460 2508 habet,
1481 2429 1643 2498 interdum
1666 2431 1773 2498 leuior

436 2533 502 2603 eat,
533 2547 630 2611 quani
657 2524 686 2590 si
712 2525 836 2590 nullum
859 2523 1001 2588 haberet.
1042 2525 1117 2589 Dux
1139 2526 1224 2590 enim
1246 2545 1304 2591 sno
1325 2546 1357 2590 ae
1376 2524 1521 2612 periculo
1542 2524 1698 2610 progredi
1719 2545 1772 2592 eo-

436 2623 531 2706 gitat,
558 2619 670 2706 populi
697 2619 834 2704 impetus
855 2618 988 2704 periculi
1009 2619 1164 2683 rationem
1186 2619 1238 2684 sni
1259 2639 1325 2684 non
1347 2619 1452 2686 habet.
1488 2649 1529 2666 ·-
1566 2613 1621 2682 ii.
1648 2621 1694 2685 Ar
1713 2619 1772 2685 ali-

399 2714 568 2800 aequando
588 2711 778 2777 incenditur.
809 2745 848 2758 -
882 2712 922 2775 lit
950 2712 1080 2796 quidem
1108 2731 1205 2796 saepe
1226 2713 1367 2778 sedatur.
1409 2713 1505 2791 Quod
1526 2715 1612 2780 emm
1634 2721 1688 2778 eet
1708 2723 1770 2778 tau

437 2809 639 2900 desperatum
669 2805 858 2889 collegium,
886 2805 920 2870 in
949 2825 1013 2890 quo
1042 2826 1136 2871 nemo
1167 2827 1185 2870 e
1213 2806 1326 2872 decem
1346 2828 1425 2874 sana
1445 2816 1552 2874 mente
1573 2808 1640 2872 citt
1685 2805 1771 2884 Quin

436 2901 543 2986 ipsum
564 2900 614 2964 Ti.
631 2898 807 2966 Graccum
829 2919 895 2965 non
917 2900 1021 2964 selum
1043 2900 1222 2976 neclectua,
1250 2901 1308 2965 sed
1334 2903 1430 2968 etiam
1451 2901 1596 2967 sublatus
1617 2899 1772 2966 interces-

437 3015 493 3060 sor
514 2994 636 3060 evertit.
669 2993 755 3071 Quid
776 2994 862 3058 enim
882 2991 972 3058 illum
994 2992 1083 3059 aliud
1106 2993 1243 3077 perculit
1263 2995 1324 3060 nisi
1347 2995 1437 3081 qnod
1458 3001 1651 3079 potestatem
1674 2994 1770 3060 inter*

437 3088 564 3155 cedenti
592 3087 734 3173 collegae
763 3087 951 3172 abrogauit?
995 3085 1059 3152 Sed
1084 3095 1122 3153 tu
1151 3085 1339 3172 sapientiam
1366 3089 1522 3154 nidorum
1548 3087 1584 3152 in
1605 3085 1665 3153 illo
1687 3087 1769 3152 vide

288 3177 296 3190 “
404 3181 597 3248 ”Concessa
624 3182 730 3265 plebei
764 3200 784 3246 a
811 3178 957 3266 patribus
990 3181 1052 3246 ieta
1086 3187 1245 3265 potestate
1273 3201 1361 3246 mma
1388 3179 1592 3258 ceciderunt,
1620 3181 1771 3246 matinata

437 3278 552 3345 reditio
573 3283 633 3353 est,
655 3275 818 3340 inventurn
840 3282 890 3340 eet
910 3282 1208 3358 temperamentum,
1229 3293 1294 3359 qno
1310 3275 1471 3340 tenuiores
1484 3295 1556 3340 cnm
1570 3273 1769 3360 principuus

437 3371 568 3456 aequari
597 3391 632 3436 ae
660 3377 826 3455 putarent,
855 3369 891 3433 in
920 3387 986 3454 qno
1013 3388 1080 3433 nno
1108 3367 1170 3432 init
1189 3368 1327 3432 civitatis
1348 3368 1445 3434 adua.
1487 3369 1530 3434 As
1551 3367 1617 3435 duo
1638 3365 1770 3434 Gracchi

436 3463 576 3529 metunt.
617 3464 659 3526 Et
679 3474 806 3560 praetpr
827 3483 884 3528 ees
905 3463 1051 3549 quamvis
1073 3481 1241 3527 enumeres
1263 3461 1379 3527 multos
1398 3460 1490 3535 licet.
1511 3479 1583 3526 cnm
1606 3459 1684 3526 deni
1704 3479 1770 3526 cre-

438 3568 549 3635 antur,
570 3578 634 3624 non
655 3557 762 3622 nullos
783 3557 818 3622 in
840 3558 927 3622 omni
948 3557 1102 3621 memoria
1122 3555 1263 3641 reperies
1284 3554 1482 3640 perniciosos
1504 3554 1662 3632 munos,
1683 3550 1767 3620 lares

401 3652 532 3718 statiani
555 3670 652 3737 quarn
673 3650 776 3715 bonos
797 3650 933 3716 iortmse
956 3650 1080 3736 plnres:
1112 3650 1234 3714 invidia
1255 3649 1385 3734 quidem
1405 3669 1550 3714 marmus
1571 3650 1653 3714 ordo
1675 3657 1769 3722 carel,

437 3745 548 3830 plebes
570 3741 611 3810 de
632 3764 691 3809 suo
713 3744 782 3808 inre
803 3743 999 3828 periculosae
1021 3744 1243 3808 contentiones
1264 3743 1369 3808 nullas
1389 3741 1477 3808 iacit.
1521 3739 1574 3806 25.
1602 3741 1711 3820 Quam
1730 3743 1769 3808 ol

436 3858 507 3904 rem
534 3846 592 3904 aut
618 3837 769 3922 erigendi
799 3857 891 3922 reges
919 3858 987 3903 non
1013 3837 1145 3904 iaemnt
1171 3847 1228 3903 aut
1254 3837 1340 3923 plebi
1369 3857 1425 3913 se,
1457 3855 1522 3916 non
1543 3835 1643 3902 verbo
1665 3835 1768 3902 danda

306 3957 308 3963 ·
436 3930 584 3997 libertae:
606 3939 700 4017 'qune
730 3939 835 3996 umen
862 3934 908 3997 sic
930 3932 1002 3996 data
1025 3940 1090 4007 est,
1119 3940 1155 3999 ut
1175 3932 1284 3996 multia
1305 3930 1330 4013 †
1351 3929 1609 4015 praeclarissimis
1630 3929 1767 3996 adduce·

436 4034 539 4102 retur,
561 4033 598 4090 ut
618 4026 799 4090 auctoritati
821 4026 1002 4110 principum
1025 4025 1164 4091 cederet.

504 4262 527 4311 s.
544 4259 698 4323 pomnen
727 4285 755 4294 -
782 4260 868 4310 ausa
884 4262 924 4319 u,
944 4261 1070 4311 enectam
1088 4261 1146 4311 Asa
1172 4287 1199 4298 -
1226 4260 1355 4322 retiquae
1371 4261 1392 4309 Α
1410 4272 1470 4323 sup.
1482 4241 1527 4310 nh.
1549 4284 1577 4295 -
1596 4260 1624 4310 a.
1640 4260 1670 4309 ss
1686 4261 1769 4311 mou

438 4335 591 4396 Turnebus3
611 4339 639 4385 at
654 4348 680 4384 v.
699 4334 890 4398 Naegelsbach,
908 4336 1062 4386 Laiciaiscie
1079 4335 1185 4386 stilistils
1200 4335 1269 4400 pii
1287 4334 1330 4385 ed.
1343 4335 1387 4384 ΙΙΙ.
1407 4360 1436 4369 -
1459 4334 1541 4396 ccsesu
1557 4337 1580 4385 A
1599 4339 1636 4396 (ec
1651 4337 1680 4387 in
1697 4336 1767 4400 ras.).

438 4411 526 4475 attero
542 4411 572 4473 Β,
590 4411 665 4473 effero
683 4411 703 4460 0
723 4434 750 4446 -
770 4411 929 4496 63accaasaat
945 4413 979 4461 da
995 4412 1015 4461 Β
1035 4437 1062 4448 -
1080 4412 1106 4460 7.
1119 4411 1240 4461 sesclectio
1257 4411 1276 4460 Β
1295 4435 1323 4444 -
1341 4408 1482 4471 oaapaart
1495 4413 1577 4471 potest
1593 4409 1767 4475 Feldhuegcl:

437 4524 568 4587 caeperat
584 4525 620 4583 Β,
643 4523 771 4585 altapetra
778 4485 836 4574 agag
852 4527 888 4573 cst
903 4527 924 4574 A
949 4522 1069 4586 [antique
1092 4536 1173 4573 manu
1195 4519 1258 4572 nihil
1275 4522 1326 4571 nisi
1342 4520 1456 4583 aitapet.
1471 4557 1478 4571 .
1496 4525 1551 4572 .est
1570 4523 1704 4586 scriptum
1721 4525 1768 4581 est,

437 4597 540 4663 reliqua
557 4601 620 4650 eunt
636 4599 808 4658 recentiorat;
827 4598 999 4661 eitapcrabiiis
1014 4604 1049 4649 est
1066 4600 1086 4649 0
1105 4625 1131 4635 -
1152 4599 1177 4649 9.
1194 4597 1270 4649 maa
1285 4596 1304 4646 Β
1325 4622 1352 4632 -
1376 4597 1417 4645 tl.
1435 4595 1520 4645 sudor
1536 4595 1650 4660 mettio:
1666 4595 1770 4648 ueu'rtior

438 4674 473 4733 B;
490 4673 656 4724 oeiemmioe
670 4673 798 4734 multoque
813 4673 943 4722 smoioro
964 4696 990 4708 -
1011 4674 1051 4723 la.
1071 4687 1146 4737 gaam
1158 4673 1266 4738 scripsi:
1285 4669 1437 4735 qaodAlto
1455 4695 1484 4707 -
1504 4670 1545 4721 ts.
1566 4677 1603 4720 cst
1619 4683 1699 4734 pauor
1714 4673 1735 4721 si
1749 4676 1768 4722 A

437 4747 464 4798 in
477 4746 623 4799 mehebel
636 4774 662 4784 -
676 4747 773 4796 aedium
780 4747 836 4796 A¹lt
851 4773 878 4782 -
891 4759 917 4797 se
927 4748 1016 4799 lloser
1026 4750 1054 4797 et
1065 4747 1118 4798 duo
1127 4748 1310 4799 Ambrosinni:
1324 4759 1377 4796 om.
1388 4746 1435 4796 AB
1446 4771 1474 4781 -
1486 4744 1527 4796 ll.
1540 4746 1729 4809 dipwetoAlt
1741 4772 1766 4783 -

438 4822 478 4872 te.
489 4823 577 4872 saucit
592 4846 619 4857 ·-
633 4821 672 4871 lt.
686 4821 810 4885 aeplxtus
818 4822 962 4872 Manutius:
976 4826 1061 4874 nectas
1069 4828 1090 4874 A
1099 4824 1127 4884 lt,
1140 4826 1167 4874 in
1177 4836 1230 4888 qno
1241 4821 1340 4873 mendo
1352 4820 1415 4871 latet
1427 4823 1504 4872 vetus
1516 4821 1603 4871 torma
1611 4821 1735 4872 uectem
1743 4849 1767 4859 -

438 4898 478 4949 te.
496 4897 587 4948 eremit
603 4894 719 4946 Vahlen:
742 4896 908 4957 iueratA133
930 4896 1041 4961 [regem
1057 4896 1177 4962 Bentley,
1195 4903 1321 4949 soaocrat
1338 4898 1467 4958 deotcoz,
1490 4896 1585 4947 saooit
1601 4894 1768 4961 Feldhuegel.

437 4974 583 5022 moueat
599 4970 620 5020 0
639 4995 666 5007 -
685 4969 747 5018 illud
763 4971 811 5021 AB
831 4997 858 5007 -
877 4972 1036 5023 intercedenti
1053 4971 1171 5035 iladvig:
1194 4973 1361 5024 intercedendi
1377 4971 1459 5022 ABO.
1494 4972 1569 5022 elion
1586 4971 1769 5022 intercedendi

437 5048 600 5111 potestatem
617 5046 753 5096 Gracchus
771 5046 879 5096 Octavio
901 5045 1052 5111 abrogavit,
1077 5051 1107 5098 ut
1128 5045 1170 5099 llla
1193 5051 1301 5113 dempta
1319 5046 1440 5097 tribunus
1458 5046 1597 5104 maneret.
1623 5059 1676 5097 nec
1691 5045 1768 5097 abro-

436 5125 514 5185 getur
530 5134 584 5171 una
599 5119 687 5184 aliqua
705 5122 794 5171 certae
813 5120 851 5170 rei
870 5124 1002 5185 potestas,
1025 5123 1075 5174 sed
1097 5126 1154 5189 ipae
1175 5127 1371 5189 magistratus.»
1401 5149 1427 5160 -
1459 5123 1500 5173 49.
1519 5124 1673 5186 municas
1688 5128 1724 5182 A.
1744 5135 1768 5172 ι

436 5198 563 5261 puoctata
583 5222 608 5230 -
627 5197 754 5245 maiorum
770 5196 797 5245 ic
813 5196 856 5245 illo
872 5197 1017 5248 Manutius:
1036 5200 1130 5250 maiori
1146 5201 1222 5250 aidila
1238 5201 1288 5252 AB
1313 5225 1347 5239 -
1371 5199 1412 5249 20.
1430 5199 1578 5249 concessclt
1599 5226 1628 5238 -
1650 5199 1729 5264 placei
1752 5210 1768 5247 c

436 5272 545 5336 scripsi:
571 5270 690 5334 pleioteta
707 5271 769 5330 All,
794 5270 860 5332 plebi
875 5273 930 5322 o0
954 5299 981 5309 —
1005 5288 1023 5323 a
1043 5275 1263 5338 patrimonii
1284 5303 1311 5314 ·-
1329 5278 1438 5338 potestas
1454 5276 1714 5326 orsuacaccedemt
1728 5287 1767 5324 re·

436 5349 513 5397 stiata
530 5348 548 5397 Β
573 5373 600 5384 -
628 5347 670 5396 22,
686 5350 806 5409 patareni
822 5347 940 5397 Ernesti:
957 5351 1073 5410 putarint
1090 5351 1140 5400 AB
1161 5377 1187 5387 -
1207 5351 1242 5400 cd
1257 5350 1317 5401 A¹B
1335 5373 1362 5386 -
1381 5347 1471 5413 mucii
1488 5351 1507 5398 A
1525 5372 1560 5386 -
1575 5349 1618 5400 23,
1631 5350 1768 5400 mem

436 5424 457 5475 Β
476 5449 504 5460 -
524 5423 581 5472 dest
598 5424 617 5473 Β
644 5448 670 5457 -
697 5426 814 5471 amatae
830 5421 895 5472 dett.
915 5424 1006 5486 pauci:
1033 5429 1154 5474 creaatm
1170 5426 1216 5476 AB
1245 5450 1272 5461 -
1300 5423 1342 5476 il.
1360 5423 1492 5473 mantas
1509 5422 1672 5476 Lambinus:
1689 5424 1768 5475 eslius

437 5499 506 5559 A¹lt‚
524 5498 606 5547 cados
622 5498 654 5547 A¹
679 5521 706 5532 -
733 5496 895 5558 repperiret
923 5524 949 5535 -
977 5499 1017 5548 25.
1036 5512 1114 5562 gaam
1130 5501 1238 5564 scripsi:
1264 5514 1315 5549 aaa
1332 5499 1380 5550 AB
1391 5498 1421 5558 0,
1440 5498 1467 5548 in
1485 5510 1538 5562 qua
1556 5496 1671 5550 lectione
1687 5498 1766 5550 verba

436 5572 476 5623 sic
494 5571 671 5634 distinguunt:
689 5570 810 5633 tribanos,
829 5571 901 5633 leues,
918 5573 994 5623 etiam
1010 5589 1060 5624 aaa
1076 5574 1153 5625 docos
1168 5578 1219 5627 etc.
1240 5603 1269 5614 -
1287 5577 1329 5626 ct.
1347 5588 1376 5624 re
1391 5578 1413 5625 A
1430 5575 1456 5625 in
1474 5587 1527 5625 ras.
1541 5573 1626 5625 habet
1641 5601 1676 5614 —
1691 5574 1767 5624 duude

436 5647 456 5697 Β
473 5674 506 5683 -
522 5649 563 5698 28.
583 5648 644 5696 dota
661 5640 675 5695 i
692 5650 714 5697 A
732 5647 757 5695 in
770 5659 820 5696 res.
843 5672 869 5680 —
888 5648 973 5696 multis
986 5650 1197 5710 praeclarissimis
1213 5652 1233 5700 A
1244 5651 1306 5701 Bo:
1325 5649 1416 5699 airwlis
1426 5649 1641 5712 praeclarissimis
1657 5647 1764 5711 iladvig.

434 5722 520 5772 multis
532 5722 675 5786 praeclaris
697 5722 816 5770 institutis
836 5721 906 5771 Balce
928 5726 955 5772 at
979 5723 1150 5788 l'eldlruegel,
1177 5725 1263 5775 multis
1283 5726 1403 5776 imitata
1422 5724 1637 5787 praeclarinituis
1657 5721 1764 5780 Vahlen.

435 5800 520 5848 multis
532 5799 743 5862 praeclarissimis
757 5796 851 5863 epita
867 5797 1021 5859 Lambinus,
1038 5800 1122 5850 maltis
1138 5799 1212 5850 redas
1226 5799 1437 5863 praeciamadmis
1454 5800 1489 5850 ll.
1498 5798 1618 5862 Seyffert
1634 5797 1661 5849 ln
1676 5796 1766 5848 seinte

434 5872 534 5924 detis&
548 5874 568 5937 Ι,
582 5873 645 5934 ιδις
664 5873 721 5939 ipse
738 5870 830 5924 malim
844 5873 929 5924 mattis
941 5875 1086 5936 praecum
1100 5875 1191 5925 uinclis
1208 5899 1236 5912 -
1263 5875 1422 5926 addam
1437 5872 1489 5924 AB
1508 5898 1537 5911 -
1566 5872 1611 5925 2⁹.
1627 5873 1723 5924 udam
1737 5869 1763 5922 Β.
