4342 7459
948 1241 1206 1306 FRAGMENTA.
1674 1234 1737 1303 985

489 1399 537 1462 66.
565 1396 743 1460 Imbecillus
772 1404 875 1460 autem
903 1404 952 1458 est
979 1395 1110 1479 pudoris
1141 1396 1287 1477 magister
1316 1398 1421 1475 timor,
1454 1398 1522 1479 qui,
1554 1400 1580 1460 si
1611 1396 1737 1478 666666

414 1493 572 1574 paululum
601 1492 772 1563 aberravit,
801 1493 903 1554 stetim
932 1510 989 1572 spe
1017 1492 1206 1574 impunitatis
1236 1491 1380 1553 exsultat
1422 1491 1542 1569 (Idem
1565 1510 1595 1552 v.
1623 1490 1738 1553 Exsul-

414 1597 533 1742 modi
553 1589 717 1759 affirma
732 1691 786 1749 661,
807 1689 925 1738 uectum
945 1683 977 1737 16
995 1683 1181 1754 pbilosophis,
1202 1683 1376 1755 quiditate,
1400 1679 1542 1741 sufficere
1557 1676 1597 1741 ad
1610 1667 1735 1759 gloriam

413 1775 496 1838 bene
516 1776 585 1836 lacti
605 1774 836 1836 conscientiam.
878 1773 1062 1845 (Servius
1082 1773 1123 1835 ad
1142 1776 1220 1835 Aen.
1243 1773 1263 1834 1.
1285 1776 1338 1835 IX.
1356 1793 1386 1833 v.
1406 1774 1473 1835 154.
1494 1792 1526 1853 p.
1545 1773 1642 1849 olon]
1745 1767 1761 1813 ⁸

488 1873 534 1933 67.
560 1871 637 1931 Turn
662 1867 833 1945 intelligas,
856 1884 948 1946 quern
972 1865 1049 1927 illud
1068 1885 1130 1927 non
1151 1868 1192 1927 sit
1211 1869 1441 1939 necessarium,
1463 1865 1547 1946 quod
1571 1864 1735 1928 redundat.

414 1964 576 2039 (Nonius
596 1981 625 2021 v.
646 1959 834 2024 Redundere
853 1977 884 2039 p.
907 1960 990 2031 384.)

488 2058 535 2118 68.
560 2055 609 2117 Au
626 2055 792 2117 iuvenilem
811 2053 970 2116 libidinem
989 2056 1077 2134 copia
1099 2054 1288 2135 voluptatum
1315 2053 1417 2133 gliscit
1433 2055 1494 2132 ita,
1515 2060 1550 2116 ut
1562 2054 1641 2134 ignis
1659 2054 1737 2117 oleo.

413 2149 534 2228 (idem
555 2170 585 2209 v.
607 2149 714 2212 Gliscit
735 2169 766 2232 p.
793 2150 857 2226 22.)

487 2245 595 2307 69.Ηί
624 2244 720 2305 nostri
748 2244 836 2305 amici
857 2242 1127 2319 verecundantur,
1152 2243 1232 2323 capti
1258 2240 1426 2322 splendore
1448 2243 1580 2304 virtutis.
1619 2240 1776 2317 (ldemro

414 2359 442 2399 6.
464 2336 701 2400 verecundatur
717 2355 748 2417 p.
771 2338 855 2412 480.)

486 2436 535 2494 70.
564 2436 713 2508 Fingamus
742 2435 864 2506 61166666
894 2434 993 2501 lolem,
1024 2433 1133 2504 6661666
1165 2432 1270 2488 Tullius
1297 2434 1381 2501 [uim
1406 2435 1473 2489 dieii
1493 2433 1621 2490 0661666.
1661 2430 1738 2505 Quis

413 2528 494 2587 enirn
515 2526 604 2589 lacile
624 2526 708 2588 dicat
727 2526 854 2588 Oratam
875 2532 1014 2605 egestate
1034 2524 1215 2596 laborasse,
1238 2524 1392 2585 hominem
1407 2524 1608 2603 ditissimum,
1629 2540 1738 2586 amoe-

412 2621 593 2697 nissimum,
612 2619 898 2696 deliciosissimum,
919 2620 968 2681 cui
988 2637 1092 2699 neque
1117 2618 1158 2681 ad
1178 2618 1368 2699 voluptatem
1393 2619 1559 2701 quicquam
1574 2618 1736 2680 defuitne-

413 2733 475 2796 que
492 2713 532 2777 ad
552 2715 680 2793 gratiam
702 2704 866 2795 neque'ad
882 2715 995 2775 bonam
1005 2715 1219 2794 integramque
1231 2712 1451 2774 valetudinem.
1473 2715 1549 2775 Nam
1560 2721 1591 2774 et
1600 2710 1737 2793 praediis
1746 2718 1775 2765 to

414 2809 697 2889 quaestuosissimis
727 2817 758 2870 et
787 2810 894 2871 amicis
913 2809 1145 2870 iucundissimis
1162 2816 1311 2887 quantum
1331 2807 1420 2870 libuit
1438 2808 1607 2870 abundavit
1626 2814 1660 2867 et
1677 2804 1737 2867 illis

413 2902 556 2965 omnibus
575 2904 736 2983 aptissime
758 2903 796 2964 ad
823 2902 953 2965 sulutem
986 2903 1126 2982 corporis
1156 2919 1233 2963 usus
1263 2909 1329 2979 est,
1361 2903 1506 2982 eiusque,
1536 2910 1570 2963 ut
1599 2901 1737 2962 breviter

414 3004 511 3059 totum
535 2995 709 3075 explicem,
730 3012 821 3057 omne
846 2997 1019 3057 institutum
1042 2994 1295 3080 uoluntatemquc
1326 3014 1447 3057 omnem
1473 2994 1630 3057 successio
1661 3012 1736 3075 pro-

412 3108 504 3170 spera
531 3099 699 3153 consecuta
733 3099 790 3152 cst.
831 3092 1095 3168 (Augustinus
1124 3089 1163 3151 de
1189 3090 1249 3152 6116
1272 3091 1362 3153 66616
1379 3109 1408 3152 6.
1428 3092 1476 3153 26.
1496 3091 1579 3171 066.
1599 3092 1684 3151 Tum.
1709 3092 1733 3148 Ι.

412 3202 444 3263 p.
466 3184 532 3246 567.
555 3203 585 3265 p.
609 3184 831 3259 3116116666.)
1744 3188 1772 3234 ¹⁰

484 3278 533 3340 71.
558 3278 678 3341 Primus
700 3276 842 3340 balneola
863 3278 1044 3358 suspendit,
1064 3276 1190 3338 inclusit
1208 3278 1322 3356 pisces.
1362 3279 1528 3355 (Nonius
1549 3296 1578 3339 6.
1602 3277 1734 3340 Balneae

411 3391 441 3453 p.
471 3374 551 3441 134.)

484 3468 531 3528 72.
563 3500 596 3511 ·-
627 3475 658 3529 et
692 3467 877 3529 amoenitate
899 3484 1018 3529 summu
1041 3467 1216 3547 perlructus
1245 3475 1302 3528 est.
1344 3467 1582 3539 (Priscianus
1602 3465 1622 3528 l.
1645 3469 1682 3527 X.
1704 3486 1731 3528 c.

483 3655 531 3717 73.
558 3688 595 3702 -
623 3653 853 3734 sollertiamque
882 3671 971 3730 eam,
1000 3675 1070 3728 6666
1099 3664 1208 3734 666661
1236 3655 1286 3716 661
1315 3657 1346 3716 16
1376 3654 1488 3735 tegulis
1519 3654 1771 3735 proseminarero

410 3756 540 3812 ostreas.
581 3749 753 3824 (Nonius
770 3767 798 3811 v.
825 3749 934 3810 Ostrea
959 3767 991 3828 p.
1014 3750 1099 3824 216.)

483 3842 530 3904 74.
560 3843 640 3905 Vixit
671 3844 712 3905 ad
743 3861 893 3905 summam
927 3852 1121 3906 senectutem
1154 3852 1281 3925 optuma
1313 3842 1501 3906 valetudine.
1546 3843 1671 3919 (Idem
1703 3864 1731 3907 6.

411 3937 571 3998 Summum
595 3956 626 4017 p.
652 3939 735 4012 401.)

482 4034 530 4092 76.
561 4029 741 4110 Voluptates
771 4040 874 4092 autem
906 4030 988 4092 nulla
1018 4030 1058 4092 ad
1090 4050 1141 4092 666
1161 4032 1357 4094 necessarias
1376 4032 1575 4094 invitamenta
1603 4033 1735 4094 61166661

410 4124 548 4186 senibus.
589 4123 706 4198 (Idem
727 4144 755 4185 6.
776 4126 911 4187 16611666
932 4145 962 4205 p.
992 4128 1075 4198 311.)
1286 4133 1289 4138 “
1742 4134 1771 4181 so

482 4220 531 4280 76.
560 4220 706 4294 Vide-quid
724 4225 754 4278 in
774 4222 916 4278 Hortensii
934 4224 1045 4294 (1161666
1064 4225 1140 4279 61661
1160 4222 1281 4291 Tullius,
1303 4225 1481 4293 6666666616
1500 4224 1585 4278 66666
1611 4230 1636 4277 16
1662 4223 1734 4278 (1616-

409 4318 650 4373 61666666666661
676 4334 760 4389 quum
779 4315 1139 4388 1161618161666661666166
1159 4320 1272 4388 6666116.
1315 4314 1393 4383 Quae
1412 4316 1473 4372 11661
1491 4334 1570 4380 uero,
1592 4323 1682 4372 iumen
1701 4318 1735 4373 dr

407 4419 487 4481 parte
515 4413 633 4467 bominis
662 4413 802 4481 inferiore,
834 4411 859 4466 1.
887 4429 909 4467 6.
929 4412 1265 4481 666666666166666161
1285 4410 1399 4465 1661111
1418 4412 1552 4465 66166666
1575 4417 1730 4481 potuerunt.

412 4502 477 4561 Vide
496 4507 563 4576 6616
581 4507 631 4561 1616
649 4522 701 4576 666
720 4507 867 4561 6166611616
885 4507 982 4560 mentia
1003 4505 1425 4575 6661666616616166666666616
1448 4506 1523 4560 61661
1572 4503 1619 4562 An
1647 4518 1731 4572 6666,

409 4599 512 4669 inqua,
546 4594 721 4675 voluptates
752 4595 890 4675 corporis
919 4594 1131 4674 expetendae,
1160 4610 1241 4673 quae
1270 4611 1345 4654 vere
1366 4601 1397 4653 61
1419 4594 1552 4672 graviter
1573 4613 1590 4656 e
1608 4593 1770 4657 1116166611

343 4749 346 4754 .
409 4689 510 4750 616166
538 4698 611 4750 6661
640 4688 807 4751 illecebrae
836 4707 908 4751 esse
939 4697 1033 4769 atque
1053 4706 1146 4750 escae
1168 4686 1338 4750 malorum?
1367 4691 1455 4763 Quae
1479 4688 1560 4749 enirn
1581 4690 1732 4751 conlectio

409 4791 476 4858 661,
502 4789 608 4858 inquit,
635 4782 834 4853 valetudinis,
859 4800 940 4864 quae
961 4780 1143 4844 deformatio
1163 4781 1275 4843 coloris
1295 4788 1327 4842 et
1347 4782 1503 4862 corporis,
1530 4782 1615 4863 quod
1642 4792 1732 4865 turpe

360 4865 366 4876 '
409 4874 573 4949 damnum,
605 4876 688 4956 quod
716 4875 871 4942 dedecus.
903 4874 987 4956 quod
1020 4895 1081 4936 666
1108 4883 1254 4937 66666166
1277 4883 1370 4953 61666
1394 4874 1532 4938 eliciatur
1552 4877 1732 4957 voluptate?

409 4970 497 5031 cuius
527 4978 627 5031 motus
657 4972 843 5049 utquisque
864 4979 913 5031 est
931 4973 1100 5046 maximus,
1121 4971 1162 5032 ita
1183 4978 1230 5029 est
1253 4970 1481 5032 inimicissimus
1508 4969 1728 5051 philosophiae.

409 5065 587 5142 Congruere
616 5066 791 5125 enimcum
820 5064 1003 5142 cogitatione
1033 5082 1144 5143 magna
1176 5064 1319 5143 voluptas
1349 5066 1488 5145 corporis
1523 5084 1583 5126 non
1616 5073 1769 5144 potestte

408 5158 484 5229 Quis
503 5160 601 5233 enim,
623 5176 691 5218 cum
713 5165 818 5219 utatur
834 5155 992 5237 voluptate
1016 5175 1071 5229 ea,
1093 5175 1153 5237 qua
1175 5156 1258 5220 nulle
1280 5159 1379 5238 possit
1399 5160 1496 5221 maior
1515 5178 1604 5235 esse,
1627 5167 1731 5220 atten-

408 5248 483 5309 dero
510 5250 658 5327 animum,
688 5252 766 5311 inire
795 5250 946 5322 66116666,
973 5251 1110 5329 cogitare
1146 5250 1269 5310 omnino
1300 5252 1465 5330 quiequam
1496 5253 1617 5331 potest?
1656 5253 1731 5326 Quis

408 5351 510 5402 autem
531 5351 632 5404 tantus
653 5353 702 5404 est
720 5362 851 5422 gurges,
873 5344 924 5424 qui
942 5344 1009 5404 dies
1031 5353 1062 5404 61
1078 5352 1188 5411 noctes
1210 5345 1276 5405 siue
1299 5344 1359 5407 ulla
1378 5346 1493 5406 minimi
1513 5346 1661 5425 temporis
1681 5346 1731 5406 in-

408 5437 601 5498 termissione
619 5437 692 5498 velit
710 5438 750 5498 ite
770 5437 884 5498 moveri
906 5456 981 5498 suos
1005 5456 1137 5511 sensus,
1159 5446 1192 5498 ut
1210 5448 1373 5500 moventur
1391 5441 1421 5499 16
1442 5442 1570 5499 summis
1587 5437 1731 5517 volupta-

407 5528 513 5591 tibus?
552 5531 627 5603 Quis
648 5538 750 5592 autem
770 5530 852 5592 boue
873 5539 977 5591 mente
998 5530 1157 5611 praeditus
1178 5550 1239 5594 non
1260 5531 1365 5594 mallet
1385 5531 1484 5595 nullas
1503 5533 1626 5593 omuino
1640 5532 1768 5601 uobisie

406 5775 497 5899 C'&
509 5774 572 5901 Α116]
599 5774 702 5826 3666111.
729 5776 774 5825 illu
800 5774 865 5827 Edd.
893 5776 978 5827 116611.
1006 5800 1035 5814 -
1061 5775 1103 5827 li.
1128 5775 1196 5840 (1616]
1214 5774 1327 5827 11166Ιί66
1345 5776 1426 5839 (166.
1451 5776 1554 5842 666666)
1576 5776 1728 5829 6111666111.

425 5864 482 5900 666
531 5863 574 5914 ug.
