4342 7459
689 1265 757 1329 nm.
772 1263 828 1328 111.
859 1263 935 1328 cn.
949 1262 1214 1327 xxu-xruu
1242 1259 1288 1347 ss
1303 1258 1450 1329 ss-es.
1666 1258 1724 1328 ret

411 1425 545 1510 imperio
574 1431 733 1489 certamen
761 1432 846 1488 suet
873 1444 944 1487 cum
970 1440 1045 1507 rege
1073 1442 1230 1506 generoso
1252 1424 1449 1507 repetenti,
1475 1423 1609 1507 perfuga
1629 1424 1669 1489 ab
1691 1442 1731 1489 eo

408 1520 549 1585 venitin
571 1526 673 1582 castra
686 1517 822 1581 Fabricii
844 1518 940 1600 cique
960 1528 1011 1581 est
1029 1517 1200 1600 pollicitus,
1223 1519 1250 1580 si
1271 1519 1447 1601 praemium
1469 1516 1530 1581 sibi
1547 1519 1733 1601 proposuis-

408 1622 474 1689 set,
496 1632 545 1688 se,
567 1620 603 1674 ut
625 1611 705 1674 clam
727 1612 877 1684 venisset,
900 1612 946 1674 sic
969 1607 1073 1695 [clam]
1097 1612 1130 1673 in
1152 1611 1262 1695 Pyrrhi
1285 1619 1387 1676 eastra
1408 1611 1583 1676 rediturum
1607 1621 1639 1676 at
1658 1632 1731 1677 sum

409 1727 534 1772 veneno
562 1713 755 1769 necaturum.
804 1705 897 1768 Hunc
927 1705 1088 1769 Fabricius
1117 1705 1333 1769 reducendum
1362 1707 1484 1770 curavit
1510 1703 1551 1769 ad
1578 1707 1732 1791 Pyrrhum

409 1802 509 1885 idque
538 1801 607 1863 eius
635 1799 753 1862 laetum
781 1797 944 1862 laudatum
965 1819 984 1862 a
1006 1808 1117 1862 senatu
1140 1806 1196 1862 est.
1240 1801 1352 1883 Atqui,
1382 1800 1408 1862 si
1430 1800 1568 1883 speeiem
1587 1800 1756 1864 utilitatis·

410 1896 657 1979 opinionemque
678 1892 870 1974 quaerimus,
893 1910 1041 1974 magnum
1061 1893 1142 1955 illud
1164 1892 1282 1956 bellum
1303 1892 1435 1976 perfuga
1457 1913 1540 1956 unm
1561 1900 1733 1975 etgravoan

410 1988 625 2054 adversarium
647 1985 771 2067 imperii
795 1986 989 2060 sustulisset,
1011 1987 1067 2050 scd
1090 2006 1238 2070 magnum
1260 1986 1400 2051 dedecus
1421 1996 1453 2050 et
1474 1986 1643 2070 daqitium,
1665 1986 1734 2069 qui·

409 2103 481 2147 eum
504 2081 608 2145 laudis
629 2087 788 2142 certamen
815 2080 943 2153 luisset,
972 2100 1044 2143 eum
1065 2100 1131 2143 non
1153 2082 1286 2155 virtute,
1315 2080 1372 2144 sed
1395 2081 1515 2144 scelere
1536 2087 1732 2164 superatura.

408 2174 459 2239 87.
487 2176 595 2239 Utrum
617 2174 714 2255 igitur
734 2172 847 2235 utilius
868 2172 919 2235 vel
941 2170 1102 2247 Fabricio,
1129 2173 1185 2257 qui
1207 2175 1280 2238 tslia
1301 2175 1336 2236 in
1358 2174 1418 2237 bae
1439 2177 1518 2238 urbe
1540 2174 1644 2258 qualis
1663 2175 1734 2238 Ari-

408 2269 508 2335 stides
521 2268 654 2332 Athenis
675 2266 742 2340 brit,
765 2266 814 2328 vel
837 2267 962 2329 senatui
984 2276 1106 2340 nosue,
1128 2267 1185 2352 qui
1207 2287 1379 2352 numquam
1403 2269 1568 2332 utilitatem
1590 2288 1609 2331 a
1630 2267 1772 2349 digni-lt

408 2372 472 2429 tate
493 2362 650 2435 seiunxit,
680 2360 776 2422 arnds
803 2379 873 2423 eum
901 2360 994 2423 berte
1023 2368 1146 2425 certare
1173 2382 1214 2425 an
1241 2363 1397 2426 venenisl
1440 2363 1474 2425 Si
1496 2362 1617 2446 gloriae
1638 2379 1734 2425 eausa

408 2459 575 2540 imparium
598 2454 812 2537 expetundurn
835 2461 900 2528 est,
923 2455 1028 2518 scelus
1049 2454 1148 2529 absit,
1170 2454 1205 2518 in
1227 2475 1292 2539 quo
1313 2474 1379 2519 non
1400 2464 1505 2539 petest
1525 2475 1596 2519 esse
1616 2456 1734 2540 gloriar

408 2553 457 2616 sin
479 2552 568 2633 ipsae
589 2567 668 2630 opes
691 2556 884 2629 expetuntur
928 2567 1036 2629 uoquo
1058 2549 1172 2622 modo,
1199 2569 1263 2613 nnn
1287 2558 1433 2631 poterunt
1455 2550 1549 2613 utiles
1570 2569 1641 2613 esso
1663 2568 1735 2613 euna

408 2644 548 2709 infamia.
591 2643 662 2706 Non
684 2642 780 2722 igitur
802 2640 889 2703 utilis
904 2568 967 2705 88
981 2644 1017 2704 L.
1030 2642 1169 2726 Philippi
1192 2642 1231 2717 Q.
1253 2643 1275 2707 l.
1298 2646 1469 2708 sententia:
1493 2662 1575 2727 quas
1590 2643 1735 2707 cisimus

409 2740 444 2804 1..
460 2738 549 2802 Sulla
570 2735 704 2818 pecunia
725 2742 853 2817 accepta
875 2754 916 2798 ex
939 2744 1067 2799 senatus
1090 2736 1235 2800 consulto
1258 2736 1469 2810 liberavisset,
1490 2746 1527 2801 ut
1548 2755 1606 2800 eas
1625 2754 1734 2799 rursus
1743 2745 1772 2792 ⁴⁸

409 2831 580 2914 vectigales
608 2836 735 2901 esseut,
768 2847 873 2909 neque
901 2830 942 2891 iis
971 2830 1156 2911 pecuniam,
1189 2849 1284 2912 quam
1312 2849 1371 2914 pro
1399 2831 1543 2894 libertate
1570 2831 1733 2905 dedemnt,

409 2924 625 2989 redderemus.
669 2924 707 2986 lii
730 2930 858 2985 senatus
879 2930 928 2985 eat
948 2942 1108 2986 assensus.
1151 2926 1257 3007 Turpe
1279 2925 1430 3007 imperiol
1454 2927 1627 3007 piratarum
1648 2926 1735 2989 enin

409 3019 524 3085 metior
544 3014 622 3080 fides
646 3036 741 3099 quam
763 3024 902 3079 senatus.
942 3018 1000 3080 «At
1021 3024 1114 3079 aucta
1136 3016 1316 3100 vectigalia:
1337 3019 1416 3082 utile
1438 3019 1562 3101 igilur.»
1608 3017 1735 3095 Quous-

410 3132 473 3196 que
494 3110 656 3175 audebunt
678 3108 784 3173 dicere
805 3111 977 3193 quicquam
998 3110 1094 3183 utile,
1116 3110 1205 3194 qucd
1226 3129 1292 3173 non
1313 3111 1505 3175 bonestum‘l
1546 3108 1598 3173 88.
1627 3112 1737 3175 Potest

409 3215 515 3270 autem
537 3205 594 3269 ulli
615 3204 766 3287 imperio,
795 3202 882 3284 qucd
912 3204 1013 3285 gloria
1041 3204 1137 3266 debet
1157 3205 1272 3267 tultum
1294 3224 1364 3268 osse
1386 3215 1419 3269 et
1439 3206 1661 3270 mussolentia
1682 3212 1775 3269 sc-ao

409 3302 538 3371 ciorum,
560 3298 638 3361 utile
660 3318 730 3361 οοοο
753 3298 861 3361 odium
884 3306 917 3362 et
938 3296 1089 3361 infamia?
1122 3299 1190 3380 Ego
1214 3299 1307 3361 etiam
1330 3317 1403 3362 cum
1418 3300 1538 3363 Catone
1553 3319 1624 3364 men
1639 3318 1734 3382 saepe

409 3394 554 3459 dissensi.
597 3393 697 3456 Nimis
720 3392 797 3455 mibi
817 3392 991 3476 praefracte
1012 3392 1179 3456 videbatur
1198 3393 1355 3455 aerarium
1377 3393 1607 3476 vectigaliaque
1627 3391 1736 3456 delen·

409 3488 499 3562 dere,
528 3487 637 3550 omnia
658 3483 834 3569 publicanis
856 3504 988 3568 negare,
1017 3486 1117 3549 multa
1138 3486 1252 3557 sociis,
1280 3506 1350 3548 cum
1372 3487 1405 3550 in
1428 3486 1486 3550 bos
1508 3486 1642 3551 benefici
1663 3498 1743 3551 osse

410 3582 608 3654 deberemus,
631 3601 701 3643 eum
724 3579 788 3641 illis
811 3580 857 3642 sie
879 3599 982 3662 agere,
1005 3588 1041 3643 ut
1062 3599 1134 3642 cunr
1155 3577 1278 3642 colonis
1293 3578 1410 3642 nostris
1425 3581 1614 3654 soleremus,
1629 3599 1734 3665 eoque

408 3678 521 3758 magis,
543 3674 630 3759 quod
653 3674 708 3737 illa
730 3674 876 3738 ordinum
897 3674 1079 3737 coniunctio
1102 3673 1142 3735 ad
1164 3672 1298 3735 salutem
1320 3673 1532 3756 reipublicae
1547 3675 1772 3757 pertinebat!

409 3771 492 3835 blale
513 3771 607 3833 etiam
631 3769 741 3840 Curio,
770 3789 842 3832 eum
869 3787 996 3831 cauum
1018 3765 1316 3849 Transpadanorum
1345 3785 1479 3850 aequam
1508 3788 1579 3833 ease
1600 3768 1736 3845 dicebat,

408 3883 535 3948 semper
561 3871 668 3927 autem
696 3862 833 3927 addebat
862 3863 994 3925 «Vincat
1017 3861 1178 3924 utilitasin
1226 3859 1333 3924 Potius
1355 3861 1484 3926 doceret
1504 3882 1570 3927 non
1592 3882 1663 3927 esse
1684 3882 1737 3926 ae·

410 3979 515 4042 quam,
541 3960 701 4041 quianon
723 3965 807 4020 esset
828 3956 917 4020 utilis
938 3957 985 4020 rei
1008 3956 1165 4039 publicae,
1187 3973 1283 4037 quam
1305 3972 1377 4018 cum
1398 3975 1463 4019 non
1483 3957 1595 4021 utilem
1617 3958 1738 4021 diceret

409 4072 494 4128 ease,
516 4070 652 4135 aequam
673 4051 834 4113 fateretur.

496 4146 612 4209 xxul.
645 4142 696 4205 89.
731 4144 846 4206 Plenus
875 4152 924 4206 est
953 4152 1062 4206 sextus
1093 4141 1174 4204 liber
1206 4140 1247 4203 de
1277 4138 1393 4205 ciliciis
1420 4142 1594 4208 Hecatonis
1626 4145 1774 4209 talium&

411 4243 651 4327 quaestionum,
674 4238 757 4301 sitne
780 4237 855 4299 boni
878 4238 938 4300 viri
961 4239 994 4299 in
1016 4237 1156 4299 mxima
1178 4236 1310 4299 caritate
1331 4255 1476 4299 annonae
1497 4236 1649 4302 lamiliam
1671 4258 1736 4302 non

411 4336 506 4398 alere.
551 4334 587 4395 ln
609 4341 775 4413 utramque
797 4339 918 4413 partem
942 4330 1099 4413 disputat,
1123 4331 1177 4392 sed
1202 4339 1308 4392 tamen
1330 4329 1370 4391 ad
1393 4338 1568 4394 extremum
1591 4334 1736 4407 utilitate,

408 4437 443 4492 ut
466 4436 572 4511 putat,
600 4424 741 4489 efficium
765 4425 872 4507 dirigit
893 4425 992 4507 magis
1015 4444 1110 4508 quam
1133 4423 1337 4486 humanitate.
1382 4423 1530 4499 Quaerit,
1553 4425 1635 4489 siin
1658 4426 1736 4489 mari

408 4524 528 4586 iactura
555 4520 702 4585 facienda
731 4520 789 4592 sit,
820 4519 938 4602 equine
967 4518 1097 4600 pretiosi
1127 4519 1233 4601 potius
1260 4520 1414 4582 iacturam
1442 4518 1537 4584 faeiat
1557 4540 1599 4585 an
1620 4519 1736 4585 servoli

408 4616 491 4680 vilis.
541 4614 602 4678 Hie
628 4614 691 4677 alic
719 4633 769 4676 res
798 4612 977 4687 familiaris,
1006 4612 1069 4675 alie
1100 4612 1186 4675 ducit
1214 4613 1406 4676 humanitas.
1459 4613 1512 4676 «Si
1534 4614 1672 4679 tabulam
1695 4614 1773 4679 da³⁵

476 4837 612 4901 lpotsati
629 4837 741 4889 Nouius:
757 4841 857 4899 potente
874 4837 929 4887 Co.
959 4834 1026 4886 Vide
1042 4834 1188 4907 reptili,
1203 4837 1243 4886 ld.
1271 4860 1299 4872 -
1327 4835 1351 4885 3.
1370 4836 1565 4900 ctompoatsic
1585 4835 1738 4889 delcobet

409 4917 538 4966 blnemos.
558 4914 578 4963 ll
597 4926 622 4976 p.
637 4913 694 4966 lit).
723 4939 750 4951 -
777 4915 802 4962 b.
820 4913 917 4975 [scum
932 4912 984 4960 cios
1004 4924 1019 4961 ο
1047 4937 1074 4947 -
1103 4911 1128 4960 6.
1145 4924 1267 4974 mopnsm
1282 4911 1353 4960 illum
1369 4910 1459 4962 belluas
1473 4913 1581 4975 parsuqa
1596 4912 1699 4963 mear
1714 4918 1739 4963 st

408 5004 488 5055 cruos
503 4990 678 5041 meracium
694 4989 794 5050 οορονίο·
809 4987 945 5038 wordum
961 4987 1060 5036 Neuius
1077 4999 1103 5049 p.
1113 4986 1172 5038 stt.
1193 5012 1219 5023 —
1239 4987 1263 5035 i.
1281 4998 1403 5049 mopaum
1418 4991 1442 5036 et
1456 4988 1586 5050 aspidum
1602 4989 1739 5040 etdedom

410 5063 771 5127 o-sorromJVsmp
798 5089 825 5099 -
852 5063 989 5113 solome
1017 5087 1044 5099 -
1072 5061 1371 5123 termemeno:
1401 5063 1619 5123 quoquumb
1643 5088 1671 5100 -·
1695 5062 1736 5116 ll.

409 5146 437 5197 ι.
455 5158 479 5193 οι
494 5144 541 5193 cllo
557 5154 582 5199 a,
601 5141 629 5188 l..
642 5139 738 5199 aulloo
759 5164 785 5175 -
805 5139 845 5187 45.
863 5150 897 5188 an
913 5148 1048 5199 superacr.
1066 5137 1093 5185 in
1111 5147 1137 5194 a,
1156 5148 1238 5186 emo
1259 5162 1286 5172 -
1304 5140 1405 5186 matur
1420 5137 1539 5199 condio]
1557 5139 1584 5187 S.
1597 5139 1625 5190 C.
1644 5138 1738 5191 lillab

411 5244 437 5255 -
457 5228 602 5267 monne
629 5239 656 5248 -
685 5214 724 5262 lli.
744 5211 1122 5271 marmonstier-
1150 5212 1450 5273 doderoatldelceteatll
1471 5237 1497 5252 -·
1517 5213 1558 5262 t'l.
1577 5212 1734 5276 Fsssto-

409 5291 449 5343 aa.
469 5304 546 5354 qm
562 5294 662 5340 mulsa
679 5289 712 5339 C:
731 5299 814 5338 eruo
834 5311 862 5323 -
880 5286 921 5347 At]
934 5287 969 5335 od
984 5287 1002 5336 b
1021 5311 1046 5322 -
1066 5286 1106 5336 49,
1125 5298 1282 5348 quemquam
1298 5286 1341 5336 ab
1357 5285 1394 5349 (in
1412 5298 1429 5336 ο
1446 5299 1580 5351 superser.
1594 5288 1737 5352 quicquum

411 5392 438 5404 -
457 5367 498 5418 ib.
516 5365 607 5427 saltum
623 5362 692 5414 debet
707 5375 722 5412 ο
742 5386 768 5399 -
788 5362 828 5411 bl.
848 5374 894 5424 spo
909 5362 1215 5423 stow-praeparasse
1230 5361 1512 5426 videbator-aspere
1527 5364 1626 5413 lloniua
1642 5376 1669 5427 p.
1679 5364 1736 5414 ltili.

409 5451 629 5503 -scspscmo
656 5462 683 5472 -
711 5438 752 5490 ti.
771 5436 1000 5487 uidebanturb-
1019 5437 1235 5499 macomariam
1252 5434 1338 5486 B¹llb
1356 5460 1383 5472 -
1406 5436 1448 5488 il.
1466 5438 1610 5487 οοοοοιοοο
1629 5463 1656 5475 -
1674 5438 1739 5488 sols-

408 5509 904 5576 romc(litterisreinedeletis):
922 5512 1105 5561 womero*-
1125 5511 1166 5560 bb.
1185 5511 1297 5572 pundo:
1316 5511 1487 5572 qaeltllab
1505 5534 1532 5550 -
1557 5512 1599 5562 86.
1618 5514 1689 5562 curto
1707 5525 1737 5562 .a.

408 5589 899 5645 onomaresrosmcooaab
923 5611 951 5623 -
976 5586 1124 5637 ᾱοοοὸοοοο
1151 5610 1177 5621 -
1205 5586 1692 5638 87.οεὶοῑοοοΒΗο8;οοοΙοοοοκ.Ρ.
1712 5600 1737 5649 ο,

409 5664 719 5727 stilitosreipeblicoeo
749 5688 777 5699 -
806 5662 1037 5713 οοοοοοιΒΗοοι
1064 5662 1215 5723 οοοοὸοοοο
1241 5661 1366 5711 dicmto
1395 5685 1423 5696 -
1453 5662 1494 5713 28.
1513 5662 1738 5712 ammaum

409 5743 500 5792 dicero
515 5754 565 5791 raso
581 5751 690 5800 equom
706 5749 720 5787 ο
738 5739 775 5797 lot
787 5737 886 5799 Belem:
904 5751 961 5787 casn
976 5738 1062 5787 auium
1078 5737 1147 5798 (utic
1157 5737 1182 5797 b)
1200 5748 1251 5785 sare
1261 5737 1413 5786 diuorum
1426 5748 1476 5785 οοοο
1487 5749 1595 5797 coquom
1612 5737 1736 5799 lillsbps

409 5831 467 5867 cuns
483 5816 568 5867 olda
583 5828 634 5865 aon
650 5827 700 5864 essa
716 5814 817 5872 dicaret,
835 5826 886 5864 essa
901 5826 1010 5875 aequmst
1026 5811 1197 5864 Faceiolatus.
1210 5837 1243 5850 -
1259 5811 1300 5862 ³⁰.
1312 5811 1360 5861 baa
1370 5813 1467 5861 edonis
1482 5823 1500 5862 s
1518 5835 1546 5849 -
1564 5811 1606 5861 ³⁴.
1617 5813 1670 5862 aalrl
1680 5812 1739 5862 boal

411 5904 472 5941 e-
492 5882 1419 5949 sawsscnuaenflnpscraerneerasu-t-ssuuon
1439 5887 1524 5940 -ὃο,
1544 5888 1735 5955 stauwcp:

412 5978 544 6022 omo-
562 5964 604 6020 at.
621 5964 714 6018 mooli
730 5964 793 6015 lib:
810 5962 1015 6017 moseo
1033 5988 1061 6002 -
1080 5961 1123 6014 οο.
1139 5962 1211 6015 most
1227 5975 1252 6015 ο.
