4342 7459
963 1213 1145 1283 malua.
1654 1212 1738 1280 40417

408 1373 520 1437 iratres
548 1374 631 1435 iuter
652 1390 688 1434 se
716 1379 910 1453 agnatosque
927 1372 1072 1453 usurpari
1092 1379 1188 1452 atque
1208 1368 1358 1452 appellari
1378 1368 1537 1441 videmus.
1566 1379 1736 1449 eteorum,

408 1476 578 1531 ututamur
589 1476 697 1530 vetare
712 1466 826 1544 verbo,
848 1467 1035 1548 prosapiam.
1076 1464 1207 1540 Quando
1226 1466 1321 1545 igitur
1340 1484 1464 1542 omnes,
1485 1466 1590 1546 etqui
1606 1484 1737 1528 moven-

408 1570 460 1624 tur
478 1560 646 1644 palamque
665 1579 700 1622 se
720 1560 890 1623 ostendunt
909 1567 941 1622 et
960 1562 1013 1640 qni
1034 1569 1165 1622 eatenus
1185 1559 1276 1622 nobis
1296 1558 1509 1637 declarantur,
1529 1577 1592 1639 qua
1605 1560 1665 1640 ipsi
1679 1578 1737 1620 vo·

406 1654 489 1725 lunt,
521 1657 617 1717 creati
646 1663 737 1732 sunt,
767 1662 832 1715 tum
856 1652 897 1716 ad
922 1671 976 1714 eos
995 1655 1023 1714 is
1042 1653 1142 1730 deus,
1164 1654 1216 1733 qui
1238 1653 1338 1716 omnia
1358 1654 1478 1733 genuit,
1511 1654 1605 1717 latur:
1639 1653 1737 1715 411444

406 1768 480 1828 vos,
505 1750 560 1829 qui
585 1747 715 1811 deorum
744 1757 815 1809 satu
834 1749 891 1809 orti
912 1750 1006 1824 estis,
1038 1748 1207 1809 attenditer
1241 1766 1373 1828 quorum
1393 1766 1524 1829 operum
1544 1766 1602 1828 ego
1623 1763 1761 1829 pareusa

407 1843 597 1924 adeotorque
623 1859 709 1919 sum,
738 1840 816 1903 baeu
836 1849 911 1901 sunt
927 1838 1112 1903 indissoluta
1131 1860 1181 1902 me
1201 1842 1316 1902 invito:
1338 1858 1528 1921 quamquam
1547 1859 1639 1903 omne
1660 1858 1738 1901 444-

407 1936 534 2018 ligatum
559 1935 637 1997 solvi
663 1941 783 2016 potest,
811 1931 868 1995 sed
897 1933 1158 2015 haudquaquam
1187 1934 1259 1996 boui
1285 1942 1336 1995 est
1358 1934 1477 1995 ratione
1496 1935 1632 1997 vinctum
1657 1932 1738 1997 velle

408 2030 592 2094 4644414444.
632 2027 862 2108 sedquoniam
882 2029 959 2090 estis
979 2028 1059 2104 orti,
1080 2027 1259 2090 inmortales
1280 2046 1336 2090 vos
1356 2028 1483 2108 quidem
1504 2047 1576 2091 esse
1596 2026 1739 2091 atindis·

408 2123 558 2187 solubiles
585 2141 648 2186 non
675 2124 824 2203 potestis,
857 2122 1037 2202 neutiquam
1065 2131 1170 2184 tamen
1198 2121 1429 2200 dissolvemini,
1459 2141 1562 2204 neque
1591 2143 1648 2186 vos
1676 2122 1738 2185 ulla

408 2218 516 2281 mortis
545 2217 606 2279 lata
634 2218 788 2298 periment
820 2234 879 2277 neo
908 2216 992 2278 lraus
1020 2215 1174 2278 valentior
1202 2234 1296 2296 quam
1325 2215 1487 2278 eonsilium
1514 2236 1633 2295 meum,
1653 2214 1738 2297 quod
1747 2235 1776 2281 to

408 2313 509 2375 maius
538 2320 588 2374 est
614 2311 772 2374 duculum
802 2310 843 2374 ad
869 2311 1110 2393 perpetuitatem
1139 2319 1274 2374 vestram
1305 2329 1400 2392 quam
1424 2310 1496 2389 illa,
1526 2311 1642 2392 quibus
1661 2310 1738 2372 estis

410 2415 493 2485 tum,
520 2425 590 2469 eum
616 2406 841 2486 gignebamini,
869 2405 1022 2486 conligati.
1063 2404 1145 2479 Quid
1168 2408 1300 2469 sentiam
1318 2408 1427 2487 igitur,
1452 2406 1640 2486 cognoscite.
1667 2405 1738 2466 Tria

410 2519 526 2581 genera
546 2501 637 2563 nobis
657 2500 778 2581 reliqua
796 2509 870 2563 sunt
888 2518 990 2580 eaque
1010 2499 1165 2579 mortalia,
1197 2501 1313 2581 quibus
1331 2501 1561 2582 praetermissis
1581 2498 1659 2563 oaeli
1678 2498 1738 2561 ab·

411 2594 523 2657 solutio
551 2596 689 2675 perlecta
719 2613 781 2656 uon
804 2597 872 2656 erit.
914 2596 1025 2657 Omnia
1055 2597 1139 2656 enim
1158 2613 1275 2675 genera
1293 2595 1473 2658 animalium
1492 2594 1657 2674 complexu
1676 2611 1739 2654 nou

410 2689 547 2751 tenebit:
568 2696 674 2751 teneat
691 2697 794 2751 autem
814 2688 988 2770 oportebit,
1008 2695 1044 2750 ut
1062 2707 1102 2750 ex
1123 2687 1234 2750 eodem
1254 2707 1294 2751 ue
1314 2687 1391 2769 quid
1411 2688 1503 2751 absit.
1544 2690 1630 2761 Quae
1651 2706 1669 2749 a
1688 2704 1738 2748 me
1748 2706 1777 2751 44

410 2782 479 2864 ipso
506 2783 616 2845 edecta
644 2789 669 2841 ri
698 2784 777 2860 sint,
809 2781 939 2844 deorum
964 2784 1057 2845 vitam
1085 2784 1208 2865 possint
1233 2783 1427 2864 adaequare:
1458 2791 1492 2845 ut
1510 2783 1602 2862 igitur
1620 2778 1740 2843 mortali

410 2875 589 2939 mutiriane
617 2885 824 2956 generentur,
851 2895 909 2937 vos
930 2879 1099 2959 suseipite,
1125 2887 1159 2939 ut
1187 2876 1239 2939 illa
1263 2878 1413 2957 gignatis,
1433 2876 1657 2955 imiteminique
1677 2876 1739 2936 vim

410 2987 529 3047 meam,
550 2987 613 3050 qua
631 2988 682 3030 me
701 2970 733 3030 in
754 2978 858 3031 vestro
878 2978 948 3032 ortu
968 2988 1059 3032 usum
1078 2989 1152 3031 esse
1171 2971 1364 3032 meministis.
1404 2970 1438 3031 ln
1458 2968 1574 3049 quibus
1593 2970 1647 3050 qui
1661 2967 1740 3029 tales

410 3062 628 3141 creabuntur„
648 3073 683 3126 ut
713 3062 844 3126 deorum
873 3064 1082 3127 inmortalium
1110 3066 1200 3145 quasi
1220 3064 1353 3145 gentiles
1373 3082 1445 3126 esse
1465 3063 1620 3141 debeant,
1644 3061 1740 3125 divini

410 3159 537 3238 generis
555 3158 754 3239 appellentur
772 3167 962 3239 teneantque
982 3162 1120 3221 omnium
1139 3160 1338 3223 animantium
1358 3159 1564 3242 principatum
1587 3156 1780 3236 vobisque„

411 3251 479 3314 iure
508 3259 541 3313 et
558 3250 628 3331 lege
647 3251 789 3313 volentes
808 3260 956 3332 pareant:
983 3270 1116 3332 quorum
1136 3252 1226 3315 vobis
1245 3254 1365 3315 initium
1385 3262 1536 3333 satusque
1555 3250 1697 3313 tradetur
1721 3267 1741 3310 a

411 3364 479 3425 me,
510 3365 568 3409 vos
596 3355 699 3409 autem
729 3344 769 3408 ad
789 3344 841 3424 id,
869 3346 953 3427 quod
973 3348 1031 3407 erit
1049 3346 1228 3424 inmortale,
1249 3356 1369 3428 partem
1389 3346 1549 3410 attexitote
1568 3341 1739 3406 mortalem.

410 3440 457 3503 lta
473 3440 614 3501 orientur
634 3442 823 3519 animantes,
845 3459 924 3522 quos
944 3450 977 3503 et
994 3443 1082 3503 rivos
1100 3441 1190 3505 alatis
1209 3451 1243 3503 et
1260 3441 1542 3523 oonsumptossinu
1554 3437 1742 3521 4441414414.»

488 3535 556 3595 xit.
586 3535 669 3597 liaeo
694 3532 747 3596 ille
775 3533 862 3596 dixit.
903 3533 1023 3596 Deinde
1051 3533 1091 3597 ad
1111 3537 1368 3617 temperationem
1387 3536 1582 3616 superiorem
1601 3532 1740 3610 revertit,

412 3628 446 3689 iu
464 3644 527 3707 qua
547 3644 671 3688 omnem
690 3629 828 3690 animum
848 3629 1014 3691 universae
1033 3639 1165 3691 naturae
1185 3626 1779 3709 temperanspermisaebatsuperio-as

411 3720 520 3801 risque
544 3721 759 3802 permixtionis
778 3722 929 3803 reliquias
948 3721 1081 3784 madens
1102 3722 1274 3804 aequabat,
1295 3723 1406 3785 eodem
1426 3720 1518 3784 modu
1537 3722 1652 3800 ferme,
1681 3720 1740 3782 nisi

411 3814 498 3896 qaod
515 3833 579 3878 nou
598 3816 641 3878 ita
661 3816 858 3898 incorrupta,
878 3826 914 3879 ut
936 3836 992 3895 ea,
1013 3835 1095 3897 quae
1115 3836 1242 3900 semper
1259 3817 1360 3897 idem,
1381 3815 1440 3880 sed
1459 3817 1499 3880 ab
1514 3818 1554 3879 iis
1566 3813 1741 3879 seeundum

410 3908 557 3972 annuebat
575 3917 670 3991 atque
690 3910 784 3973 etlam
804 3911 938 3973 tertium.
979 3914 1055 3974 Tuto
1074 3914 1168 3992 igitur
1186 3914 1269 3975 omui
1283 3914 1449 3976 constituto
1462 3910 1620 3974 sideribus
1633 3925 1741 3991 parom

476 4203 502 4255 4.
519 4205 641 4268 mart
656 4209 734 4268 atque
748 4204 873 4269 qpettari
888 4206 1033 4258 lianuttus:
1052 4219 1179 4271 usupare
1195 4212 1271 4271 atque
1287 4205 1416 4271 4444414444
1432 4205 1506 4257 666
1522 4204 1645 4271 (apaten
1659 4203 1694 4268 Α)
1711 4225 1741 4240 -·

409 4278 436 4330 8.
460 4284 544 4330 uetere
567 4293 630 4331 noe:
656 4282 736 4332 ueteri
759 4281 859 4332 6660
886 4307 913 4316 -
940 4282 965 4332 8.
991 4295 1017 4333 ae
1040 4284 1172 4334 4444444444
1192 4282 1278 4335 6664
1298 4281 1499 4333 44444444Μο
1527 4307 1554 4318 -
1581 4278 1744 4331 desieram

411 4346 514 4405 WB:
537 4354 671 4406 4444441444
687 4352 789 4417 418411,
807 4356 922 4406 44444444
938 4358 958 4408 6
977 4383 1005 4395 -
1024 4356 1229 4420 4444164664
1248 4369 1298 4419 quo
1322 4356 1416 4407 A¹B²E
1440 4382 1468 4393 -
1495 4354 1520 4407 1.
1547 4360 1600 4406 44444
1624 4354 1659 4405 C:
1686 4366 1744 4404 4444

410 4426 442 4491 6,
467 4433 551 4479 tmen
575 4430 610 4491 6,
635 4428 688 4482 del.
716 4431 868 4482 Lambinus.
896 4457 924 4470 -
952 4432 982 4497 ia]
1007 4431 1045 4482 444
1071 4434 1140 4483 Α-
1165 4431 1371 4495 (4444444611-
1389 4431 1451 4483 4444
1467 4443 1537 4482 eurr.
1556 4441 1589 4481 ex
1605 4430 1689 4480 4444
1714 4454 1741 4466 -

411 4504 437 4555 t.
453 4516 508 4565 444,
526 4504 569 4568 qut
579 4504 682 4556 deorum
693 4530 708 4541 ·
718 4530 733 4542 ·
744 4518 801 4556 4444
810 4506 992 4571 gignebamini,
1009 4507 1120 4572 44044444
1131 4504 1208 4557 affert
1218 4507 1423 4571 Augustinusde
1432 4507 1503 4558 civit.
1517 4496 1638 4566 (1416411,
1652 4503 1692 4555 40.
1712 4526 1741 4541 -

411 4576 578 4630 4444444444
605 4605 631 4616 -
659 4578 684 4630 d.
702 4581 833 4630 44444444
849 4579 921 4632 666
939 4582 966 4631 et
982 4582 1155 4646 Augustinus:
1173 4594 1238 4643 4444,
1256 4594 1321 4645 quoae
1341 4594 1389 4645 per
1411 4594 1451 4632 444
1472 4581 1552 4645 (4444,
1577 4579 1640 4630 tuoe
1667 4578 1688 4627 0
1712 4601 1742 4616 -

410 4654 560 4705 iedtmtato
577 4654 664 4705 6664
682 4654 864 4707 mutuatio
881 4657 951 4717 [eum
968 4658 1122 4721 augustino)
1139 4657 1319 4722 Oltadeaeiato
1334 4655 1372 4720 84)
1393 4685 1420 4696 -
1438 4658 1463 4709 i.
1481 4658 1543 4709 4444
1559 4658 1580 4708 0
1600 4680 1626 4691 -·
1644 4656 1670 4708 8.
1688 4655 1746 4706 attia

410 4729 461 4780 ortt
485 4729 533 4780 66
558 4731 586 4780 44
611 4730 786 4793 Augustinus:
813 4736 849 4782 444
873 4732 923 4782 ortt
950 4730 982 4792 6,
1009 4733 1059 4782 4441
1083 4732 1141 4782 eatis
1164 4733 1184 4782 0
1212 4760 1239 4771 -·
1265 4731 1407 4797 4444444444
1433 4730 1490 4783 8411
1521 4759 1548 4771 -
1577 4730 1746 4783 motabiles

414 4808 445 4869 Α,
463 4805 719 4859 mamaeam.
737 4808 764 4857 iu
781 4805 1042 4859 4444444υὸ0446-
1062 4807 1087 4858 9.
1105 4808 1250 4871 neutiquam
1267 4808 1304 4859 64
1322 4819 1491 4870 numquam
1507 4806 1745 4872 au,aaqaaqaam

410 4884 583 4947 augustinns.
602 4879 642 4933 61.
662 4880 755 4931 itendit
772 4880 882 4935 Turseli.
901 4882 943 4934 111.
958 4896 984 4947 p.
1004 4882 1060 4933 488.
1085 4906 1112 4917 ·-
1141 4882 1181 4931 40.
1196 4887 1324 4945 peream
1340 4883 1381 4936 (2¹.
1399 4881 1439 4934 64.
1453 4895 1510 4934 ver.
1523 4880 1584 4934 1444.
1591 4880 1633 4932 'ad
1645 4894 1672 4947 p.
1684 4880 1743 4942 848,

410 4954 455 5008 81.
471 4981 499 4993 -
523 4955 563 5008 48.
584 4954 868 5020 amensamens:
886 4956 1102 5021 4444444440
1122 4983 1148 4994 -
1167 4957 1208 5007 ta.
1229 4956 1359 5021 oportebat
1372 4954 1413 5020 A¹,
1434 4960 1530 5021 operm
1540 4954 1694 5008 Lambinus.
1714 4980 1743 4993 -

411 5026 872 5095 adaequataeqooauw-
893 5030 1042 5082 44404444.
1063 5029 1665 5095 4444144-44444448-46.44·4444
1689 5040 1744 5081 em.

412 5104 513 5157 6660
541 5132 568 5143 -
598 5105 638 5155 41.
661 5104 802 5155 conditione
817 5104 970 5169 (4444444444
986 5101 1055 5170 W)
1071 5109 1221 5172 4444444444
1238 5106 1327 5158 6664
1352 5112 1501 5173 perram
1522 5106 1661 5157 4448144444
1676 5103 1697 5155 0
1715 5127 1743 5141 -

410 5180 594 5243 mauu
623 5177 750 5231 orelliua:
781 5181 1056 5244 44441444444444666
1085 5206 1112 5216 -
1141 5181 1181 5233 48.
1208 5195 1260 5246 qao
1281 5195 1321 5234 me
1344 5183 1372 5233 ia
1394 5186 1477 5232 444444
1493 5185 1560 5235 arta
1581 5192 1654 5231 44444
1678 5189 1744 5229 uos:

412 5265 490 5319 quota
513 5261 537 5307 et
558 5256 586 5305 14
610 5260 694 5305 oestro
719 5258 777 5304 ortu
800 5256 1686 5321 4444448444444(4444.144444444)144444444444444444444
1707 5251 1743 5310 84

412 5342 466 5393 qao
489 5334 514 5381 et
536 5330 565 5380 44
583 5335 668 5381 444444
688 5342 738 5382 ura
758 5334 841 5381 ortum
868 5330 901 5390 E;
928 5332 1400 5395 4444444444444444444444464
1427 5332 1748 5396 44414444044444444

412 5413 487 5454 naar
513 5404 534 5456 0
561 5432 587 5442 -
616 5404 657 5456 49.
683 5404 838 5456 mutuatae
862 5405 1019 5458 Lambinus:
1050 5412 1170 5459 44444444
1197 5407 1269 5459 666
1294 5433 1321 5444 -
1345 5406 1444 5473 astato
1458 5401 1540 5459 ait¹li
1562 5432 1589 5443 -
1611 5404 1653 5456 80.
1676 5403 1748 5466 opti·

413 5479 533 5531 44444411
552 5506 579 5519 -
597 5482 640 5533 84.
657 5486 775 5545 rotaeque
792 5482 871 5533 fleur.
895 5481 1061 5547 stephanus:
1084 5488 1212 5547 4444444444
1234 5482 1310 5535 666
1337 5508 1364 5520 -
1394 5483 1510 5534 todem
1530 5479 1573 5533 ed.
1596 5479 1748 5531 Bononien-

414 5554 465 5606 4144
483 5555 596 5606 teatio
612 5556 684 5608 666
703 5584 730 5594 -
755 5557 797 5608 88.
818 5557 955 5608 4444444444
974 5557 1050 5608 466
1073 5584 1100 5593 -
1124 5559 1165 5611 88.
1186 5557 1370 5623 4444444444444
1386 5559 1467 5609 fleur.
1488 5556 1649 5621 Stephanus:
1674 5565 1748 5617 4444·

413 5629 500 5695 aitqua
522 5630 596 5682 666
620 5658 647 5668 -
673 5630 915 5695 8044444148ωο
939 5644 1009 5684 corr.
1036 5633 1350 5697 4444444448444411-
1378 5630 1747 5698 (444444664414444

415 5706 602 5770 oomotione):
618 5703 700 5766 [onae
716 5706 764 5756 611
783 5731 810 5744 -
823 5707 865 5759 at.
879 5708 1028 5772 4444444444
1039 5709 1125 5760 6664
1138 5710 1299 5773 (4444444444
1316 5720 1378 5760 cum
1390 5705 1550 5759 Lambinoo
1564 5730 1592 5742 -
1604 5711 1633 5756 at
1644 5707 1665 5756 Α
1676 5706 1749 5770 (post

414 5789 496 5831 unam
519 5778 634 5831 litteram
652 5781 853 5844 erasam)B²E:
872 5789 917 5834 aut
935 5783 1018 5834 B¹GV
1045 5812 1073 5822 -
1098 5797 1193 5848 4444444
1215 5784 1293 5836 4444444
1317 5783 1393 5837 666
1420 5810 1447 5821 -
1474 5780 1507 5833 ot
1529 5782 1563 5833 tia
1587 5780 1746 5840 Lambinus:

415 5852 634 5907 4440666-
653 5857 695 5911 88.
713 5858 866 5910 4444111164
884 5864 938 5912 toea
961 5859 1001 5924 V1,
1021 5863 1088 5914 44444
1106 5860 1148 5926 Vt,
1169 5861 1272 5913 444446
1297 5886 1324 5898 -
1345 5859 1484 5912 44441444.
1505 5860 1535 5911 6.
