4342 7459
722 1245 791 1310 m.
812 1246 837 1308 1.
867 1244 944 1309 cn.
965 1243 1197 1309 xum-xit
1223 1239 1270 1326 §s
1291 1237 1438 1306 trs-ss.
1679 1236 1743 1305 sss

412 1428 508 1495 qnam
529 1413 562 1471 et
581 1406 712 1469 inventa
732 1412 807 1469 sunt
827 1404 951 1468 acutius
966 1411 999 1467 et
1013 1403 1097 1467 dicta
1111 1402 1259 1468 subtilius
1273 1404 1313 1466 ab
1327 1404 1464 1485 Epicuro
1480 1420 1576 1485 quam
1590 1409 1627 1465 ut
1639 1403 1744 1487 quivis

412 1523 452 1567 ea
481 1501 584 1585 possit
608 1518 799 1583 agnoscere,
828 1506 934 1562 tamen
964 1497 1064 1562 fretus
1094 1497 1311 1581 intellegentia
1338 1506 1442 1561 vestra
1464 1496 1587 1560 dissero
1616 1497 1745 1561 brevius

412 1617 509 1681 qnam
531 1613 627 1659 eausa
648 1590 816 1658 desiderat
853 1593 1008 1676 Epicurus
1029 1599 1151 1665 autem,
1174 1592 1229 1674 qni
1252 1610 1303 1655 res
1325 1590 1464 1654 occultas
1485 1597 1518 1653 et
1539 1592 1666 1673 penitus
1688 1591 1745 1654 ab·

411 1689 494 1754 ditas
515 1706 581 1751 non
603 1686 699 1750 modo
722 1686 837 1750 viderit
857 1687 974 1759 animo,
996 1685 1053 1748 sed
1076 1685 1171 1748 etiam
1193 1686 1239 1747 sic
1257 1693 1371 1748 tractet
1384 1692 1543 1759 utmanu,
1566 1683 1660 1750 docet
1674 1704 1744 1748 eam

411 1803 482 1848 ease
502 1782 568 1846 rim
589 1788 623 1843 et
642 1787 788 1843 naturam
810 1778 958 1853 deorum,
988 1787 1024 1842 ut
1043 1778 1180 1861 primum
1202 1797 1401 1855 nonnemo,
1430 1778 1486 1842 sod
1508 1786 1614 1843 mento
1636 1785 1768 1843 cama-⁶

410 1884 476 1951 tur,
507 1895 567 1938 nec
597 1872 755 1937 soliditate
776 1872 913 1957 quadam
935 1893 994 1936 uec
1016 1872 1055 1934 ad
1078 1892 1259 1946 nnmerum,
1290 1880 1327 1935 ut
1348 1893 1402 1948 ea,
1433 1892 1516 1957 quae
1537 1873 1593 1937 ille
1613 1882 1745 1957 propter

409 1966 588 2034 firmitatem
610 1980 784 2053 στερέμνια
805 1967 959 2051 appellat,
987 1965 1043 2030 sad
1066 1967 1257 2050 imaginibus
1279 1967 1485 2032 similitudine
1507 1975 1540 2031 et
1559 1968 1744 2032 transitione

409 2060 588 2149 perceptis3
612 2081 741 2144 eumque
763 2058 886 2124 inlinita
906 2060 1150 2124 simillumarum
1171 2061 1345 2144 imaginum
1366 2062 1491 2143 species
1505 2082 1546 2125 ex
1562 2062 1746 2126 innumera·

409 2156 529 2221 bilibus
550 2154 727 2218 individuis
749 2156 866 2219 existat
886 2162 919 2218 st
939 2175 959 2219 a
981 2154 1042 2217 deo
1063 2154 1197 2229 adssuat,
1221 2175 1292 2219 cnm
1314 2156 1461 2220 maximia
1482 2156 1698 2240 voluptatibus
1711 2156 1745 2219 in

410 2270 465 2315 sas
486 2250 641 2331 imagines
662 2258 801 2313 mentem
823 2249 978 2312 intentam
996 2244 1192 2332 infixamque
1205 2258 1345 2314 nostram
1358 2250 1607 2333 intellegentiam
1621 2261 1783 2335 capereto

410 2364 494 2429 quae
522 2344 565 2408 sit
590 2351 623 2407 et
649 2342 743 2406 beata
764 2350 878 2406 natura
897 2349 931 2405 et
950 2349 1089 2405 aeterna.
1131 2339 1184 2406 50.
1209 2344 1339 2408 Summa
1359 2364 1435 2408 vero
1457 2346 1506 2409 vis
1526 2342 1693 2409 infinitatis
1713 2352 1747 2407 et

410 2457 526 2522 magna
546 2457 584 2502 ac
599 2436 744 2519 diligenti
758 2436 1027 2520 contemplatione
1042 2434 1230 2518 dignissima
1243 2446 1307 2512 est,
1328 2439 1363 2501 in
1377 2459 1441 2523 qna
1453 2438 1597 2523 intellegi
1612 2459 1746 2504 necesse

410 2541 460 2597 eat
491 2552 562 2596 eam
592 2549 663 2594 esse
690 2538 853 2604 naturam,
886 2537 923 2593 ut
949 2530 1056 2593 omnia
1078 2530 1226 2595 omnibus
1253 2531 1384 2615 paribus
1406 2533 1496 2616 paria
1517 2533 1744 2617 respondeant.

409 2627 499 2691 Hanc
528 2634 704 2709 ἰσονομίαν
732 2624 874 2708 appellat
898 2624 1072 2706 Epicurus,
1101 2621 1134 2689 id
1155 2632 1205 2688 est
1225 2626 1425 2709 aequabilem
1447 2626 1661 2692 tributionem.
1696 2629 1746 2692 lix

409 2721 470 2785 bae
491 2721 588 2804 igitur
609 2717 690 2783 illud
712 2715 865 2792 efficitur,
894 2718 922 2782 si
942 2717 1124 2781 mortalium
1148 2726 1236 2783 tanta
1257 2720 1426 2784 multitudo
1447 2722 1505 2797 sit,
1533 2742 1603 2787 esse
1626 2723 1784 2787 inruont!

410 2814 523 2879 talium
543 2834 610 2877 non
631 2812 786 2876 minorem
808 2820 857 2886 et,
879 2811 1006 2894 siquae
1027 2812 1211 2877 interimant
1230 2814 1474 2879 innumerabilia
1488 2816 1566 2891 sint,
1589 2817 1683 2881 etiam
1696 2836 1746 2893 ea,

410 2927 493 2991 quae
514 2914 718 2981 conservent,
739 2902 862 2969 infinita
883 2925 954 2969 esse
977 2905 1105 2968 debere.
1140 2906 1182 2969 Et
1205 2926 1359 2990 quaerere
1380 2927 1400 2972 a
1421 2908 1529 2983 nobis,
1556 2910 1671 2985 Balbe,
1693 2929 1747 2974 so·

410 3001 499 3077 letis,
521 3021 605 3085 quae
626 3001 692 3064 vita
713 2999 846 3063 deorum
869 2999 912 3063 sit
933 3018 1081 3082 quaeque
1103 2999 1143 3063 ab
1165 3000 1205 3062 iis
1224 3001 1357 3084 degatur
1377 3009 1475 3067 astas.
1517 3000 1570 3068 54.
1591 3006 1639 3070 Ea
1658 3004 1747 3069 vide·

410 3096 502 3172 licet,
523 3115 588 3179 qua
608 3093 688 3158 nibil
708 3093 847 3167 beatius,
876 3092 956 3155 nibil
979 3094 1125 3156 omnibus
1146 3094 1240 3158 bonis
1261 3095 1444 3160 affluentius
1465 3097 1598 3180 cogitari
1619 3104 1743 3180 potest;

411 3190 491 3253 nihil
513 3190 596 3254 enim
618 3191 701 3271 agit,
723 3187 819 3251 nullis
841 3186 1104 3269 occupationibus
1119 3196 1168 3251 est
1185 3189 1368 3273 inplicatus,
1390 3189 1481 3254 nulla
1494 3208 1592 3274 opera
1605 3190 1784 3264 molitum„

370 3314 373 3319 ·
411 3303 469 3347 sua
495 3283 653 3365 rapientia
681 3291 714 3346 et
735 3282 852 3345 virtute
878 3280 1011 3363 gaudet,
1038 3280 1137 3345 babet
1158 3284 1356 3366 exploratum
1376 3280 1445 3348 fore
1467 3304 1502 3349 se
1524 3305 1652 3369 semper
1673 3305 1746 3349 oum

410 3379 444 3441 in
472 3378 635 3451 maximis,
669 3384 736 3440 tum
767 3374 801 3437 in
827 3376 964 3437 aeternis
997 3374 1223 3456 voluptatibus.
1267 3378 1338 3440 XX.
1361 3374 1413 3441 52.
1442 3379 1535 3443 llunc
1561 3380 1656 3445 deum
1683 3382 1744 3444 rite

409 3473 537 3537 beatum
559 3471 751 3545 dixerimus,
774 3476 913 3533 vestrum
937 3488 1012 3532 vero
1033 3469 1330 3534 laboriosissimum.
1367 3472 1441 3536 Sive
1463 3475 1548 3537 onim
1569 3475 1640 3560 ipse
1654 3495 1746 3540 mun·

411 3567 470 3631 dus
493 3566 656 3638 deusest,
679 3563 757 3647 quid
780 3571 977 3645 potestesse
1000 3564 1105 3626 minus
1128 3564 1272 3648 quietum
1296 3583 1392 3648 quam
1415 3567 1503 3631 nullo
1526 3574 1644 3651 puncto
1666 3577 1746 3633 tem·

409 3660 496 3746 poris
525 3658 708 3723 intermisso
737 3658 857 3720 versari
885 3659 1004 3720 circum
1034 3676 1127 3719 axem
1157 3657 1237 3719 caeli
1268 3658 1447 3723 admirabili
1469 3661 1653 3727 celeritate?
1681 3662 1784 3728 nisi*

411 3755 555 3839 quietum
576 3759 682 3816 antem
704 3751 783 3815 nibil
806 3752 932 3813 beatum
955 3758 1023 3813 est:
1047 3753 1115 3814 sive
1137 3751 1262 3835 inipso
1285 3754 1404 3818 mundo
1419 3756 1499 3820 dens
1518 3757 1603 3822 inest
1618 3757 1745 3842 aliquis,

410 3849 467 3932 qui
495 3853 601 3929 regat,
633 3846 687 3929 qui
717 3845 887 3929 gubernet,
916 3845 971 3928 qui
1000 3864 1112 3908 cursus
1139 3853 1310 3921 astrorum,
1337 3850 1529 3914 mutationes
1558 3860 1746 3936 temporum,

411 3961 518 4006 rerum
541 3939 774 4003 vicissitudines
797 3937 991 4020 ordinesque
1014 3947 1196 4014 conservet,
1225 3949 1324 4004 terras
1348 3950 1381 4006 et
1407 3945 1505 4008 maria
1527 3946 1746 4029 contemplans

410 4034 575 4100 bominum
596 4034 762 4096 commoda
785 4032 932 4114 vitasque
955 4039 1096 4105 tueatur,
1122 4052 1163 4095 ne
1185 4032 1240 4096 illa
1263 4042 1311 4098 est
1331 4037 1502 4118 inplicatus
1524 4041 1667 4105 molestis
1689 4060 1746 4105 ne·

411 4128 505 4209 gotiis
527 4135 559 4190 et
581 4126 748 4208 operosis!
792 4122 844 4186 53.
866 4127 930 4186 Nos
953 4134 1058 4188 autem
1079 4125 1205 4188 beatum
1227 4128 1322 4192 vitam
1349 4130 1382 4192 in
1404 4132 1501 4195 animi
1523 4136 1691 4198 securitate
1714 4138 1784 4199 et³⁰

411 4224 445 4286 in
473 4222 616 4285 omnium
644 4220 810 4283 vacatione
836 4238 1002 4281 munerum
1029 4222 1198 4300 ponimus;
1232 4220 1341 4285 docuit
1367 4227 1452 4289 enim
1481 4248 1539 4291 nos
1561 4231 1663 4305 idern,
1691 4231 1745 4315 qui

412 4325 533 4391 cetera,
554 4322 669 4377 natura
690 4315 835 4376 ellectum
858 4332 929 4375 esse
951 4314 1124 4388 mundum;
1153 4314 1230 4377 nibil
1253 4337 1334 4400 opus
1356 4318 1456 4383 tuisse
1477 4321 1595 4388 labrica
1617 4334 1746 4411 tamque

412 4431 481 4475 eam
503 4431 569 4473 rem
592 4428 662 4471 esse
684 4407 824 4480 facilem,
847 4427 943 4489 quam
967 4427 1023 4470 vos
1041 4404 1124 4471 ellici
1141 4412 1261 4491 negatis
1277 4412 1346 4475 sine
1361 4410 1466 4479 divina
1482 4437 1577 4499 posse
1592 4420 1746 4497 sollertia,

412 4513 449 4568 ut
475 4502 715 4567 innumerabilis
744 4512 855 4564 natura
885 4500 1018 4565 mundos
1046 4503 1197 4566 effectura
1219 4506 1276 4579 sit,
1304 4505 1440 4583 efficiat,
1462 4514 1610 4577 ellecerit.
1651 4515 1745 4590 Quod

413 4599 489 4682 quia
511 4615 608 4680 quem
630 4595 670 4657 ad
693 4595 821 4659 modum
843 4604 956 4658 natura
978 4592 1105 4659 efficere
1127 4597 1197 4660 sine
1219 4599 1327 4683 aliqua
1348 4612 1455 4667 mente
1477 4608 1590 4689 possit,
1613 4628 1678 4672 non
1699 4608 1784 4673 Μ

411 4691 512 4766 detis,
541 4698 577 4753 ut
598 4690 708 4771 tragici
731 4697 860 4772 poetae,
887 4709 958 4753 cum
980 4690 1141 4773 explicare
1163 4696 1341 4775 argumenti
1365 4699 1486 4764 exitum
1507 4720 1573 4764 non
1600 4705 1746 4785 potestis,

478 4973 504 5022 s.
522 4969 700 5033 cauponum
716 4974 816 5019 uestrae
833 4972 854 5019 Α
873 4996 901 5007 -
926 4969 950 5021 ι.
969 4970 1061 5021 cram
1078 4959 1144 5023 dn:
1169 4973 1270 5024 amar
1286 4976 1351 5031 sm
1372 4976 1459 5026 cruat
1475 4978 1495 5028 o
1514 5005 1541 5016 -
1565 4986 1593 5029 c
1608 4994 1689 5032 manc
1704 4980 1744 5037 u:

412 5053 440 5097 ut
455 5059 534 5095 masa
550 5058 595 5093 uos
611 5046 687 5093 ducat
704 5045 733 5094 0.
759 5044 797 5094 Cl.
818 5046 932 5095 Districb
951 5044 967 5095 l.
988 5045 1004 5095 Ι.
1023 5061 1049 5112 p.
1068 5047 1100 5098 st
1118 5061 1179 5111 sqq.
1198 5075 1231 5084 -
1247 5050 1335 5099 docem
1351 5048 1373 5102 u
1393 5075 1420 5087 -
1445 5052 1469 5103 7.
1487 5058 1621 5106 smenon
1636 5060 1746 5110 ΑΒΟΕ

415 5148 442 5159 -
461 5122 486 5171 8.
505 5132 610 5181 nanque
634 5117 789 5170 wallerus:
817 5134 875 5169 cam
895 5118 946 5171 llo
970 5122 994 5181 (c
1017 5123 1043 5172 in
1064 5136 1158 5173 rasura
1181 5123 1264 5175 babet
1284 5126 1324 5187 Α).
1355 5126 1395 5177 Cl.
1419 5128 1534 5191 Seyffert
1555 5132 1643 5183 Scbol.
1663 5136 1718 5183 Lat.
1737 5135 1747 5184 l

411 5209 439 5261 p.
452 5196 582 5258 14η-
599 5193 640 5258 ac]
658 5200 682 5244 ot
699 5195 718 5244 C
733 5220 760 5231 -
780 5195 1050 5247 9.adcobtanutius:
1068 5199 1104 5247 ad
1119 5202 1287 5250 cosecratu
1306 5202 1398 5251 addam
1415 5203 1451 5262 ὓς
1469 5205 1504 5253 ad
1520 5206 1577 5255 daos
1594 5208 1746 5269 acum,

412 5271 447 5320 ad
462 5283 508 5319 nor
524 5268 679 5319 Lambinus.
698 5269 736 5319 Cl.
756 5268 771 5332 S
789 5269 846 5321 444.
867 5295 894 5307 -
913 5284 971 5320 cren
988 5285 1057 5323 corr.
1077 5286 1111 5323 er
1127 5275 1213 5324 tmoli
1228 5301 1255 5313 -
1276 5277 1316 5328 40.
1335 5278 1495 5341 &musque
1510 5283 1540 5330 Α.
1555 5283 1596 5333 W.
1607 5285 1702 5348 Zumpt
1712 5282 1746 5333 de

413 5347 491 5411 epist.
510 5344 545 5395 ad
562 5346 633 5394 Brut
652 5358 679 5409 p.
697 5344 739 5394 34.
758 5358 784 5394 n.
799 5347 821 5396 4.
838 5372 864 5381 -
885 5349 925 5399 44.
945 5361 1023 5410 quam
1039 5347 1071 5396 rit
1087 5360 1119 5397 oo
1134 5348 1208 5399 mota
1224 5351 1303 5401 boko.
1318 5377 1345 5388 -
1365 5352 1452 5403 ὁοιιιω
1467 5362 1576 5407 maroa
1591 5364 1615 5407 et
1631 5363 1749 5408 armac

412 5421 624 5470 Scboemannns.
637 5443 664 5455 -
683 5425 706 5470 st
722 5433 817 5483 magna
833 5434 865 5469 ae
881 5421 992 5485 ddigeotr'
1011 5426 1076 5473 AP:
1097 5429 1120 5473 st
1136 5439 1232 5488 magna
1248 5427 1378 5490 ditipsntta
1395 5431 1426 5490 (et
1443 5436 1615 5496 expunctum,
1634 5435 1694 5496 post
1707 5431 1748 5480 di-

412 5496 517 5559 ts'psstio
533 5496 619 5546 littera
637 5507 713 5544 erasa
731 5498 782 5557 est)
801 5495 841 5552 θ’,-
855 5509 951 5559 magna
966 5503 990 5547 et
1006 5498 1118 5561 wiperti
1135 5500 1184 5548 BE
1203 5501 1236 5563 (in
1255 5502 1274 5550 Β
1292 5514 1427 5565 superscr.
1441 5506 1480 5567 oc>
1493 5529 1520 5541 -
1541 5504 1581 5557 44.
1599 5506 1748 5556 maurim

413 5567 482 5622 44-
507 5572 547 5621 46.
566 5575 624 5621 ruat
641 5570 661 5620 C
680 5595 707 5605 -
730 5571 807 5620 ctiam
828 5571 854 5620 in
879 5585 970 5622 rasura
994 5585 1031 5623 m.
1050 5586 1107 5623 see.
1125 5577 1162 5632 Α;
1188 5578 1265 5625 stiam
1281 5589 1351 5627 corr.
1371 5580 1397 5628 in
1416 5583 1469 5628 tarn
1486 5580 1521 5637 83
1539 5586 1562 5630 st
1578 5586 1662 5630 tornea
1679 5580 1699 5629 E
1718 5604 1745 5616 -

413 5643 454 5695 48.
472 5644 505 5695 ab
521 5645 559 5695 444
575 5645 656 5696 act:
676 5670 703 5680 -
722 5645 762 5694 20.
781 5645 844 5693 nibil
859 5648 925 5696 caim
936 5672 973 5684 --
985 5648 1128 5710 asprenas
1145 5650 1170 5698 in
1189 5650 1307 5713 margine
1325 5650 1447 5716 suppleta
1465 5654 1548 5703 babet
1563 5654 1583 5704 B
1597 5680 1625 5691 -
1640 5655 1682 5703 at.
1693 5653 1749 5715 Ion

413 5731 468 5770 om.
486 5721 507 5770 C
523 5746 557 5757 -
573 5734 631 5771 csso
647 5719 774 5770 tucn:
793 5726 846 5769 tam
864 5721 912 5771 Eo
932 5748 958 5758 -
977 5722 1018 5773 st.
1035 5736 1121 5786 pagno
1139 5722 1240 5785 (litteris
1255 5731 1297 5775 not
1312 5728 1539 5791 superscriptisllt
1554 5755 1580 5766 -
1599 5729 1641 5780 26.
1655 5732 1675 5781 si
1687 5744 1749 5782 uero

412 5793 440 5843 is
456 5794 477 5844 c
496 5816 523 5829 -
542 5795 584 5846 28.
602 5800 728 5846 comm
745 5799 768 5843 et
784 5798 867 5843 imas
882 5795 1012 5846 Davisius.
1028 5822 1054 5835 -
1074 5798 1116 5847 49.
1135 5803 1237 5848 tuemur
1253 5812 1322 5850 corr.
1342 5813 1375 5850 er
1391 5806 1477 5851 sacar
1492 5802 1512 5851 B
1526 5827 1553 5839 -
1571 5815 1603 5853 os
1619 5803 1661 5854 illo
1676 5817 1746 5857 com.

412 5868 594 5920 meacm
615 5896 642 5908 -
662 5869 702 5920 ³0.
723 5869 921 5932 cpmosuc-
940 5870 981 5922 34.
999 5874 1249 5925 accumbe·
1268 5874 1748 5940 mmmlssaauduutrms·

412 5941 531 6009 ponendi
546 5944 635 6010 signis)
654 5945 675 5997 c
695 5970 722 5983 -
739 5943 815 6009 (osu
829 5944 909 5997 ΑΕΡ
928 5970 957 5984 -
974 5948 1067 6012 mosia
1082 5944 1107 6002 a
1125 5972 1153 5987 -
1171 5947 1214 6001 44.
1231 5951 1339 6015 efferent
1355 5963 1425 6003 corr.
1443 5963 1476 6004 aa
1492 5954 1599 6020 emposta
1613 5952 1643 6007 a.
