4342 7459
767 1241 835 1304 nn.
856 1240 882 1304 1.
912 1238 986 1304 ern
1007 1238 1141 1304 1v-v.
1168 1234 1215 1321 ss
1236 1231 1362 1301 o-la.
1683 1227 1725 1294 vo

406 1411 494 1499 phio,
515 1416 583 1476 turn
605 1410 655 1487 id,
677 1408 763 1494 quod
784 1410 834 1473 his
855 1409 944 1473 libris
969 1409 1145 1492 quaeritur,
1176 1407 1231 1490 qui
1253 1407 1295 1470 sit
1314 1405 1402 1480 linis,
1434 1405 1510 1488 quid
1540 1414 1728 1487 extremum,

408 1505 484 1593 quid
512 1505 677 1580 ultimum,
704 1523 768 1588 quo
797 1505 861 1567 sint
888 1504 994 1567 omnia
1015 1503 1097 1566 hene
1118 1501 1244 1567 vivendi
1267 1508 1417 1583 recteque
1438 1498 1573 1565 l'aoiendi
1596 1507 1730 1570 consilia

406 1599 587 1674 reserenda,
610 1598 689 1682 quid
711 1605 864 1681 sequatur
885 1605 995 1661 natura
1017 1604 1052 1660 ut
1073 1615 1231 1659 summum
1252 1615 1293 1659 ex
1314 1595 1409 1658 rebus
1428 1598 1629 1678 expetendis,
1652 1600 1729 1683 quid

405 1693 505 1777 lugiet
535 1702 573 1757 ut
603 1698 781 1755 extremum
810 1692 987 1754 malorum?
1022 1691 1094 1767 Qua
1121 1690 1160 1752 de
1189 1711 1224 1753 re
1254 1709 1325 1753 cum
1354 1689 1394 1751 sit
1420 1689 1503 1751 inter
1530 1689 1730 1758 doctissimos

405 1806 526 1851 summa
556 1785 734 1860 dissensio,
766 1786 837 1869 quis
866 1785 1004 1849 alienum
1036 1792 1125 1868 putet
1146 1785 1214 1847 eius
1237 1804 1306 1847 esse
1329 1782 1506 1865 dignitatis,
1535 1807 1629 1869 quam
1652 1789 1755 1853 mihis

406 1880 541 1965 quisque
563 1878 692 1954 tribuit,
714 1878 791 1961 quid
814 1878 846 1941 in
869 1879 955 1942 omni
978 1899 1107 1942 munere
1129 1880 1211 1941 vitae
1233 1878 1386 1960 optimum
1408 1884 1441 1939 et
1463 1879 1662 1946 verissimum
1679 1885 1731 1959 sit,

406 1975 595 2057 exquirere?
619 1968 670 2035 ⁴2.
684 1974 744 2047 An,
760 1979 867 2054 partus
878 1973 1012 2035 ancillae
1025 1974 1106 2036 sitne
1119 1972 1150 2034 in
1161 1972 1266 2034 fructu
1278 1970 1451 2045 habendus,
1465 1970 1638 2039 disseretur
1649 1980 1732 2042 inter

406 2068 566 2152 principes
581 2067 728 2140 civitatis,
750 2067 784 2128 P.
800 2066 983 2131 Scaevolam
1005 2066 1210 2150 Maniumque
1230 2064 1404 2139 Manilium,
1426 2064 1465 2128 ab
1479 2065 1581 2149 iisque
1595 2070 1638 2132 hl.
1654 2072 1732 2134 Bru·

406 2169 456 2225 tue
476 2161 661 2234 dissentiet,
684 2159 768 2244 quod
792 2168 823 2223 et
844 2168 972 2223 acutum
994 2181 1094 2243 genus
1116 2170 1164 2224 est
1185 2158 1277 2223 etad
1300 2179 1376 2221 usus
1394 2158 1510 2222 civium
1526 2180 1590 2225 non
1609 2165 1732 2241 inutile,

406 2276 528 2340 noeque
550 2275 589 2320 ea
610 2255 727 2338 scripta
748 2255 936 2339 reliquaque
959 2255 1102 2317 eiusdem
1123 2254 1248 2336 generis
1269 2261 1300 2316 et
1322 2253 1455 2335 legimus
1477 2253 1615 2320 libenter
1636 2265 1668 2321 et
1688 2259 1733 2321 le·
1746 2269 1773 2316 lo

406 2370 534 2433 gemus:
558 2348 649 2424 haec,
673 2368 756 2431 quae
777 2349 873 2411 vitam
896 2369 1021 2412 omnem
1044 2349 1222 2422 continent,
1252 2346 1477 2429 neglegentur?
1504 2369 1589 2423 nam,
1613 2358 1650 2413 ut
1670 2352 1733 2415 sint

407 2444 460 2506 illa
480 2442 708 2515 vendibiliora,
728 2442 808 2505 haec
830 2442 977 2504 uberiora
998 2451 1081 2505 certe
1097 2450 1181 2506 sunt.
1218 2441 1418 2524 Quamquam
1433 2439 1465 2503 id
1480 2444 1609 2525 quidem
1624 2445 1733 2509 licebit

407 2537 445 2601 iis
474 2537 673 2610 existimare,
703 2536 759 2618 qui
789 2535 932 2617 legerint.
974 2538 1038 2599 Nos
1070 2545 1176 2600 autem
1200 2534 1282 2597 hanc
1305 2554 1430 2598 omnem
1452 2537 1672 2618 quaestionem
1694 2541 1734 2603 de

408 2625 521 2692 finibus
550 2629 706 2691 honomm
737 2636 768 2691 et
798 2629 950 2692 malorum
978 2629 1045 2692 iere
1072 2651 1092 2693 a
1119 2630 1210 2693 nohis
1239 2628 1429 2711 explicatam
1451 2648 1520 2692 esse
1548 2630 1599 2694 his
1621 2632 1733 2697 litteris

409 2723 610 2798 arbitramur,
639 2723 672 2785 in
702 2723 833 2807 quihus,
862 2733 1011 2806 quantum
1037 2724 1216 2806 potuimus,
1246 2742 1310 2784 non
1333 2720 1428 2785 modo
1451 2723 1527 2807 quid
1548 2724 1640 2787 nohis
1661 2739 1772 2808 pro-te

409 2816 552 2889 baretur,
574 2815 632 2879 sed
653 2816 748 2880 etiam
771 2816 846 2899 quid
862 2836 881 2878 a
896 2817 1027 2898 singulis
1042 2817 1260 2900 philosophiae
1275 2815 1451 2899 disciplinis
1468 2816 1641 2894 diceretur,
1664 2841 1735 2903 per-

410 2910 508 2975 secuti
529 2929 651 2972 sumus.

491 3004 531 3066 V.
554 2998 606 3064 ⁴3.
628 3003 668 3067 Ut
700 3009 804 3068 autem
839 3025 857 3067 a
885 3003 1044 3067 facillimis
1073 3004 1246 3078 ordiamur,
1280 3004 1380 3086 prima
1408 3004 1515 3068 veniat
1538 3007 1572 3069 in
1597 3008 1734 3072 medium

410 3096 540 3182 Epicuri
563 3098 660 3173 ratio,
684 3118 764 3181 quae
787 3098 946 3183 plerisque
968 3098 1133 3161 notissima
1148 3105 1212 3171 est,
1234 3116 1327 3179 quam
1350 3117 1369 3159 a
1389 3097 1481 3159 nobis
1504 3098 1550 3162 sic
1572 3101 1736 3185 intelleges

411 3192 604 3275 expositam,
635 3198 671 3253 ut
692 3192 732 3254 ab
753 3191 848 3274 ipsis,
870 3192 925 3277 qui
949 3212 1017 3254 eam
1041 3190 1240 3273 disciplinam
1263 3189 1413 3272 probent,
1435 3209 1500 3252 non
1522 3193 1624 3257 soleat
1644 3209 1775 3259 acen-to

411 3287 507 3348 retius
530 3284 697 3369 explicari.
740 3287 855 3349 Verum
879 3286 962 3348 enim
984 3286 1128 3347 invenire
1154 3284 1316 3357 volumus,
1349 3303 1414 3346 non
1442 3290 1599 3371 umquam
1626 3290 1737 3353 adver·
1832 3313 1836 3322 ·

412 3378 526 3442 sarium
559 3378 699 3461 aliquem
728 3380 924 3443 convincere.
966 3381 1118 3442 deaurato
1149 3385 1254 3440 autem
1283 3377 1443 3459 quondam
1464 3396 1483 3440 a
1505 3379 1539 3442 L.
1562 3382 1737 3465 Torquato,

411 3470 538 3536 homine
558 3474 646 3536 omni
663 3474 806 3536 doctrina
822 3475 964 3547 erudito,
987 3471 1120 3537 defensa
1134 3480 1183 3534 est
1195 3471 1323 3556 Epicuri
1338 3472 1496 3534 sententia
1511 3474 1550 3536 de
1564 3475 1738 3559 voluptate,

412 3585 431 3628 a
452 3586 566 3649 meque
589 3568 620 3630 ei
642 3588 845 3651 responsum,
868 3588 938 3631 cum
959 3567 991 3630 C.
1007 3566 1163 3640 Triarius,
1185 3568 1218 3628 in
1240 3565 1349 3650 primis
1372 3566 1474 3647 gravis
1490 3575 1522 3630 et
1536 3568 1646 3633 doctus
1660 3573 1739 3636 adu-

413 3660 552 3734 lescens,
583 3662 613 3723 ei
643 3661 849 3746 disputationi
876 3663 1052 3724 interesset.
1097 3655 1147 3722 lt.
1171 3661 1248 3723 Nem
1276 3680 1347 3722 cum
1374 3660 1414 3722 ad
1436 3679 1486 3722 me
1508 3661 1541 3724 in
1565 3664 1775 3730 eumanumn

413 3755 569 3818 salutandi
592 3775 688 3819 causa
710 3763 841 3842 uterque
864 3757 1015 3829 venisset,
1038 3774 1139 3837 pauca
1161 3755 1262 3837 primo
1284 3754 1439 3816 internos
1454 3755 1493 3818 de
1513 3756 1640 3835 litteris,
1663 3780 1740 3843 qua-
1797 3751 1803 3764 ⁸

412 3870 481 3913 rum
496 3870 655 3914 summum
671 3858 738 3912 eret
757 3853 788 3912 in
806 3859 939 3931 utroque
956 3850 1114 3925 studium;
1137 3848 1252 3911 deinde
1267 3850 1461 3933 Torquatus,
1485 3849 1642 3925 Quoniam
1657 3856 1740 3918 neoti

413 3952 459 4020 te,
480 3945 601 4028 inquit,
624 3964 733 4007 sumus
754 3944 925 4027 aliquando
946 3945 1100 4017 otiosum,
1129 3951 1214 4006 certe
1236 3941 1378 4017 audiam,
1401 3942 1477 4027 quid
1498 3945 1540 4008 sit
1561 3946 1644 4029 quod
1666 3947 1741 4032 Epi-

413 4058 523 4102 curum
551 4045 697 4100 nostrum
725 4057 790 4100 non
813 4046 847 4100 tu
869 4038 997 4121 quidem
1020 4036 1141 4111 oderis,
1168 4044 1205 4098 ut
1225 4034 1292 4099 fere
1319 4034 1440 4099 faciunt
1466 4037 1521 4121 qui
1548 4039 1587 4101 eh
1615 4060 1653 4104 eo
1676 4041 1742 4104 dis·

414 4131 570 4205 sentiunt,
601 4131 658 4194 sed
681 4140 764 4194 certe
786 4152 850 4194 non
873 4132 1000 4214 probes,
1027 4152 1118 4205 eum,
1148 4151 1242 4214 quem
1266 4149 1324 4212 ego
1347 4130 1484 4192 arbitror
1505 4152 1602 4195 unum
1625 4135 1778 4199 vidisseto

413 4246 524 4288 rerum
545 4225 757 4308 maximisque
780 4226 936 4288 erroribus
959 4226 1080 4288 animos
1106 4225 1270 4287 hominum
1292 4224 1474 4288 liberavisse
1499 4234 1529 4288 et
1552 4230 1659 4292 omnia
1680 4239 1742 4294 tra-

415 4320 549 4394 didisse,
578 4338 659 4405 quae
682 4321 877 4402 pertinerent
898 4319 937 4381 ad
960 4320 1040 4381 hene
1062 4320 1218 4401 beateque
1239 4318 1426 4381 vivendum:
1454 4319 1509 4381 sed
1531 4322 1678 4388 existimo
1700 4333 1741 4400 te,

416 4415 497 4478 sicut
518 4421 663 4476 nostrum
685 4415 855 4487 Triarium,
879 4415 982 4477 minus
1005 4414 1044 4476 ab
1067 4434 1105 4476 eo
1130 4412 1296 4486 delectari,
1319 4412 1403 4495 quod
1425 4413 1485 4477 ista
1499 4416 1649 4490 Platonis,
1671 4418 1742 4481 dri·

417 4508 538 4579 stoteli,
568 4507 778 4590 Theophrasti
804 4508 954 4570 orationis
977 4517 1161 4570 ornamenta
1189 4507 1383 4587 neglexerit;
1413 4527 1485 4571 nam
1511 4508 1590 4572 illud
1614 4512 1741 4593 quidem

417 4602 531 4665 adduci
555 4603 610 4665 vix
637 4621 767 4684 possum
797 4610 833 4664 ut
861 4622 914 4675 ea,
944 4621 1024 4683 quae
1046 4601 1181 4664 senserit
1202 4600 1274 4675 ille,
1302 4600 1360 4663 tihi
1382 4621 1447 4663 non
1468 4622 1544 4666 vera
1565 4603 1779 4668 videantur.to
1884 4590 1886 4594 ’

484 4876 508 4925 i.
527 4872 589 4937 tum]
610 4886 666 4922 cam
687 4873 706 4920 B
732 4898 758 4908 -
781 4873 824 4935 qai
844 4873 875 4922 sit
896 4872 1005 4923 Orellius
1024 4876 1050 4923 et
1067 4873 1211 4937 Madvigius
1229 4875 1263 4934 (iu
1280 4872 1438 4936 addendisl:
1462 4876 1517 4938 qais
1532 4878 1563 4927 sit
1579 4881 1615 4938 Α;
1637 4883 1697 4941 qnid
1713 4886 1745 4934 sit

420 4950 501 5002 ΒΙΟ
520 4974 547 4985 -
566 4950 592 4997 2.
609 4947 721 5012 consitio]
738 4949 877 4997 consimilia
895 4951 952 5013 (per
969 4948 1167 5012 compendium)
1185 4949 1204 4996 B
1218 4976 1245 4985 -
1265 4948 1289 4997 3.
1307 4948 1429 5012 reformidl
1442 4950 1461 4999 E
1473 4975 1500 4985 -
1518 4952 1543 5002 b.
1558 4953 1685 5017 ιιριιιιαιιι
1695 4973 1746 5009 aas

422 5027 439 5075 Β
457 5053 484 5062 -
503 5027 528 5077 6.
546 5023 642 5074 tribuat
659 5022 688 5074 Α1
709 5051 734 5060 -
754 5025 778 5073 8,
796 5025 960 5088 llaniamqne
976 5037 1038 5073 nos:
1057 5025 1093 5073 M.
1112 5037 1159 5085 que
1174 5025 1208 5082 A,
1228 5025 1264 5073 li.
1283 5024 1316 5083 B,
1334 5021 1377 5073 hs.
1396 5025 1450 5074 ΜΟ
1469 5049 1496 5059 -
1515 5025 1600 5089 hisque
1616 5032 1694 5081 ΑΒο
1715 5058 1742 5069 ..

421 5104 445 5152 9.
462 5102 594 5151 dinenmat
614 5100 634 5148 B
659 5125 686 5135 -
712 5101 751 5148 tt.
775 5114 872 5149 omnem
892 5102 1016 5149 continent
1037 5100 1097 5149 aa:
1123 5101 1246 5149 continent
1268 5112 1364 5148 omnem
1381 5100 1400 5149 0
1418 5124 1446 5135 -
1472 5102 1632 5166 nepiepentor
1647 5105 1744 5157 Aldus:

421 5180 582 5243 repugnem
599 5176 678 5227 codd.
693 5202 719 5211 -
739 5178 795 5240 sint]
813 5181 899 5227 suntal
916 5204 942 5213 -
963 5177 1002 5226 li.
1021 5174 1108 5224 licebat
1126 5175 1145 5224 E
1164 5200 1190 5210 -
1211 5174 1250 5224 ⁴3.
1268 5174 1341 5239 hooc]
1358 5175 1403 5224 hoo
1419 5170 1484 5225 ι’·
1505 5176 1545 5228 ll.
1564 5179 1659 5244 litteris]
1676 5182 1746 5232 libris

422 5253 492 5304 multi
510 5252 683 5304 scribendum
702 5256 839 5315 putarunt,
863 5250 921 5301 coll.
941 5266 965 5300 v.
986 5252 996 5300 l
1018 5253 1045 5300 et
1062 5252 1139 5300 Tuso.
1158 5250 1205 5309 lll,
1224 5250 1239 5312 5
1258 5250 1281 5298 6.
1300 5248 1351 5299 Sed
1370 5250 1402 5300 cl.
1422 5249 1456 5300 de
1474 5252 1544 5301 orat.
1564 5253 1691 5317 1,§iaz.
1710 5256 1744 5306 de

422 5330 503 5379 liiiio.
523 5329 557 5386 ll,
577 5327 592 5391 5
609 5330 634 5377 5.
654 5328 724 5376 Brut.
745 5328 759 5391 ξ
778 5328 817 5377 43.
836 5328 870 5376 ad
889 5325 977 5376 Famil.
998 5326 1027 5385 V,
1047 5326 1087 5383 ⁴9,
1106 5327 1130 5375 2.
1152 5352 1179 5361 -
1199 5327 1238 5374 45.
1257 5325 1329 5374 modo
1347 5326 1437 5374 um.B
1460 5352 1487 5361 —
1511 5327 1589 5391 nobis]
1607 5343 1625 5379 a
1641 5330 1744 5380 nohnll

425 5429 450 5441 -
469 5405 509 5453 46.
528 5404 674 5465 disciptinae
693 5399 723 5452 Α1
744 5431 770 5438 -
795 5403 834 5451 tt.
854 5403 954 5463 epicuro
976 5402 994 5449 B
1015 5428 1040 5435 —
1065 5403 1106 5449 ιι).
1125 5399 1157 5448 ab
1178 5412 1230 5449 om.
1250 5394 1280 5449 ι’
1300 5427 1327 5438 -
1349 5400 1391 5454 tt.
1409 5400 1448 5465 h]
1466 5402 1501 5450 ll.
1518 5402 1538 5450 B
1559 5429 1585 5440 -
1604 5403 1645 5455 tl.
1663 5418 1685 5454 c.
1705 5418 1747 5455 oe-

423 5482 501 5528 ιανιιιι
520 5480 540 5528 Β
564 5505 591 5515 -
617 5479 657 5527 26.
676 5480 741 5527 inter
761 5493 805 5527 nos
824 5479 943 5541 primoli
966 5503 991 5511 —
1016 5477 1084 5525 inter
1100 5476 1188 5524 litteris
1205 5477 1231 5525 et
1247 5489 1356 5538 quarum
1374 5472 1405 5525 ι’
1425 5476 1535 5527 inseruit
1550 5478 1698 5527 contutimus
1716 5506 1743 5516 -

423 5554 462 5603 ta
479 5556 548 5603 nacti
564 5554 597 5615 ie]
614 5554 661 5602 hac
678 5557 719 5602 tite
736 5550 810 5611 A¹B;
828 5555 875 5603 liae
893 5555 931 5602 die
948 5547 979 5601 ΑΞ
997 5575 1024 5588 -
1050 5550 1091 5600 ²8.
1112 5552 1220 5599 ociosum
1237 5551 1285 5600 AB
1304 5550 1403 5614 ubique
1421 5576 1447 5585 -
1468 5552 1534 5614 qnod
1550 5565 1604 5601 om.
1623 5554 1667 5613 A¹;
1686 5555 1747 5616 qaid

425 5629 442 5677 e
460 5654 486 5663 -
505 5629 545 5678 ιιι.
564 5634 678 5678 nostram
694 5629 772 5677 iriiier
789 5643 838 5676 non
851 5633 883 5687 ll,
903 5626 952 5678 sed
968 5628 1047 5676 istiter
1063 5626 1130 5676 linea
1149 5641 1162 5676 o
1182 5628 1266 5690 prima
1285 5640 1364 5676 manu
1382 5625 1513 5676 subducta
1525 5628 1686 5689 significatur
1697 5629 1747 5680 de·

425 5700 539 5753 lendum.
559 5728 588 5740 -
612 5702 720 5767 quidem]
744 5704 804 5765 quid
825 5717 838 5753 e
859 5707 902 5761 Αι;
927 5702 999 5764 quide
1019 5700 1052 5752 Αἱ
1076 5727 1101 5739 -
1129 5701 1218 5766 oderis]
1239 5700 1315 5750 ocutis
1331 5702 1350 5749 B
1369 5702 1394 5762 (ι.
1414 5715 1438 5750 e.
1456 5702 1515 5750 ociis
1532 5702 1656 5752 transfixa
1673 5701 1748 5753 tati

426 5789 471 5841 pro
488 5779 541 5827 odie
556 5779 682 5827 trenstlxa
700 5777 747 5827 litt.
761 5778 784 5836 d)
807 5804 832 5812 -
852 5777 892 5826 33.
912 5777 972 5838 quid
987 5778 1028 5826 itti
1043 5772 1074 5826 A*
1088 5803 1115 5812 -
1135 5776 1254 5826 aristoteli
1270 5776 1314 5825 d¹:
1334 5777 1469 5825 Aristotelis
1485 5773 1573 5825 a²sso
1586 5801 1613 5812 ··
1632 5776 1672 5829 3l.
1685 5792 1748 5828 ora·

426 5854 495 5902 ιιοιιι
510 5859 661 5904 manento
677 5852 737 5903 AB:
760 5857 907 5902 oniamenta
923 5852 1044 5901 orationis
1061 5853 1081 5901 0
1099 5877 1125 5886 -
1150 5865 1211 5900 nam
1227 5851 1289 5900 iilud
1305 5850 1376 5900 me:
1400 5863 1460 5899 nam
1477 5851 1511 5900 ad
1534 5850 1596 5900 iilud
1616 5851 1660 5914 A²;
1687 5866 1748 5903 nam
