4342 7459
829 1254 1066 1322 cmx-xa
1094 1250 1309 1340 §ses-as.
1692 1248 1733 1317 aa

407 1434 490 1492 earet
509 1426 647 1511 primum
669 1424 787 1490 animal
809 1445 921 1504 omne,
944 1427 1059 1491 deinde
1079 1426 1242 1490 hominem
1263 1425 1416 1499 maxime,
1438 1442 1521 1508 qnae
1535 1422 1583 1487 ris
1598 1428 1683 1487 esset
1700 1425 1735 1487 in

407 1521 570 1596 sensibus,
592 1541 688 1606 quem
710 1521 750 1585 ad
773 1519 904 1586 modum
926 1522 1060 1604 primum
1083 1522 1151 1584 risa
1172 1540 1230 1584 nos
1252 1520 1421 1605 pellerent,
1444 1517 1560 1580 deinde
1581 1518 1736 1601 adpetitio

407 1616 446 1680 ab
467 1615 517 1679 his
538 1614 632 1699 pulsa
647 1622 851 1700 sequeretur,
873 1623 940 1679 tum
956 1623 992 1678 ut
1006 1635 1119 1679 sensus
1134 1613 1175 1679 ad
1190 1635 1240 1678 res
1255 1612 1474 1699 percipiendas
1488 1611 1736 1677 intenderemus.

407 1711 495 1773 Mens
524 1710 611 1773 enim
641 1710 727 1793 ipsa,
757 1729 839 1793 quae
867 1730 1015 1772 sensuum
1042 1708 1116 1771 sons
1145 1716 1194 1771 est
1219 1716 1314 1791 atque
1337 1707 1430 1769 etiam
1451 1706 1522 1788 ipsa
1543 1728 1656 1773 sensus
1678 1715 1737 1782 est,

409 1804 583 1867 naturalem
614 1805 678 1868 vim
706 1803 819 1877 habet,
850 1823 946 1886 quam
974 1803 1112 1866 intendit
1140 1803 1180 1865 ad
1209 1822 1264 1876 ea,
1294 1801 1409 1884 quihus
1431 1807 1585 1863 movetur.
1627 1802 1761 1886 ltaqueo

409 1898 469 1961 alia
489 1899 558 1961 risa
579 1898 626 1961 sic
647 1897 773 1980 arripit,
801 1904 838 1959 ut
858 1897 899 1959 iis
921 1897 1027 1959 statim
1050 1903 1172 1971 utatur,
1199 1897 1263 1959 alia
1285 1894 1377 1978 quasi
1399 1893 1559 1966 recondit,
1581 1913 1599 1956 e
1622 1895 1739 1978 quibus

410 1992 560 2055 memoria
580 1993 689 2056 oritur.
727 1991 838 2054 Cetera
859 1996 965 2053 autem
987 1989 1248 2053 similitudinibus
1270 1987 1442 2063 construit,
1472 2008 1513 2051 ex
1536 1989 1649 2071 quibus
1671 1986 1739 2052 elli·

410 2086 533 2149 ciuntur
553 2085 687 2149 notitiae
708 2105 829 2159 rerum,
851 2104 931 2168 quas
954 2083 1064 2147 Graeci
1087 2091 1153 2148 tum
1175 2085 1314 2160 ἐννοίας,
1336 2091 1402 2147 tum
1417 2076 1601 2171 προλήψεις
1615 2087 1738 2146 vocant.

410 2181 455 2242 Eo
477 2201 550 2244 curn
571 2180 705 2245 accessit
726 2180 807 2243 ratio
830 2179 1072 2262 argumentique
1089 2178 1250 2242 conclusio
1271 2196 1441 2261 rerumque
1463 2176 1739 2240 innumerabilium

411 2273 592 2349 multitudo,
614 2280 682 2337 tum
704 2280 736 2336 et
757 2274 920 2356 perceptio
942 2292 1053 2335 eorum
1076 2273 1217 2335 omnium
1232 2280 1376 2356 apparet,
1399 2279 1432 2333 et
1445 2270 1555 2333 eadem
1574 2270 1652 2332 ratio
1668 2284 1777 2353 per-ro

410 2366 492 2431 secta
518 2367 569 2431 his
596 2366 746 2450 gradibus
776 2366 815 2430 ad
838 2367 1025 2449 sapientiam
1048 2367 1202 2447 pervenit.
1248 2361 1299 2430 3t.
1321 2365 1370 2427 Ad
1392 2383 1498 2427 rerum
1519 2364 1616 2447 igitur
1638 2366 1740 2428 scien·

412 2462 486 2524 tiam
507 2460 657 2544 vitaeque
679 2462 889 2523 constantiam
912 2460 1075 2543 aptissima
1098 2480 1170 2523 cum
1193 2460 1234 2523 sit
1255 2479 1345 2522 mens
1363 2458 1518 2533 bominis,
1541 2459 1742 2542 amplectitur

412 2554 548 2618 maxime
577 2554 808 2637 cognitionem,
840 2560 873 2617 et
900 2553 994 2618 istam
1016 2548 1222 2642 nataliaque,
1255 2572 1365 2636 quam,
1396 2552 1536 2627 uldini,
1568 2553 1740 2617 verbume

412 2648 507 2712 verbo
529 2648 763 2732 exprimentes,
786 2650 1050 2732 conprensionem
1072 2647 1232 2721 dicemus,
1254 2666 1326 2709 cum
1348 2647 1449 2729 ipsam
1471 2665 1528 2729 per
1549 2666 1583 2709 se
1602 2656 1742 2711 amat-

412 2741 492 2804 nihil
514 2743 598 2805 enim
620 2750 668 2805 est
690 2743 720 2805 ei
735 2744 876 2806 veritatis
898 2742 967 2806 luce
990 2742 1170 2805 dulcius-
1184 2749 1250 2805 tum
1265 2741 1359 2804 etiam
1373 2750 1503 2825 propter
1515 2761 1618 2804 nsum.
1653 2742 1780 2819 Quo-to

413 2835 494 2900 eirca
523 2845 556 2900 et
585 2835 733 2900 sensibus
754 2838 854 2900 utitur
875 2845 907 2900 et
928 2844 1011 2900 artes
1033 2835 1148 2910 efficit,
1179 2835 1269 2919 quasi
1291 2855 1403 2898 sensus
1424 2835 1556 2909 alteros,
1585 2844 1617 2900 et
1637 2856 1741 2921 usque

413 2948 451 2992 eo
474 2928 709 3014 philosophiam
731 2932 832 3013 ipsam
854 2931 1053 3005 corroborat,
1082 2938 1118 2994 ut
1140 2929 1289 2993 virtutem
1311 2926 1442 3003 efficiat,
1470 2948 1511 2991 ex
1532 2948 1596 3013 qua
1621 2951 1656 2995 re
1677 2951 1743 2996 una

413 3024 477 3086 rita
504 3025 607 3087 omnir
634 3032 709 3108 apta
738 3033 797 3089 est.
841 3027 925 3107 Ergo
954 3023 992 3099 ii,
1026 3026 1081 3107 qui
1108 3030 1225 3106 negant
1245 3022 1417 3106 quicquam
1438 3043 1532 3107 posse
1554 3025 1743 3108 conprendi,

413 3114 492 3180 baec
513 3117 583 3202 ipsa
604 3119 745 3200 eripiunt
767 3119 818 3182 vel
839 3121 1048 3184 instrumenta
1069 3118 1121 3182 vel
1143 3125 1327 3180 ornamenta
1341 3116 1440 3191 vitae,
1462 3117 1512 3180 vel
1526 3118 1634 3200 potius
1648 3120 1742 3183 etiam

415 3218 511 3273 lotam
534 3212 631 3274 vitam
654 3220 802 3276 evertunt
828 3209 971 3276 funditus
993 3213 1162 3296 ipsumque
1184 3208 1300 3274 animal
1320 3210 1433 3274 orbant
1453 3211 1576 3286 animo,
1605 3221 1641 3275 ut
1661 3209 1781 3276 diiii-ao

414 3301 473 3367 cilo
494 3305 537 3368 sit
560 3302 600 3368 de
623 3307 799 3371 temeritate
822 3326 947 3382 eorum,
968 3306 1102 3389 perinde
1124 3314 1160 3369 ut
1175 3323 1270 3369 causa
1284 3304 1439 3386 postulat,
1462 3304 1577 3368 dicere.
1612 3304 1664 3370 32.
1679 3309 1744 3372 Nec

415 3417 489 3462 rero
511 3399 587 3462 satis
609 3400 804 3464 constituere
826 3420 973 3484 possum,
997 3400 1085 3484 quod
1107 3399 1149 3461 sit
1162 3419 1274 3462 eorum
1288 3398 1456 3462 consilium
1473 3407 1528 3462 aut
1543 3400 1620 3482 qnid
1635 3401 1744 3467 velint.

414 3492 577 3558 lnterdum
599 3495 684 3557 enim
707 3515 780 3558 cum
801 3495 989 3559 adhibemus
1011 3493 1050 3556 ad
1073 3513 1130 3556 eos
1145 3495 1321 3558 orationem
1336 3492 1521 3555 eiusmodi:
1543 3495 1571 3557 si
1586 3515 1640 3571 ea,
1662 3518 1745 3581 qnae

415 3585 596 3669 disputent,
626 3606 703 3651 vera
723 3590 803 3664 sint,
836 3597 904 3653 tum
927 3588 1034 3652 omnia
1056 3585 1125 3650 lore
1145 3588 1282 3662 incerta,
1314 3584 1525 3670 respondent:
1557 3589 1644 3666 Quid
1667 3612 1744 3677 argo

415 3679 499 3745 istud
521 3680 562 3744 ad
584 3685 667 3745 nos‘l
689 3703 766 3746 num
787 3693 896 3748 nostra
917 3683 1012 3764 culpa
1033 3683 1104 3744 esti
1126 3689 1270 3745 naturam
1291 3700 1419 3755 accusa,
1441 3682 1572 3765 quaein
1587 3684 1784 3767 profundoso

415 3775 595 3850 raritatem,
617 3784 654 3839 ut
674 3776 720 3840 ait
740 3777 955 3850 Democritus,
978 3777 1105 3858 penitus
1126 3775 1322 3840 abstruserit.
1353 3774 1417 3838 Alii
1437 3783 1543 3839 autern
1559 3778 1745 3861 elegantius,

416 3867 471 3950 qui
492 3868 588 3931 etiam
610 3880 803 3954 queruntur,
827 3872 914 3957 quod
929 3891 986 3935 eos
1008 3870 1227 3934 insimulemus
1243 3869 1348 3933 omnia
1367 3868 1487 3932 incerta
1500 3869 1623 3947 dicere,
1645 3893 1748 3958 quan·

417 3967 548 4046 tumque
576 3962 705 4027 intersit
731 3965 815 4029 inter
841 3967 995 4032 incertum
1017 3973 1048 4027 et
1070 3964 1118 4038 id,
1149 3963 1235 4046 quod
1256 3963 1379 4046 percipi
1400 3982 1466 4026 non
1486 3967 1604 4047 possit,
1633 3966 1747 4032 docere

417 4065 573 4119 conantur
598 4076 701 4142 eaque
728 4060 934 4143 distinguere.
978 4059 1056 4123 Cum
1087 4059 1138 4122 bis
1167 4059 1264 4141 igitur
1284 4075 1430 4140 agamus,
1457 4058 1511 4140 qui
1534 4058 1612 4122 haec
1634 4059 1747 4126 distin·

418 4160 533 4233 guunt:
556 4151 642 4226 illos,
666 4153 721 4235 qui
744 4155 850 4218 omnia
872 4155 917 4217 sic
940 4154 1060 4216 incerta
1082 4153 1204 4227 dicunt,
1226 4162 1263 4216 ut
1283 4151 1446 4215 stellarum
1462 4172 1610 4218 numerus
1632 4176 1690 4238 par
1704 4163 1784 4219 an³⁰

419 4244 509 4329 inpar
530 4246 584 4320 sit,
607 4247 699 4330 quasi
723 4248 905 4331 desperatos
928 4249 1052 4331 aliquos
1074 4248 1302 4329 relinquamus.
1339 4247 1459 4310 Volunt
1480 4249 1565 4311 enim
1584 4280 1625 4295 -
1641 4248 1747 4312 ethoc

420 4340 549 4421 quidem
576 4340 628 4405 vel
657 4342 794 4405 maxime
821 4363 878 4405 vos
907 4342 1194 4406 animadvertebam
1224 4341 1408 4406 moveri-
1434 4342 1598 4425 probabile
1625 4343 1747 4426 aliquid

422 4452 489 4495 esse
517 4439 550 4495 et
572 4434 664 4516 quasi
692 4436 757 4498 veri
785 4436 905 4511 simile,
934 4456 1035 4521 eaque
1064 4458 1099 4500 se
1122 4437 1168 4500 uti
1190 4437 1299 4519 regula
1321 4445 1354 4502 et
1374 4438 1408 4501 in
1431 4439 1554 4520 agenda
1575 4439 1639 4503 vila
1662 4446 1693 4501 et
1713 4440 1748 4501 in

423 4528 602 4609 quaerendo
624 4549 660 4591 ac
682 4529 876 4594 disserendo.

503 4622 559 4684 xl.
580 4619 632 4686 33.
655 4624 744 4699 Quae
766 4626 828 4689 ista
848 4627 958 4708 regula
979 4632 1028 4689 cst
1052 4622 1130 4709 [veri
1151 4634 1182 4690 el
1195 4621 1297 4708 falsi],
1320 4628 1347 4690 si
1361 4626 1524 4690 notionem
1539 4628 1605 4694 veri
1620 4636 1651 4693 et
1665 4627 1785 4706 falsi,³⁵

485 4903 510 4953 2.
526 4904 639 4967 patmum
655 4904 767 4968 scripsi:
783 4905 871 4967 prima
886 4906 952 4963 Av;
968 4907 1052 4968 primo
1068 4907 1161 4970 444440
1179 4922 1212 4958 ex
1229 4907 1321 4958 Lamb.
1341 4908 1409 4957 coni.
1423 4933 1451 4943 -
1470 4920 1511 4958 cos
1528 4910 1620 4961 Lamb.
1641 4940 1668 4950 -
1688 4927 1747 4978 opp.

425 4976 472 5027 CO
487 5004 513 5014 -
532 4978 557 5028 4.
569 4979 622 5040 ipsa
637 4993 721 5030 sensae
732 4981 849 5040 Ernesti3
868 4986 895 5032 at
905 4995 930 5031 v.
945 4984 1016 5033 Sext.
1029 4983 1105 5047 Emp.
1120 4984 1173 5044 Vll,
1192 4983 1277 5047 §aaa
1297 4981 1362 5033 Plut.
1375 4982 1410 5032 de
1421 4981 1488 5047 plac.
1503 4983 1598 5048 philos.
1611 4987 1654 5049 lv,
1665 4988 1706 5039 23.
1719 5016 1748 5029 -

424 5052 448 5102 6.
465 5054 496 5102 iis
511 5053 545 5103 C:
568 5054 643 5105 44εο
663 5083 690 5093 -
712 5058 796 5105 statim
812 5062 900 5106 alaim
916 5059 952 5117 A,
972 5056 1021 5107 sed
1037 5072 1088 5106 mu
1105 5059 1129 5107 in
1148 5072 1201 5108 ras.
1223 5084 1250 5095 -
1273 5058 1326 5107 alia
1343 5059 1415 5120 quasi
1433 5058 1532 5109 Faber:
1556 5062 1643 5124 aliqua
1660 5066 1695 5114 sic
1712 5067 1748 5128 C;

425 5129 509 5191 aliqua
526 5129 546 5178 0
565 5155 592 5164 -
611 5132 725 5180 racundit
741 5129 772 5181 A¹
790 5157 816 5166 -
836 5133 861 5182 4.
879 5137 961 5182 cetera
977 5134 1000 5181 V
1017 5145 1053 5182 m.
1071 5135 1088 5182 2
1105 5135 1131 5182 in
1149 5147 1234 5197 marg.
1255 5160 1282 5168 -
1301 5135 1420 5183 construit
1438 5136 1457 5184 C
1477 5136 1533 5195 (sed
1551 5140 1571 5187 A
1588 5141 1641 5188 ruit
1657 5141 1683 5191 ln
1695 5154 1748 5192 ras.

425 5204 526 5266 habeti:
545 5207 670 5255 contudit
681 5206 726 5255 v0
739 5232 766 5242 -
780 5209 805 5257 8.
817 5221 906 5257 mosas
921 5213 974 5257 tam
987 5208 1166 5270 prolempaiaC
1181 5236 1208 5245 -
1223 5211 1263 5259 40.
1277 5222 1365 5259 aarum
1381 5209 1481 5260 mavult
1492 5212 1594 5271 Christ.
1612 5215 1646 5265 cl.
1660 5220 1750 5267 tamen

426 5278 454 5341 85
471 5278 501 5330 43
519 5282 546 5329 et
563 5281 604 5330 62.
624 5307 651 5317 -
671 5282 711 5331 40.
727 5282 841 5344 prolecta
858 5284 989 5332 Manutius
1008 5309 1034 5317 -
1055 5286 1096 5333 44.
1115 5285 1137 5332 ia
1152 5288 1173 5334 A
1193 5310 1220 5321 -
1241 5286 1280 5336 43.
1299 5287 1460 5349 catalcmpsia
1477 5289 1541 5348 AB,
1560 5291 1751 5341 catadcraaiav

427 5380 453 5389 -
471 5355 569 5404 uldini
586 5357 678 5405 Guieto
696 5354 782 5418 glossa
800 5356 948 5407 videbatur.
970 5384 996 5393 -
1021 5358 1061 5408 tl.
1079 5360 1184 5408 dicimur
1201 5359 1293 5410 Lamb.
1314 5386 1342 5398 -
1359 5369 1463 5424 propter
1479 5377 1504 5412 aa
1520 5366 1588 5414 coni.
1608 5365 1701 5415 Lamb.
1720 5391 1748 5402 —

426 5430 464 5479 44.
482 5436 516 5480 cst
532 5433 599 5480 caim
615 5432 636 5480 0
650 5455 677 5465 -
696 5432 802 5482 dilacius
813 5431 856 5492 V¹,
875 5433 1006 5483 dilucidius
1017 5429 1049 5481 44ἱ
1061 5459 1089 5470 -
1109 5435 1149 5483 li.
1167 5447 1195 5483 ra
1212 5439 1319 5486 auctore
1331 5437 1451 5487 Erneslio
1463 5436 1515 5488 del.
1529 5438 1708 5490 lluelsemann
1719 5468 1752 5478 —

426 5504 465 5554 48.
482 5511 516 5554 cal
532 5506 644 5568 scripsi:
663 5506 695 5556 att
711 5508 790 5557 CO·
809 5507 844 5555 bii
855 5509 886 5565 A,
904 5508 929 5556 bi
946 5509 965 5558 B
977 5508 1027 5557 VO
1041 5534 1069 5544 -
1088 5508 1129 5558 23.
1148 5509 1287 5560 buiuoaodi
1299 5512 1332 5570 0;
1350 5514 1378 5561 al
1389 5512 1422 5562 cl.
1439 5512 1542 5576 iladvig
1558 5513 1592 5563 ad
1609 5513 1626 5564 l.
1640 5515 1674 5565 de
1686 5515 1750 5567 tinn.

426 5576 452 5627 b.
465 5582 491 5628 et
507 5592 543 5630 rn.
556 5579 590 5628 lv
608 5580 675 5643 stt.
688 5609 721 5620 -
738 5582 779 5634 24.
793 5584 915 5646 disputant
928 5584 1029 5635 Christ:
1048 5585 1205 5647 disputentur
1221 5587 1271 5636 CO
1285 5612 1312 5622 -
1330 5600 1395 5636 uera
1410 5589 1520 5637 conciat
1531 5586 1561 5638 n²
1573 5617 1600 5627 -
1619 5591 1659 5639 25.
1673 5604 1754 5642 seusa

426 5652 446 5701 l'
465 5681 492 5692 -
510 5655 552 5706 26.
568 5656 683 5717 pocnllas
698 5660 719 5707 A
739 5683 765 5693 -
785 5658 917 5709 adusserit
933 5660 953 5708 B
971 5685 998 5694 —
1018 5660 1152 5723 aliquoties
1168 5663 1199 5710 A¹
1213 5688 1240 5697 —
1259 5662 1299 5711 ti.
1313 5669 1471 5723 quaeram
1486 5666 1508 5713 A
1521 5689 1548 5699 -
1567 5664 1608 5713 28.
1626 5668 1752 5717 certamb

427 5753 454 5763 -
471 5728 511 5778 29.
530 5735 640 5779 conatur
655 5732 685 5781 B¹
702 5757 729 5768 -
755 5734 909 5798 destinarem
925 5738 946 5785 A
965 5761 991 5771 -
1010 5737 1049 5785 his
1065 5737 1100 5787 C:
1122 5737 1204 5797 4464,
1227 5737 1258 5786 iis
1275 5733 1334 5788 ⁶²0
1352 5763 1380 5774 ·-
1399 5740 1535 5801 delinquat
1552 5741 1601 5789 AB
1621 5767 1648 5777 -
1667 5742 1708 5792 30.
1726 5749 1755 5793 ut

426 5814 477 5854 om.
490 5801 520 5854 b*
539 5831 566 5841 -
585 5804 626 5855 34.
645 5807 782 5870 malm
797 5809 900 5871 aliquod
916 5810 945 5860 1³¹
958 5835 986 5846 -
1006 5810 1046 5862 33.
1069 5812 1298 5863 animadvertebam
1313 5826 1357 5863 cos
1372 5814 1437 5864 0-
1454 5814 1494 5863 33.
1513 5826 1572 5863 uera
1587 5814 1667 5865 simila
1683 5817 1713 5867 Α1
1723 5817 1754 5866 ll¹

427 5901 454 5914 -
472 5889 577 5940 mque
591 5894 618 5932 aa
632 5883 671 5931 uti
686 5885 772 5946 (secuti
789 5887 868 5946 corr.)
885 5886 1000 5950 requam
1017 5887 1038 5936 V
1058 5912 1085 5924 -
1110 5899 1135 5939 sc
1155 5888 1175 5937 B
1194 5900 1254 5952 sup.
1272 5886 1317 5938 liu.
1337 5912 1365 5925 -
1390 5889 1431 5939 344.
1449 5888 1502 5939 cart
1519 5893 1543 5939 el
1557 5888 1616 5951 salal
1633 5891 1753 5955 spurium

426 5964 486 6005 ease
502 5954 567 6006 vidit
582 5956 675 6009 bamb.
694 5984 721 5995 -
740 5960 900 6014 mtbtionaa
914 5960 946 6012 V.
