4342 7459
687 1273 757 1338 uo.
781 1271 822 1337 rs
849 1270 924 1337 co.
945 1261 1221 1335 xxxix-xci.
1248 1267 1295 1352 §s
1317 1264 1462 1341 ea-ss.
1680 1262 1744 1332 sss

412 1434 714 1522 «praerogativam,
746 1450 842 1495 omen
872 1432 1097 1496 comitiorum»
1143 1430 1206 1495 hoc
1241 1437 1290 1494 est
1323 1431 1427 1514 ipsam
1463 1447 1534 1495 esse
1567 1435 1676 1494 contra
1708 1450 1743 1493 se

409 1531 576 1615 copiosum
605 1535 639 1593 et
667 1527 830 1591 disertum.
879 1526 1015 1603 Quando
1044 1528 1129 1590 enim
1157 1527 1219 1589 ista
1246 1525 1418 1589 observans
1445 1525 1554 1609 quieto
1583 1530 1616 1587 et
1642 1521 1744 1588 libero

410 1624 516 1688 animo
539 1641 610 1687 esse
633 1622 762 1706 poteris,
784 1629 820 1683 ut
841 1620 881 1684 ad
902 1640 970 1685 rem
991 1619 1164 1704 gerendam
1178 1638 1244 1683 non
1258 1615 1514 1702 superstitionem
1527 1618 1665 1694 babeas,
1687 1617 1745 1682 sed

407 1720 564 1783 rationem
587 1718 724 1782 ducem?
767 1716 879 1780 Itanet
922 1715 957 1778 Si
979 1715 1052 1798 quis
1074 1714 1194 1799 aliquid
1215 1733 1257 1777 ex
1279 1734 1338 1777 sua
1358 1731 1393 1777 re
1415 1720 1512 1798 atque
1534 1732 1575 1777 ex
1597 1732 1655 1778 suo
1679 1731 1745 1778 ser·

408 1833 501 1878 mone
523 1813 656 1886 dixerit,
687 1818 720 1874 et
741 1810 811 1873 eius
832 1809 963 1873 verbum
992 1807 1124 1893 aliquod
1150 1815 1225 1899 apte
1246 1807 1399 1872 occiderit
1419 1805 1459 1871 ad
1481 1808 1531 1883 id,
1561 1807 1647 1892 quod
1669 1825 1768 1891 apess

411 1914 465 1970 aut
487 1904 649 1990 cogitabis,
673 1923 710 1969 aa
732 1924 783 1968 res
805 1903 864 1968 tibi
885 1911 942 1967 aut
962 1903 1108 1967 timorem
1130 1901 1252 1967 adseret
1269 1910 1324 1966 aut
1342 1901 1561 1966 alacritatamt
1591 1896 1643 1964 si.
1666 1900 1744 1982 Cum

409 2003 451 2065 hl.
467 1999 601 2064 Crassus
624 1999 802 2064 exercitum
817 1996 966 2063 Brundisi
987 1999 1164 2082 inponeret,
1185 1996 1315 2080 quidam
1336 1996 1371 2059 io
1392 2004 1487 2081 portu
1501 1994 1619 2059 caricas
1634 1993 1744 2058 Cauno

410 2095 558 2159 advectas
581 2093 723 2158 vendens
747 2093 929 2157 Cauneas
949 2091 1141 2156 clamitabat
1172 2089 1331 2165 Dicamus,
1353 2091 1381 2155 si
1402 2090 1507 2175 placet
1527 2089 1682 2153 monitum
1703 2086 1744 2152 ab

410 2207 449 2252 eo
466 2188 614 2252 Crassum
637 2184 795 2251 careret
814 2206 861 2250 ne
883 2186 979 2262 iret;
1001 2177 1066 2249 non
1088 2182 1189 2247 inisse
1211 2185 1397 2267 periturum,
1420 2184 1447 2248 si
1462 2184 1560 2248 omini
1573 2183 1744 2268 paruisset

411 2281 502 2358 Quae
524 2281 551 2346 si
574 2282 802 2365 suscipiamus,
823 2280 917 2365 pedis
938 2280 1074 2344 offensio
1096 2279 1188 2342 nobis
1210 2286 1243 2343 et
1264 2278 1413 2363 abruptio
1434 2277 1592 2361 corripias
1612 2284 1645 2341 at
1666 2284 1783 2346 seco

411 2383 562 2439 nnmenta
585 2382 680 2439 erunt
700 2374 909 2439 observanda.
1050 2380 1053 2384 ’

496 2469 580 2533 xii.
608 2467 660 2531 85.
691 2469 798 2532 Sortes
821 2475 941 2532 restant
962 2473 994 2531 et
1015 2464 1189 2542 Chaldaei,
1218 2474 1256 2531 ut
1283 2466 1324 2531 ad
1352 2470 1439 2531 rates
1460 2466 1625 2532 veniamus
1651 2475 1684 2532 et
1704 2466 1746 2531 ad

412 2564 545 2628 somnia.
588 2562 766 2627 Dicendum
799 2563 897 2645 igitur
926 2568 1020 2646 putas
1053 2560 1094 2624 de
1126 2560 1290 2625 sortibust
1334 2559 1419 2637 Quid
1452 2560 1538 2625 enim
1571 2579 1641 2626 sors
1671 2564 1746 2628 esti

412 2657 500 2722 Idem
522 2656 765 2742 propemodum,
787 2654 875 2739 quod
897 2656 1025 2731 micare,
1046 2653 1133 2736 quod
1154 2654 1235 2718 talos
1256 2654 1370 2729 iacere,
1395 2652 1483 2738 quod
1504 2662 1652 2729 testem,
1674 2656 1748 2743 qui-

410 2753 469 2816 bus
491 2752 526 2816 in
549 2752 644 2815 rebus
665 2751 826 2815 temeritas
848 2757 881 2815 et
902 2765 1010 2825 casus,
1032 2768 1096 2813 nou
1117 2747 1198 2812 ratio
1213 2768 1273 2813 nec
1288 2749 1459 2814 eonsilium
1474 2749 1566 2814 valet
1599 2751 1679 2816 Tota
1694 2765 1784 2819 ηοω

412 2853 461 2912 est
482 2846 613 2911 inventa
633 2843 767 2909 tuiaciis
788 2852 843 2909 aut
864 2841 904 2908 ad
927 2851 1095 2929 quaestum
1117 2850 1173 2907 aut
1193 2842 1235 2907 ad
1255 2843 1513 2926 superstitionem
1534 2844 1644 2908 autad
1659 2865 1747 2912 erro·
1790 2852 1799 2859 '

411 2959 488 3006 rem.
521 2943 642 3025 Atque,
664 2949 701 3003 ut
721 2940 756 3003 in
776 2939 981 3023 haruspicina
1002 2936 1153 3011 iacimus,
1172 2938 1219 3001 sio
1232 2935 1396 3002 rideamus
1411 2936 1664 3004 clarissumarum
1679 2957 1747 3007 sor·

413 3034 493 3097 tium
528 3054 610 3119 qnae
644 3034 786 3098 tradatur
817 3033 969 3098 inventio.
1029 3035 1215 3096 Numerium
1247 3029 1436 3096 Suffustium
1467 3034 1747 3100 Praenestinorum

412 3136 616 3191 monumenta
638 3126 800 3191 declarant
820 3129 987 3191 honestum
1008 3125 1172 3190 bominem
1193 3133 1226 3188 et
1247 3124 1385 3190 nobilem
1407 3126 1539 3190 somniis
1553 3123 1691 3204 crebris,
1704 3128 1745 3193 ad

412 3229 589 3286 orhemum
610 3222 706 3286 etiam
728 3221 905 3285 minacibus
927 3239 998 3284 cum
1019 3219 1183 3284 iuberetur
1203 3226 1291 3284 carto
1312 3219 1347 3281 iu
1368 3217 1441 3282 loco
1463 3218 1586 3284 silicem
1603 3221 1785 3299 caederent

413 3316 615 3401 perterritam
638 3316 714 3380 visis
734 3315 941 3379 irridentibus
962 3315 1029 3378 suis
1050 3314 1173 3378 civibus
1194 3313 1230 3378 id
1251 3331 1347 3397 agere
1369 3314 1532 3399 coepisse;
1554 3314 1662 3400 itaque
1677 3333 1748 3401 per·

412 3410 513 3474 fracto
551 3429 630 3474 saro
668 3411 764 3474 sortis
801 3409 945 3493 erupisse
972 3410 1006 3474 in
1035 3409 1150 3473 robore
1177 3409 1352 3492 insculptas
1373 3409 1550 3492 priscarum
1570 3410 1747 3477 litterarum

412 3504 506 3568 notis.
535 3503 566 3567 Is
587 3512 638 3568 est
658 3504 752 3568 bodie
774 3504 863 3568 locus
885 3512 1013 3589 saeptus
1027 3502 1176 3587 religiose
1191 3509 1322 3587 propter
1335 3501 1420 3567 loris
1434 3503 1536 3586 pueri,
1552 3503 1609 3587 qui
1623 3505 1747 3572 lacteus

413 3617 485 3662 cum
505 3600 628 3662 lunone
649 3599 809 3663 Fortunae
838 3598 873 3662 in
902 3598 1022 3681 premio
1050 3597 1166 3661 sedens
1194 3613 1362 3660 mammam
1388 3594 1543 3679 adpetens
1570 3599 1747 3664 castissime

413 3689 530 3755 colitur
556 3710 575 3754 a
602 3692 765 3758 matribus.
808 3689 861 3756 86.
889 3691 1076 3775 Eodemque
1103 3700 1245 3775 tompore
1272 3690 1307 3753 in
1327 3708 1367 3753 eo
1389 3689 1480 3765 loco,
1506 3691 1565 3755 ubi
1586 3693 1785 3758 Fortunam

413 3806 498 3850 nunc
521 3793 569 3851 est
590 3787 696 3862 sedes,
712 3788 775 3852 mel
791 3807 832 3850 ex
847 3786 918 3850 olea
932 3786 1064 3850 duxisse
1079 3784 1208 3860 dicunt,
1222 3784 1475 3868 haruspicesque
1490 3784 1610 3850 dlxisse
1625 3797 1747 3853 summa

412 3879 577 3944 nobilitate
604 3880 676 3944 illas
703 3882 799 3945 sortis
827 3881 967 3955 iuturus,
999 3895 1176 3963 eorumque
1198 3879 1287 3942 iussu
1316 3895 1357 3942 ex
1377 3877 1433 3941 illa
1454 3877 1527 3943 olea
1547 3895 1653 3945 arcam
1676 3900 1747 3945 esse

413 3972 542 4050 iactam,
571 3992 676 4057 coque
705 3974 850 4039 conditas
879 3975 991 4049 sortis,
1021 3992 1104 4058 quae
1129 3972 1227 4036 hodie
1250 3974 1408 4036 Fortunas
1435 3971 1559 4061 monitu
1580 3973 1746 4038 tolluntur.

413 4066 499 4143 Quid
521 4067 619 4150 igitur
640 4067 672 4132 in
695 4067 733 4131 iis
757 4087 828 4132 esse
850 4075 955 4152 potest
982 4067 1074 4142 certi,
1105 4084 1189 4150 quae
1210 4068 1368 4131 Fortunae
1390 4068 1514 4131 monitu
1536 4069 1628 4152 pueri
1648 4081 1747 4133 mana

412 4161 587 4225 miscentur
609 4168 706 4245 atqua
728 4163 911 4226 docuntur?
939 4180 1004 4245 quo
1026 4159 1121 4225 modo
1143 4169 1248 4225 autem
1269 4162 1351 4227 istae
1372 4161 1497 4246 positae
1519 4161 1553 4225 in
1574 4162 1629 4226 illo
1650 4163 1784 4227 lotottc

413 4254 486 4337 qais
508 4254 607 4318 robur
627 4256 706 4319 illud
728 4254 863 4331 cecidit,
886 4257 1021 4330 dolavit,
1043 4254 1234 4338 inscripsit?
1275 4255 1361 4319 Nihil
1385 4261 1446 4330 est,
1468 4256 1636 4339 inquiunt,
1658 4256 1745 4341 quud

413 4348 492 4411 deus
515 4348 641 4413 allicere
663 4372 727 4414 non
749 4352 862 4435 possit.
905 4351 1030 4414 Utinam
1054 4350 1207 4433 sapientis
1229 4350 1355 4413 Stoicos
1378 4350 1549 4426 effecisset,
1575 4371 1616 4415 ne
1638 4352 1747 4416 omnia

413 4464 485 4507 cum
513 4444 734 4527 superstitiosa
763 4444 978 4509 sollicitudine
1008 4453 1040 4508 et
1067 4443 1197 4507 miseria
1219 4444 1403 4508 crederentl
1448 4443 1512 4507 Sed
1534 4444 1595 4509 boc
1618 4446 1746 4530 quidem

413 4556 514 4619 paam
542 4536 747 4602 divinationis
777 4539 841 4602 rita
870 4539 932 4602 iam
962 4539 1140 4602 communis
1170 4537 1323 4621 explosit.
1378 4537 1456 4601 Fani
1484 4538 1686 4622 pulchritudo
1715 4545 1747 4603 et

413 4637 553 4694 vetustas
576 4632 849 4696 Praenestinarum
872 4632 966 4696 etiam
989 4652 1074 4695 nunc
1097 4632 1213 4696 retinet
1235 4631 1369 4696 sortium
1390 4651 1519 4708 nomen,
1540 4640 1638 4718 atque
1656 4634 1689 4697 id
1712 4633 1783 4697 iuss

411 4723 533 4807 volgus.
576 4721 628 4788 87.
653 4725 734 4802 Quis
756 4725 842 4789 enim
864 4727 1064 4810 magistratus
1094 4733 1149 4790 sut
1175 4726 1248 4811 quis
1277 4727 1326 4791 vir
1346 4725 1514 4791 inlustrior
1533 4727 1633 4792 utitur
1654 4728 1748 4793 sorti·

412 4816 497 4880 basi
529 4818 644 4883 ceteris
671 4838 746 4884 vero
773 4820 807 4883 in
833 4820 914 4885 locis
943 4829 1044 4886 sortes
1065 4820 1161 4906 plane
1183 4819 1387 4885 refrixeramt.
1433 4821 1529 4898 Quod
1552 4822 1747 4888 Carneadem

478 5089 1200 5155 t.prosropattsssaB¹-omosash‚sedoiurss.
1222 5117 1250 5129 —
1275 5091 1548 5145 conosetmoa-
1571 5095 1746 5146 tiliav-

412 5163 437 5215 3.
454 5166 656 5228 apostiotoosm
673 5169 694 5216 il
715 5192 741 5203 -
766 5168 791 5217 o.
810 5171 834 5218 at
849 5168 902 5218 sisa
912 5194 951 5207 --
962 5179 993 5219 so
1008 5180 1049 5217 rss
1069 5166 1112 5218 bis
1129 5168 1274 5231 scriptum,
1297 5167 1347 5218 sed
1364 5166 1478 5219 alterum
1495 5167 1614 5223 deletum
1631 5173 1675 5222 est
1690 5173 1748 5225 iuli

415 5239 532 5291 -lort.:
553 5242 807 5305 paodtpscoass-
830 5242 1457 5305 s.snosissv0-ooiaamexoon.s-
1482 5244 1697 5298 easmcmssc
1718 5273 1746 5286 -

412 5314 437 5364 9.
455 5329 506 5365 soa
521 5314 605 5380 mbas]
622 5316 744 5378 confirmo
760 5318 800 5380 it
819 5317 952 5380 metasset
966 5317 1039 5369 A²-
1057 5319 1080 5368 st
1097 5319 1165 5369 onos
1181 5320 1283 5383 opsono
1299 5318 1370 5369 sobta
1385 5316 1417 5368 V¹
1431 5343 1459 5356 -
1478 5319 1518 5369 tt.
1531 5321 1746 5373 ammiod:

412 5396 609 5442 sensimus
626 5392 647 5441 0
666 5417 693 5428 -
717 5393 757 5442 so.
776 5396 822 5442 ost
837 5390 1040 5456 murcidum
1056 5395 1088 5443 Αι
1107 5417 1135 5430 -
1158 5394 1198 5444 47.
1217 5399 1245 5444 st
1261 5405 1320 5458 sup.
1339 5391 1383 5443 liu.
1402 5393 1423 5443 Α
1442 5419 1470 5430 -
1494 5395 1534 5445 43.
1553 5396 1698 5459 maiomam
1713 5395 1746 5459 V,

413 5465 751 5530 Sammmumbinaso
776 5492 804 5505 -
829 5468 1003 5519 ἥπτετο
1025 5494 1059 5505 -
1084 5468 1244 5531 murell
1265 5490 1292 5504 -··
1319 5464 1539 5530 issoatpsisw-
1567 5469 1747 5522 ittam·-

413 5540 536 5591 oratn'bsa
552 5539 749 5606 interpolatoris
766 5542 905 5594 cuiusdam
923 5543 1135 5595 additamentum
1153 5555 1215 5595 essa
1230 5540 1372 5593 videbatur
1383 5541 1480 5603 (lisoio,
1498 5541 1569 5594 bene
1587 5543 1622 5595 ilii
1633 5544 1747 5599 mlhtsto

414 5627 430 5664 a
447 5615 600 5666 Foertschlo
617 5614 634 5666 l.
648 5614 664 5666 Ι.
679 5616 732 5679 ps
750 5641 777 5652 -
803 5617 844 5666 ti.
862 5616 988 5667 estilota
1005 5620 1033 5668 et
1049 5616 1167 5681 iladvig:
1191 5619 1224 5670 ait
1240 5618 1274 5679 C,
1298 5618 1349 5667 atto
1365 5616 1505 5678 Pithoeus,
1527 5620 1576 5670 atta
1592 5625 1628 5671 ast
1643 5622 1748 5675 lienus

414 5688 447 5747 0;
465 5691 515 5740 sito
531 5692 604 5741 ssdss
619 5694 655 5740 eat
672 5689 816 5742 Lambinus
833 5713 862 5729 -
883 5692 935 5742 etse
947 5692 979 5742 V¹
992 5715 1021 5730 -
1039 5705 1165 5743 manem
1175 5692 1207 5742 bs
1220 5718 1247 5729 -
1265 5692 1306 5742 37.
1319 5690 1447 5741 misisse
1458 5688 1576 5756 Erlsog.:
1594 5694 1749 5749 mousom

415 5763 482 5814 C—
501 5771 578 5816 sortes
594 5766 614 5815 0
633 5790 660 5801 -
679 5766 846 5816 sutiam:
864 5764 902 5815 its
918 5767 1003 5819 urvo
1018 5794 1045 5806 -
1061 5765 1296 5830 ootsssssovo-
1316 5765 1357 5816 30.
1371 5765 1534 5815 daccotwiv
1548 5792 1575 5803 -
1594 5768 1749 5834 aesopus-

414 5842 450 5888 tsr
465 5840 552 5891 A¹ll0
571 5865 599 5878 -
619 5840 660 5891 33.
678 5842 884 5904 semimares
902 5845 930 5892 et
944 5843 983 5893 sic
1000 5843 1056 5895 iere
1074 5854 1184 5907 semper
1196 5863 1224 5878 -
1243 5840 1284 5891 33.
1296 5844 1416 5891 mosim
1427 5840 1469 5902 Vt,
1486 5840 1560 5905 qood
1571 5843 1677 5896 Davisio
1694 5857 1748 5900 nou

415 5911 561 5978 duplicem
580 5918 609 5965 ta
626 5916 659 5966 ei.
677 5917 689 5965 l
706 5915 765 5981 533
785 5942 812 5954 -
831 5915 872 5967 33.
889 5917 982 5980 astam
997 5918 1063 5968 Avo
1082 5941 1109 5954 ··
1129 5917 1169 5968 37.
1184 5916 1252 5967 sear
1265 5920 1359 5968 m
1374 5916 1441 5967 tucos
1455 5913 1570 5981 intellige
1587 5919 1748 5984 praescium

414 5985 517 6038 missa
532 5985 579 6039 abt
594 5988 722 6044 roim
736 5989 849 6044 Mass
865 5988 1040 6054 celebratum
1063 6003 1090 6043 v.
1107 5990 1241 6058 lmcrlptt.
1259 6000 1336 6044 mm
1351 5990 1408 6044 bat.
1420 5992 1452 6045 it.
1462 5990 1527 6045 4333
1543 6003 1605 6059 sqq.
1630 5994 1747 6049 bardum
