4342 7459
736 1263 803 1330 Lm.
817 1266 871 1329 ΠΙ.
905 1264 979 1330 Car.
993 1266 1177 1331 vni-lx.
1206 1263 1252 1348 §S
1269 1260 1415 1329 i7-22.
1669 1251 1731 1328 itti

407 1446 479 1490 cum
509 1432 593 1488 esset
620 1424 682 1489 cito
710 1421 874 1507 ablegatus
903 1432 1062 1508 tamquam
1090 1445 1131 1487 ex
1158 1446 1204 1488 xri
1226 1424 1340 1488 tabulis
1363 1424 1496 1507 insignis
1518 1423 1557 1487 ad
1582 1421 1734 1488 deformi·

408 1528 503 1584 tatem
526 1539 616 1603 puer,
640 1519 727 1582 brevi
751 1526 893 1601 tempore
914 1521 1022 1582 nescio
1045 1540 1110 1602 quo
1132 1529 1224 1601 pacto
1239 1527 1399 1582 recreatus
1422 1518 1587 1603 multoque
1602 1520 1732 1582 taetrior

408 1623 440 1677 et
462 1613 588 1676 foedior
608 1620 736 1675 renatus
759 1620 816 1674 eet.

492 1708 547 1768 lX.
571 1705 655 1782 Quid
678 1706 762 1768 enim
785 1706 839 1768 ille
861 1727 924 1768 non
949 1707 1070 1770 edidit?
1093 1708 1148 1789 qui
1171 1706 1317 1789 primum,
1338 1713 1374 1769 ut
1394 1707 1492 1789 impio
1515 1707 1643 1789 dignum
1662 1706 1733 1782 tuit,

409 1802 549 1884 patribus
573 1820 697 1863 omnem
721 1798 871 1864 bonorem
894 1801 1020 1883 eripuit,
1043 1802 1149 1863 omnia
1171 1800 1278 1862 infima
1301 1800 1431 1863 summis
1454 1802 1541 1883 paria
1562 1801 1651 1875 fecit,
1668 1810 1757 1864 tur-t

408 1895 508 1968 berit,
536 1894 681 1956 miscuit:
712 1915 782 1957 cum
805 1895 980 1957 addixisset
1001 1895 1180 1976 principum
1203 1895 1406 1977 gravitatem,
1433 1915 1606 1980 numquam
1629 1904 1733 1959 tamen

409 1988 600 2070 conquievit.
655 1984 706 2049 20.
738 1990 879 2070 Namque
909 1997 943 2050 ut
966 1988 998 2051 C.
1023 1989 1211 2051 Flaminium
1239 1997 1335 2071 atque
1362 2008 1416 2062 ea,
1446 2008 1527 2071 quae
1550 1990 1612 2051 iam
1634 1988 1734 2072 prisca

409 2082 558 2145 videntur
587 2090 716 2164 propter
744 2090 951 2155 vetustatem,
985 2081 1178 2165 relinquam,
1209 2082 1287 2165 quid
1316 2083 1394 2145 iuris
1416 2083 1508 2146 bonis
1530 2083 1606 2146 viris
1627 2083 1734 2145 'l'iberi

410 2176 542 2238 Gracchi
565 2176 743 2238 tribunatus
764 2175 917 2258 reliquit?
947 2176 1005 2237 etsi
1029 2176 1247 2260 quinquennio
1269 2185 1341 2238 ante
1363 2176 1525 2239 Decimum
1549 2178 1680 2239 Brutum
1703 2183 1735 2239 et

410 2273 441 2333 P.
458 2270 641 2352 Scipionem
663 2268 809 2331 consules
831 2303 869 2313 -
894 2289 974 2353 quos
996 2277 1028 2330 et
1050 2279 1187 2354 quantos
1210 2270 1313 2332 virosi
1338 2302 1379 2316 -
1404 2270 1501 2333 bomo
1524 2271 1664 2334 omnium
1687 2272 1772 2334 in·i0

410 2360 500 2427 limus
530 2371 562 2426 et
590 2362 846 2435 sordidissimus,
884 2364 1028 2425 tribunus
1057 2363 1101 2445 pl.
1130 2364 1163 2426 C.
1188 2363 1345 2426 Curiatius
1374 2365 1406 2427 in
1435 2364 1561 2427 vincula
1590 2366 1734 2439 coniecit,

411 2456 498 2541 quod
521 2456 732 2520 antefactum
755 2476 819 2517 non
843 2465 921 2519 erat.
968 2456 1000 2519 C.
1023 2477 1099 2520 vero
1121 2457 1253 2520 Gracchi
1276 2458 1453 2521 tribunatus
1475 2458 1515 2521 iis
1537 2460 1627 2534 sicis,
1656 2478 1735 2543 quaa

410 2551 478 2635 ipse
500 2571 535 2613 se
556 2552 727 2634 proiecisse
749 2550 782 2610 in
806 2548 908 2612 iorum
932 2550 1028 2624 dixit,
1057 2551 1174 2631 quibus
1203 2549 1451 2632 digladiarentur
1480 2552 1563 2615 inter
1584 2574 1619 2616 sc
1639 2554 1735 2628 cives,

411 2664 516 2707 nonne
539 2664 663 2707 omnem
685 2644 732 2705 rei
755 2644 900 2724 publicae
923 2653 1037 2706 statum
1062 2646 1274 2725 permutavit?
1308 2645 1391 2719 Quid
1413 2646 1475 2709 inm
1498 2646 1538 2709 de
1554 2647 1735 2721 Saturnino,

412 2739 571 2821 Sulpicio,
600 2738 734 2818 reliquis
762 2737 887 2799 dicam‘l
926 2758 1006 2820 quos
1037 2758 1075 2801 ne
1106 2738 1264 2821 depellere
1295 2741 1423 2825 quidem
1453 2760 1471 2804 a
1499 2761 1533 2804 se
1560 2742 1629 2804 sine
1650 2740 1772 2803 ferrato

411 2833 515 2915 potuit
542 2851 592 2894 res
622 2830 758 2913 publica.
824 2827 875 2891 ii.
918 2832 981 2894 Cur
1010 2842 1114 2894 autem
1146 2841 1201 2895 aut
1228 2842 1334 2897 vetera
1362 2843 1417 2897 aut
1445 2833 1549 2897 aliene
1576 2833 1734 2918 proferam

411 2926 517 3008 potius
539 2944 635 3007 quam
658 2932 690 2987 et
712 2930 819 2985 nostra
842 2934 874 2987 et
895 2926 1055 2988 recentia?
1096 2925 1175 2999 Quis
1198 2946 1347 3010 :umquam
1371 2936 1434 2990 tam
1456 2927 1570 3002 audax,
1594 2936 1656 2990 tam
1679 2947 1736 2990 no-

410 3020 459 3080 bis
481 3019 627 3081 inimicus
649 3018 776 3090 inisset,
806 3026 841 3080 ut
863 3021 1015 3101 cogitaret
1036 3039 1185 3103 umquam
1209 3022 1248 3083 de
1270 3029 1353 3083 statu
1377 3029 1484 3084 nostro
1506 3021 1735 3094 labefactando,

411 3114 472 3175 nisi
496 3132 675 3175 mucronem
705 3111 843 3193 aliquem
874 3113 1076 3175 tribunicium
1100 3116 1279 3177 exacuisset
1299 3116 1332 3177 in
1355 3117 1436 3178 nost
1467 3135 1560 3198 quem
1584 3136 1655 3178 cum
1677 3116 1737 3178 ho·

412 3208 512 3269 mines
542 3206 685 3269 scelerati
714 3226 750 3267 ac
773 3205 888 3286 perditi
911 3226 974 3268 non
1000 3208 1093 3269 modo
1115 3208 1180 3269 ulla
1203 3210 1235 3271 in
1259 3209 1371 3281 domo,
1400 3207 1456 3271 sed
1478 3209 1565 3272 nulla
1588 3211 1620 3272 in
1643 3216 1775 3291 genleio

411 3302 598 3383 reperirent,
620 3307 730 3382 gentes
752 3300 810 3362 sibi
834 3301 866 3362 in
889 3301 1026 3363 tenebris
1049 3301 1095 3361 rei
1119 3301 1260 3384 publicae
1283 3302 1512 3384 perturbandas
1535 3310 1737 3385 putaverunt.

412 3391 506 3467 Quod
529 3393 621 3456 nobis
644 3394 773 3477 quidem
796 3397 957 3476 egregium
980 3403 1011 3456 et
1033 3392 1072 3457 ad
1093 3394 1351 3458 inmortalitatem
1367 3398 1537 3459 memoriae
1553 3396 1737 3479 gloriosum,

411 3488 569 3550 neminem
599 3488 632 3549 in
660 3508 718 3550 nos
746 3490 891 3551 mercede
918 3488 982 3551 ulla
1011 3489 1169 3550 tribunum
1197 3488 1341 3570 potuisse
1362 3490 1511 3573 reperiri,
1540 3490 1601 3553 nisi
1623 3492 1673 3553 cui
1697 3510 1738 3554 ne

412 3600 482 3643 esse
512 3580 640 3662 quidem
670 3581 814 3645 licuisset
841 3583 978 3645 tribuno.
1032 3578 1083 3643 22.
1119 3581 1181 3644 Sed
1204 3580 1257 3643 ille
1286 3601 1364 3665 quas
1386 3591 1506 3664 strages
1528 3584 1646 3647 ediditl
1683 3603 1737 3647 eas

412 3673 577 3747 videlicet,
607 3693 685 3757 quas
716 3676 785 3739 sine
813 3676 938 3739 ratione
967 3696 1004 3738 ac
1035 3677 1104 3739 sine
1131 3675 1196 3736 ulla
1224 3695 1281 3757 spe
1302 3675 1387 3737 bona
1409 3674 1498 3739 furor
1519 3678 1614 3742 edere
1637 3679 1776 3761 potuitto

411 3768 545 3849 inpurae
567 3767 680 3830 beluae
702 3770 872 3833 multorum
895 3772 1107 3833 inflammatus
1127 3767 1296 3832 furoribus.
1346 3768 1449 3845 Quam
1472 3770 1513 3834 ob
1534 3791 1600 3836 rem
1622 3773 1655 3835 in
1677 3772 1739 3836 ista

414 3861 544 3944 quidem
566 3881 603 3925 re
625 3863 828 3926 vehementer
850 3864 969 3928 Sullam
993 3864 1109 3948 probo,
1138 3864 1192 3946 qui
1214 3864 1348 3927 tribunis
1370 3863 1414 3947 pl.
1437 3883 1493 3929 cua
1515 3865 1584 3949 lege
1606 3867 1739 3930 iniuriae

482 4068 505 4116 i.
524 4067 653 4131 mugetus
668 4071 797 4118 duratus:
826 4070 922 4131 legatio
940 4069 1003 4125 AB:
1030 4075 1132 4118 amatas
1153 4070 1284 4119 Puteanus
1308 4071 1335 4119 et
1351 4070 1370 4118 1.
1384 4068 1410 4118 F.
1424 4070 1585 4128 Gronovius.
1612 4069 1739 4120 craeso

417 4153 478 4192 cum
497 4144 608 4194 Grutero
631 4145 687 4206 [icio
704 4146 778 4193 datu:
798 4146 866 4193 coni.
881 4142 983 4203 Orellii:
1011 4142 1075 4194 elios
1094 4146 1203 4193 conatus
1220 4157 1236 4190 v
1266 4143 1335 4206 apud
1355 4142 1522 4193 Dirlsenium
1541 4143 1679 4194 tirberricbt
1695 4144 1740 4193 dor

416 4218 534 4268 Verrucio
551 4220 636 4283 pibo
653 4232 712 4282 sqq.
743 4246 770 4256 -
797 4221 821 4269 Β.
840 4222 921 4268 mscic
938 4225 1076 4281 qaopacto
1093 4223 1113 4268 it
1132 4220 1157 4268 in
1176 4230 1270 4280 marg..
1289 4216 1338 4267 sad
1356 4230 1437 4267 manu
1454 4220 1546 4266 vetere
1566 4244 1593 4255 -
1612 4225 1740 4268 numa:

415 4294 443 4354 Β,
457 4296 486 4343 ut
496 4294 613 4344 videtur:
626 4296 756 4344 crcaiasil
772 4320 797 4329 -
815 4296 903 4342 iratior
914 4295 942 4352 Β,
956 4295 1074 4343 tetriora
1087 4296 1113 4343 in
1126 4307 1179 4343 ras.
1195 4318 1221 4329 -
1240 4293 1263 4341 3.
1276 4292 1358 4353 fedior
1368 4293 1414 4341 ΑΒ
1429 4319 1455 4327 -
1468 4296 1571 4340 renata:
1583 4290 1739 4342 Lambinus:

412 4376 487 4421 catur
497 4371 585 4429 illio:
601 4371 685 4432 sactes:
695 4368 737 4420 alii
750 4367 886 4420 uidebant
899 4395 926 4405 -
938 4367 962 4419 i.
982 4369 1042 4430 qaia
1053 4368 1171 4431 Madvig:
1190 4362 1237 4429 qai
1249 4366 1310 4424 AB:
1330 4366 1426 4428 quaeo
1444 4378 1505 4415 cum
1520 4366 1612 4428 paucis
1624 4363 1690 4415 dett.
1711 4392 1740 4404 -

415 4445 516 4505 nouum
535 4446 561 4494 in
579 4445 629 4494 hac
646 4444 858 4507 interrogationis
875 4443 959 4494 iorma
979 4445 1131 4494 necessario
1149 4445 1175 4492 in
1193 4454 1273 4491 unam
1290 4442 1426 4491 notionem
1439 4439 1589 4490 condentur
1604 4452 1654 4488 noc
1665 4440 1742 4490 edidit

414 4521 588 4570 :intentata
607 4521 696 4569 omisit
718 4521 757 4578 (in
773 4515 965 4576 admiratione,
989 4531 1069 4582 quam
1089 4518 1170 4568 multa
1188 4518 1339 4567 tribunatus
1356 4515 1478 4573 ediderit.
1497 4530 1547 4565 roa
1564 4515 1740 4565 omittendum

415 4597 490 4654 erat),
509 4595 607 4645 rectius
623 4593 748 4657 singulari
765 4607 878 4644 numero
896 4595 1087 4655 interrogatur:
1107 4594 1172 4656 Quid
1188 4594 1254 4643 enim
1270 4592 1310 4641 illc
1326 4606 1377 4640 aaa
1387 4589 1482 4641 edidi?
1499 4590 1740 4653 (millii-marsi.»

415 4669 527 4719 llinrrc.
556 4695 581 4707 -
612 4669 637 4718 5.
655 4669 824 4728 iacorcmi,
846 4667 895 4718 sed
912 4669 961 4717 ieri
978 4669 1003 4718 in
1022 4681 1073 4719 ras.
1102 4693 1130 4704 -
1159 4667 1524 4731 infimarucunaparicsccit
1541 4665 1691 4715 coniiialre
1712 4691 1739 4701 -

415 4742 524 4792 twbabit
541 4745 571 4793 Α*
583 4744 619 4801 Β;
646 4744 732 4792 omnia
748 4743 868 4803 turbavit,
885 4745 994 4801 miscuit,
1012 4746 1100 4808 intima
1116 4744 1219 4793 rammi:
1233 4741 1312 4804 paria
1326 4741 1384 4803 iecit
1400 4740 1468 4791 ocni.
1481 4740 1576 4791 Davles
1593 4744 1639 4790 aut
1655 4742 1742 4803 infima

415 4820 517 4869 mni:
531 4818 609 4880 paria
624 4818 691 4880 (eci,
709 4819 795 4868 amaia
811 4819 933 4879 turbauit,
950 4819 1058 4868 miscuit
1078 4844 1105 4855 -
1134 4819 1158 4868 6.
1177 4829 1281 4879 cunque
1298 4819 1417 4867 Goerenz
1436 4842 1462 4853 -
1487 4816 1513 4865 i.
1530 4828 1640 4879 annoso
1656 4817 1739 4867 Bake:

416 4932 500 4984 am
517 4921 573 4978 an,
592 4926 668 4982 arque
685 4920 749 4970 aeti.
770 4922 833 4971 ero
859 4948 892 4958 -
920 4921 958 4986 c]
975 4896 1022 4971 ein
1039 4926 1068 4981 i,
1087 4918 1154 4971 mn
1174 4947 1201 4957 -
1219 4918 1347 4983 amasa
1362 4918 1409 4968 an
1434 4943 1460 4954 -
1489 4917 1513 4968 a.
1531 4918 1691 4981 raimelia
1712 4946 1739 4957 -

415 4997 479 5045 ciri:
496 5007 549 5044 cm.
564 4995 633 5044 Bake
651 5008 712 5045 cum
732 4996 823 5060 paucis
840 4994 905 5046 dett.
925 5022 952 5033 -
971 4996 1042 5046 liberi
1058 4996 1123 5046 AB:
1145 4996 1213 5045 lio
1233 5021 1257 5030 -
1278 4994 1301 5044 9.
1320 4993 1428 5056 reliquid
1444 4991 1475 5044 Αι
1493 5018 1519 5029 -
1540 4995 1649 5056 quaque
1664 4994 1742 5044 acrio

416 5071 436 5121 Β
455 5097 482 5107 -
501 5071 559 5119 darn
571 5068 610 5128 Αἱ,
629 5071 663 5119 riu
674 5071 702 5131 Β,
719 5072 816 5120 meina
827 5069 867 5131 A²‚
885 5072 918 5120 D.
932 5072 952 5121 0
971 5097 997 5107 -
1019 5072 1057 5119 io.
1075 5070 1186 5133 iniamus
1196 5068 1235 5129 Αἱ,
1252 5069 1367 5133 infirma:
1383 5068 1403 5118 B
1421 5093 1448 5104 -
1467 5069 1508 5117 ii.
1525 5067 1742 5118 meriaturilll-

417 5146 459 5196 ii.
478 5147 587 5196 Gracchi
603 5145 745 5194 tribunatu:
761 5146 793 5195 iis
808 5146 866 5194 :icis
882 5146 990 5210 scripsi:
1009 5145 1112 5210 creceii
1127 5144 1209 5195 ruinis
1224 5148 1247 5193 ct
1263 5144 1294 5193 iis
1309 5143 1376 5193 sicii:
1392 5142 1425 5206 (ct
1440 5141 1544 5192 imcittir
1560 5144 1590 5202 Α,
1609 5142 1657 5193 sed
1676 5156 1711 5193 m.
1724 5143 1741 5193 i

415 5221 442 5271 in
460 5221 523 5283 ras.)
542 5223 601 5280 ΑΒ,
628 5222 755 5271 Gracchus
771 5221 853 5269 ruini:
869 5225 892 5269 ct
908 5221 966 5269 :icis
980 5221 1013 5270 iis
1035 5221 1055 5270 0
1077 5232 1139 5270 cum
1162 5217 1294 5269 Tumebo.
1330 5219 1385 5269 Nec
1408 5219 1497 5268 tumen
1519 5230 1550 5267 er
1569 5221 1657 5269 nostra
1675 5230 1742 5268 con·

416 5297 530 5355 iectura,
555 5309 718 5360 quamquam
737 5297 844 5346 Gracchi
860 5295 1005 5345 tritemius
1021 5298 1094 5346 certa
1113 5294 1263 5345 emendatio
1280 5293 1398 5354 videtur,
1422 5291 1495 5343 locus
1513 5291 1589 5357 plane
1606 5294 1743 5343 restitutos

416 5374 472 5431 est,
496 5384 558 5421 cum
579 5369 649 5420 aliud
672 5384 769 5421 nomen
796 5372 853 5421 eius
875 5369 934 5420 loco
957 5370 1032 5435 quod
1048 5370 1155 5434 scripsit
1170 5367 1311 5420 Turnebus
1335 5368 1430 5418 υἱώ·
1455 5368 1497 5416 hic
1514 5369 1692 5431 exspectetur.
1712 5392 1740 5403 ··

417 5445 456 5495 ii.
473 5446 615 5508 proiecisrct
632 5447 679 5496 ΑΒ
698 5471 724 5481 -
753 5447 959 5510 &abderentur
975 5447 1015 5509 At,
1033 5445 1237 5509 dealariarcniur
1253 5444 1272 5493 Β
1301 5469 1328 5480 -
1357 5442 1396 5494 ll.
1411 5440 1572 5504 pciartcait
1588 5441 1743 5493 oxoniensis

416 5520 446 5580 Β,
465 5519 541 5584 prob.
558 5518 687 5583 Madvigio
705 5520 801 5584 Opusc.
818 5521 838 5581 Ι,
851 5520 908 5572 iit.
929 5546 955 5557 -
976 5521 1125 5581 suvrana,
1138 5519 1247 5582 Sulpicio
1264 5519 1397 5568 Goerenz:
1416 5517 1543 5566 :alumini
1558 5516 1679 5578 supplicio
1696 5517 1742 5568 ΑΒ

419 5620 446 5632 -
466 5594 505 5644 to.
522 5589 651 5657 proseria
666 5596 696 5652 Α,
713 5594 827 5656 proicrai
844 5594 879 5652 B:
904 5596 1027 5660 suspicor
1041 5596 1153 5658 pruina
1177 5606 1245 5658 quaa
1264 5594 1304 5643 est
1322 5590 1436 5655 legitima
1455 5590 1538 5648 torma
1556 5591 1583 5640 in
1600 5588 1644 5639 tali
1660 5591 1745 5641 inter-

416 5669 553 5731 rogatione
570 5668 711 5718 rhetorica.
732 5694 759 5705 -
781 5670 820 5718 ti.
840 5670 896 5732 qai:
912 5670 1016 5732 nquam
1033 5676 1087 5721 iam
1104 5673 1223 5720 Gaercnz
1240 5668 1321 5728 coni..
1340 5667 1567 5731 aauqaocicctam
1583 5664 1667 5724 Bake:
1687 5664 1743 5717 aliis

416 5756 537 5805 maara
554 5746 614 5807 post
630 5744 753 5807 cogitaret
770 5743 915 5794 delendum
931 5744 1079 5804 urebatur.
1106 5748 1134 5795 ut
1152 5745 1262 5794 Ernesto
1280 5744 1307 5792 et
1323 5741 1463 5792 Schuetzio
1490 5766 1517 5777 -
1544 5740 1660 5789 inimica
1675 5740 1745 5791 cobis

419 5817 439 5867 0
459 5844 486 5855 -
506 5817 546 5868 t8.
563 5818 649 5880 iniret
665 5825 688 5869 ct
704 5824 732 5868 ui
749 5821 769 5869 Δ
790 5845 817 5855 -
836 5818 948 5884 copiari
967 5820 986 5869 Β
1006 5846 1032 5856 -
1056 5821 1098 5870 ao.
1116 5819 1188 5868 cutia
1204 5821 1230 5868 in
1246 5819 1319 5867 darno
1337 5816 1467 5866 lianutius
1486 5839 1513 5851 -
1532 5814 1573 5864 it.
1591 5816 1746 5877 repperirent

418 5893 490 5943 i·-
505 5892 812 5955 aareppeririairiccit
826 5893 1180 5956 -caireccrscaaidemili
1195 5920 1220 5931 -
1234 5890 1431 5943 :tracasali
1446 5915 1471 5927 -
1486 5887 1579 5952 μου
1593 5915 1619 5925 -
1633 5890 1744 5954 rtapmii

421 5991 447 6004 -
462 5966 734 6028 :eiwonamsaa
745 5969 1084 6034 vettzintararcddercilii
1096 5995 1122 6007 -
1134 5969 1176 6021 io.
1186 5967 1408 6027 trimitaria,
1418 5964 1515 6016 :10ch
1526 5991 1553 6003 -
1564 5964 1744 6021 masinae.

502 6056 593 6107 &oruc
611 6058 638 6106 i.
653 6059 693 6108 ti.
1402 6056 1445 6125 58
