4342 7459
683 1304 751 1367 aa.
773 1303 798 1365 1.
826 1302 900 1366 cr».
923 1301 1215 1366 xxm-xxva.
1244 1296 1348 1385 §sot
1363 1300 1462 1366 -as,
1617 1375 1625 1384 ⁸
1680 1290 1743 1360 aes

408 1464 507 1548 prima
534 1461 649 1526 ultima
676 1461 781 1526 media
811 1461 1000 1526 videremus.
1044 1459 1096 1525 65.
1119 1464 1251 1526 Prorsus
1281 1462 1360 1527 baec
1382 1464 1488 1527 diviua
1515 1466 1592 1529 mibi
1620 1462 1745 1525 videtur

408 1557 469 1631 ris,
497 1576 581 1639 quae
607 1563 655 1619 tot
682 1575 733 1618 res
763 1552 881 1617 elliciat
900 1565 942 1618 et
970 1564 1083 1619 tantas.
1121 1556 1206 1632 Quid
1231 1564 1279 1620 est
1301 1558 1385 1620 enim
1413 1561 1564 1622 memoria
1585 1578 1691 1622 rerum
1713 1564 1745 1618 et

409 1649 600 1712 verborum?
634 1648 712 1732 quid
742 1669 839 1732 porro
868 1649 1034 1712 inventio?
1064 1651 1208 1713 Profecto
1237 1651 1287 1725 id,
1316 1672 1381 1735 quo
1410 1672 1451 1715 ne
1480 1654 1514 1715 in
1545 1654 1605 1717 deo
1627 1652 1744 1735 quidem

410 1744 580 1829 quicquam
609 1744 711 1805 maius
737 1743 879 1826 intellegi
908 1752 1023 1827 potest.
1062 1747 1133 1808 Non
1155 1746 1239 1808 enim
1262 1747 1420 1810 ambrosia
1444 1748 1519 1812 deos
1542 1757 1597 1811 aut
1617 1755 1744 1809 nectare

408 1848 460 1902 aut
491 1840 656 1901 Iuventate
685 1838 801 1919 pocula
831 1838 1026 1901 ministrante
1053 1840 1162 1902 laetari
1185 1841 1332 1913 arbitror,
1362 1862 1422 1905 nec
1443 1845 1616 1906 Homerum
1638 1839 1767 1912 audio,a

408 1933 462 2018 qui
486 1932 694 2015 Ganymeden
725 1932 764 1994 ab
788 1932 836 1995 dis
863 1939 987 2013 raptum
1010 1935 1056 1996 ait
1078 1941 1208 2017 propter
1229 1933 1380 2008 sormam,
1408 1945 1444 2001 ul
1465 1937 1531 2000 lovi
1554 1935 1664 1997 bibere
1687 1932 1745 1995 mi-

407 2030 571 2092 nistraret:
594 2047 660 2090 non
682 2030 766 2091 iusta
789 2047 885 2090 causa
906 2048 964 2090 cur
986 2026 1194 2090 Laomedonti
1217 2036 1303 2090 tanta
1319 2026 1408 2092 lieret
1432 2032 1557 2094 iniuria.
1593 2026 1746 2109 Fingebat

406 2124 485 2186 baec
514 2123 675 2185 Homerus
704 2132 736 2185 et
757 2121 895 2184 bumana
918 2121 957 2183 ad
981 2120 1059 2181 deos
1082 2121 1307 2184 transferebat:
1337 2122 1444 2187 divina
1466 2124 1591 2187 mallem
1614 2120 1654 2182 ad
1676 2139 1745 2182 nos.

408 2217 497 2293 Quae
519 2225 626 2278 autem
649 2216 779 2279 diuina?
802 2217 928 2299 vigere,
951 2234 1076 2299 sapere,
1099 2214 1262 2287 invenire,
1285 2217 1476 2280 meminisse.
1509 2218 1595 2297 Ergo
1610 2215 1746 2283 animus,

406 2319 440 2373 at
462 2328 523 2391 ego
547 2308 634 2382 dico,
657 2310 784 2373 divinus
807 2320 874 2382 est,
905 2318 942 2371 ut
962 2307 1133 2389 Euripides
1156 2307 1262 2372 dicere
1284 2308 1398 2383 audet,
1427 2310 1523 2384 dcus3
1553 2317 1585 2371 et
1605 2306 1783 2391 quidemn

407 2405 432 2466 si
455 2402 537 2465 deus
560 2411 616 2466 aut
637 2405 742 2465 anima
766 2413 820 2467 aut
842 2402 926 2485 ignis
948 2410 1017 2475 esl,
1039 2399 1123 2463 idem
1148 2410 1195 2462 est
1216 2402 1341 2464 animus
1362 2403 1513 2466 hominis.
1550 2405 1626 2465 Nam
1643 2400 1746 2463 utilla

407 2504 518 2560 natura
551 2496 698 2560 caelestis
727 2507 759 2561 et
790 2507 872 2560 terra
897 2503 988 2557 vacat
1009 2504 1041 2557 ct
1069 2513 1198 2568 umore,
1229 2496 1275 2558 sic
1304 2497 1472 2580 utriusque
1500 2498 1612 2561 harum
1641 2514 1746 2557 rerum

407 2590 564 2654 bumanus
591 2591 716 2653 animus
739 2600 788 2653 est
810 2610 936 2673 expers.
975 2589 1029 2651 Sin
1052 2596 1158 2650 autem
1182 2597 1230 2651 est
1251 2590 1363 2671 quinta
1385 2591 1540 2674 quaedam
1562 2599 1686 2663 natura,
1708 2588 1747 2650 ab
1798 2665 1805 2679 ‚

408 2684 579 2747 Aristotele
601 2685 730 2747 inducta
754 2685 906 2767 primum,
927 2682 1006 2745 baec
1029 2690 1062 2745 et
1083 2681 1216 2744 deorum
1240 2692 1289 2745 est
1310 2694 1342 2747 et
1362 2686 1551 2748 animorum.
1584 2687 1672 2747 Hanc
1689 2703 1748 2745 nos

408 2779 599 2843 seutentiam
623 2779 723 2841 secuti
745 2778 796 2841 bis
817 2779 896 2861 ipsis
918 2776 1024 2839 verbis
1047 2776 1078 2837 in
1104 2775 1329 2839 Consolatione
1354 2773 1436 2861 [hoc]
1460 2779 1692 2863 expressimus:
1757 2791 1786 2837 ta

491 2873 626 2936 xxva.
648 2870 700 2935 66.
733 2874 937 2935 «Animorum
967 2870 1056 2933 nulla
1077 2870 1110 2931 in
1134 2870 1225 2932 terris
1248 2872 1338 2954 origo
1360 2873 1497 2935 inveniri
1518 2881 1640 2957 potest;
1669 2871 1749 2934 nihil

408 2967 492 3031 enim
524 2974 575 3028 est
605 2967 637 3029 in
666 2967 780 3029 animis
809 2967 943 3028 mixtum
966 2973 1061 3048 atque
1083 2971 1266 3026 concretum
1288 2974 1343 3028 aut
1365 2967 1449 3049 quad
1473 2986 1514 3029 ex
1536 2975 1620 3029 terra
1641 2976 1749 3029 natum

408 3070 504 3145 atque
528 3057 637 3122 lictum
661 3081 731 3123 esse
753 3060 914 3132 videatur,
937 3059 1015 3120 nibil
1039 3079 1078 3120 ne
1102 3067 1156 3120 aut
1178 3057 1320 3121 umidum
1344 3061 1469 3143 quidem
1491 3069 1547 3123 aut
1569 3060 1674 3122 flabile
1697 3066 1752 3123 aut

409 3155 548 3237 igneum.
587 3153 645 3216 His
676 3154 759 3216 enim
789 3154 821 3214 in
851 3154 973 3215 naturis
1001 3152 1081 3214 nihil
1109 3153 1191 3214 inest
1213 3151 1299 3234 quod
1323 3155 1386 3215 vim
1409 3154 1596 3227 memoriae,
1625 3154 1751 3225 mentis,

410 3246 613 3331 cogitationis
634 3244 769 3319 habeat,
793 3246 879 3329 quod
902 3255 933 3308 et
955 3246 1127 3328 praeterita
1151 3255 1257 3309 teneat
1272 3256 1305 3309 et
1319 3247 1427 3310 futura
1440 3247 1605 3329 provideat
1619 3256 1652 3309 et
1666 3258 1790 3309 com-ao

411 3343 505 3427 plecti
528 3341 631 3424 possit
654 3342 852 3424 praesentia,
876 3360 958 3422 quae
980 3340 1048 3401 sola
1072 3338 1179 3401 diviua
1203 3348 1295 3416 sunt3
1319 3361 1378 3404 nec
1400 3342 1579 3404 invenietur
1602 3360 1751 3424 nmquam

412 3435 497 3501 unde
519 3432 559 3498 ad
585 3434 749 3497 bominem
774 3434 884 3496 venire
907 3433 1032 3515 possint
1053 3434 1116 3495 nisi
1139 3454 1157 3495 a
1180 3434 1250 3498 deo.
1289 3436 1465 3518 Singularis
1481 3435 1641 3517 estigitur
1657 3453 1754 3517 quae-

414 3533 482 3596 dam
505 3540 620 3593 natura
645 3538 741 3610 atque
756 3530 804 3590 vis
822 3528 931 3599 animi,
953 3528 1096 3589 seiuncta
1117 3528 1156 3590 ab
1178 3529 1229 3591 his
1244 3531 1368 3616 usitatis
1383 3530 1531 3613 notisque
1544 3528 1676 3592 naturis.
1707 3527 1754 3589 lta

416 3623 569 3710 quicquid
600 3630 647 3685 est
677 3622 773 3696 illud,
806 3620 893 3705 quod
920 3622 1032 3694 sentit,
1066 3622 1154 3705 quod
1183 3624 1279 3706 sapit,
1312 3624 1400 3708 quod
1426 3625 1518 3697 vivit,
1550 3622 1637 3706 quod
1658 3621 1755 3702 viget,

416 3719 552 3782 caeleste
577 3724 610 3778 ct
631 3714 773 3778 divinum
796 3716 837 3777 ob
860 3733 994 3797 eamque
1016 3736 1082 3778 rem
1105 3724 1268 3781 aeternum
1291 3720 1332 3781 sit
1352 3738 1485 3781 necesse
1506 3726 1564 3779 est.
1600 3720 1664 3779 Nec
1679 3726 1792 3777 verosa

420 3813 494 3875 deus
519 3813 608 3895 ipse,
631 3811 686 3893 qui
710 3810 905 3890 intellegitur
926 3828 944 3870 a
967 3810 1073 3883 nobis,
1096 3810 1159 3872 alio
1183 3812 1278 3875 modo
1300 3811 1441 3896 intellegi
1466 3820 1569 3895 potest
1589 3811 1649 3872 nisi
1666 3828 1754 3871 mens

418 3908 517 3970 soluta
541 3904 699 3989 quaedam
722 3911 753 3967 et
775 3903 893 3976 libera,
916 3911 1079 3985 segregata
1102 3905 1142 3966 ab
1157 3906 1244 3968 omni
1260 3907 1463 3969 concretione
1484 3905 1625 3978 mortali,
1648 3904 1754 3965 omnia

416 4003 552 4064 sentiens
575 4006 608 4060 et
631 4018 762 4061 movens
792 3999 927 4082 ipsaque
950 3997 1096 4079 praedita
1119 4005 1206 4062 motu
1228 4001 1451 4082 sempiterno.»
1496 3997 1548 4061 67.
1571 4000 1638 4060 Hoc
1662 4017 1679 4059 e
1701 4016 1755 4079 ge-

416 4114 486 4157 nere
508 4101 608 4176 atque
631 4092 741 4154 eadem
766 4102 918 4155 enatura
941 4099 989 4154 est
1010 4091 1146 4155 bumana
1170 4113 1269 4155 mens.
1307 4095 1365 4157 Ubi
1390 4095 1487 4177 igitur
1508 4101 1564 4155 aut
1579 4092 1683 4173 qualis
1707 4098 1755 4154 est

415 4186 469 4250 ista
500 4190 611 4248 mens?
645 4186 699 4248 ubi
727 4195 782 4248 tua
810 4194 866 4248 aut
894 4186 1021 4268 qualis?
1056 4194 1187 4268 potesne
1211 4188 1340 4249 diceret
1368 4207 1424 4261 an,
1453 4189 1478 4249 si
1501 4188 1606 4249 omnia
1636 4185 1676 4247 ad
1706 4186 1793 4246 into

416 4279 624 4364 tellegendum
649 4301 711 4342 non
735 4280 854 4352 babeo,
879 4299 961 4363 quae
977 4280 1094 4342 babere
1112 4281 1244 4355 vellem,
1268 4302 1307 4344 ne
1324 4282 1362 4344 iis
1378 4282 1518 4363 quidem,
1544 4300 1626 4363 quae
1641 4280 1753 4352 habeo,

475 4572 498 4620 ἱ.
519 4572 586 4619 mim
603 4581 737 4632 superscr.
758 4567 817 4617 ead.
838 4581 864 4617 m
894 4569 919 4617 in
938 4570 958 4616 G
978 4595 1003 4604 -
1030 4570 1053 4617 3.
1073 4583 1104 4618 ue
1120 4572 1146 4617 io
1164 4570 1208 4617 deo
1225 4570 1324 4631 quidem
1341 4570 1401 4618 cod.
1422 4568 1599 4621 Coloniensis:
1619 4583 1650 4619 ne
1666 4571 1692 4617 in
1710 4570 1754 4618 deo

416 4647 461 4695 GR
479 4649 505 4695 et
523 4644 564 4706 (na
581 4656 651 4693 corr.
672 4643 731 4692 ead.
752 4657 787 4692 m.
807 4645 832 4691 in
851 4644 905 4706 mcc)
924 4645 957 4700 B;
982 4657 1025 4691 nec
1047 4646 1074 4692 in
1092 4646 1136 4692 deo
1154 4645 1174 4692 0
1197 4672 1219 4678 -
1244 4642 1267 4693 l.
1284 4649 1363 4705 potest
1382 4642 1481 4699 (littera
1500 4644 1569 4694 tinali
1589 4647 1686 4707 puncto
1705 4657 1753 4693 no-

417 4724 474 4782 tata)
494 4722 526 4780 R,
544 4724 614 4781 potes
632 4722 653 4768 G
672 4745 699 4753 -
719 4720 742 4768 5.
762 4720 859 4766 laetare
876 4719 936 4766 Gll¹
956 4745 982 4753 -
1003 4719 1027 4766 6.
1047 4719 1252 4779 GonprrredcmO
1273 4745 1297 4753 -
1319 4719 1351 4767 ob
1367 4719 1405 4768 bis
1423 4722 1445 4780 tir
1458 4733 1526 4768 corr.
1541 4722 1566 4769 in
1579 4720 1603 4779 dl
1623 4720 1654 4774 lt;
1674 4733 1691 4767 o
1707 4720 1755 4766 diis

416 4795 433 4843 0
454 4821 476 4830 -
497 4800 525 4843 rit
547 4794 600 4843 loni
623 4792 703 4841 bibere
724 4795 882 4842 ministraret
904 4794 1048 4842 Arusianus
1067 4807 1092 4856 p.
1112 4795 1159 4842 iti
1179 4807 1203 4841 n.
1224 4792 1256 4851 ,36
1277 4792 1319 4841 ed.
1339 4792 1459 4841 Lindem.
1480 4819 1507 4827 -
1528 4795 1552 4842 7.
1570 4794 1637 4856 fierit
1654 4794 1703 4842 Gll
1723 4818 1750 4829 -

415 4870 436 4918 l.
454 4872 555 4919 animm
578 4868 735 4918 Lambinus:
761 4870 861 4917 animus
884 4870 927 4930 qni
945 4870 974 4916 C.
1001 4873 1132 4919 «Prorsus
1157 4867 1300 4918 delendum
1325 4868 1372 4917 tuit
1390 4869 1447 4929 qui;
1472 4870 1584 4917 diuinum
1602 4870 1673 4918 enim
1692 4883 1752 4919 esse

415 4947 531 4994 animum
554 4942 716 4993 concludere
735 4945 829 4992 (licero
853 4942 1015 5005 prevaluit:
1041 4946 1187 5005 Euripidem
1205 4957 1300 4992 ausum
1319 4957 1379 4993 esse
1397 4946 1469 4992 mum
1486 4944 1576 4994 dicere
1595 4944 1654 4993 data
1674 4958 1753 4994 occa·

414 5022 486 5070 sione
502 5017 632 5069 addida.-
650 5019 693 5068 W.
715 5045 741 5054 -
762 5021 801 5069 to.
821 5021 934 5077 dicimis,
958 5025 986 5067 nt
1011 5021 1038 5067 Ε.
1059 5021 1083 5070 d.
1103 5022 1191 5079 cadet,
1211 5020 1358 5068 deascle
1379 5047 1405 5056 -
1425 5021 1464 5068 ta.
1483 5020 1587 5068 lomere
1605 5019 1630 5067 h.
1651 5018 1667 5068 l.
1688 5022 1748 5067 GR.

418 5119 440 5131 -
461 5097 501 5145 ta.
519 5094 567 5142 boc
584 5095 618 5141 C:
637 5094 699 5141 baec
716 5094 744 5141 0.
771 5095 883 5156 -ueque
901 5096 946 5143 boc
964 5108 1050 5151 neque
1068 5096 1129 5143 boec
1148 5109 1241 5144 vorum
1259 5095 1373 5144 videtur.
1393 5096 1418 5144 Si
1436 5097 1578 5157 exprimere
1601 5093 1663 5144 nihil
1682 5095 1751 5143 aliud

415 5175 484 5220 esset
501 5181 584 5233 quam
601 5170 697 5227 dicere,
716 5170 761 5216 boc
778 5169 820 5218 uel
840 5170 927 5233 potius
944 5170 1004 5217 boec
1021 5169 1054 5217 ad
1074 5183 1120 5226 ea,
1141 5183 1210 5232 (puae
1228 5173 1386 5231 sequuntur,
1405 5169 1497 5218 reterri
1515 5172 1626 5232 poterat.
1646 5170 1694 5231 (Cl.
1709 5170 1751 5226 ΙΙΙ,

414 5243 460 5307 lt.)
479 5245 560 5307 Atqui
578 5245 617 5293 sic
635 5244 747 5294 verbum
768 5243 828 5293 illud
848 5243 882 5293 ab
901 5246 1017 5306 antiquis
1036 5257 1181 5305 numquam
1202 5244 1316 5306 ponitur.
1336 5242 1424 5305 (lead.
1444 5245 1519 5302 11,Ἱῖ
1537 5249 1695 5305 expresserat
1712 5247 1753 5293 est

414 5320 568 5375 obusserat,
587 5317 767 5382 probaverat.)
785 5319 824 5367 Ad
842 5321 906 5367 banc
924 5318 1079 5376 {Aristotelis
1094 5332 1172 5367 unam
1189 5317 1332 5381 quendam]
1351 5321 1497 5366 sententiam
1509 5321 1530 5368 si
1544 5318 1674 5378 retuleris,
1692 5321 1753 5367 boec

414 5394 506 5445 nuum
524 5396 567 5452 sit,
586 5395 632 5442 boc
649 5407 743 5456 parum
762 5398 866 5455 aptum:
888 5395 981 5442 Cicero
1005 5393 1160 5457 simpliciter
1180 5408 1235 5442 cnm
1251 5393 1368 5442 dixisset.
1397 5394 1449 5455 Ego
1467 5393 1611 5444 delendum
1629 5396 1674 5443 boc
1690 5407 1751 5443 esse

414 5470 534 5534 auspicor
557 5468 626 5531 [om.
651 5470 703 5518 iam
727 5467 857 5518 Prellerus
880 5471 944 5518 iiisl.
964 5467 1056 5532 philos.
1079 5470 1272 5518 Graeco-liam.
1293 5482 1318 5530 p.
1333 5467 1403 5529 la31,
1429 5469 1592 5519 utadditum
1611 5468 1751 5531 abaliquo

415 5542 534 5599 librario,
561 5544 607 5606 qul
630 5544 790 5593 structuram
812 5543 896 5604 illam,
919 5556 971 5605 qua
990 5543 1125 5592 obiectum
1144 5543 1253 5591 delinito
1270 5540 1355 5590 verbo
1373 5555 1434 5591 eum
1453 5545 1589 5607 participio
1607 5555 1750 5593 commune

417 5618 573 5682 plerumque
587 5618 672 5669 semel
684 5621 786 5668 tantum
800 5621 914 5682 ponitur,
930 5621 985 5667 sive
999 5621 1157 5682 ignoraverit
1169 5621 1224 5668 sive
1237 5617 1369 5681 explicare
1382 5618 1520 5669 voluerit.»
1534 5621 1574 5668 W.
1591 5643 1616 5654 -
1637 5619 1675 5667 ta.
1689 5619 1751 5667 Ani-

417 5707 512 5743 mm
524 5718 563 5732 -·
572 5698 661 5755 potest.
682 5694 749 5742 Nilnt
766 5699 800 5743 cat
816 5698 842 5742 m
860 5697 951 5742 anisnis
963 5722 976 5731 -
986 5722 999 5731 -
1011 5696 1099 5742 diuino
1115 5701 1180 5742 sant.
1200 5695 1250 5743 Noc
1266 5697 1331 5742 enim
1348 5695 1487 5743 inuenietur
1499 5695 1649 5743 Lactantius
1661 5693 1694 5741 de
1712 5694 1749 5742 ira

418 5782 438 5817 c.
456 5770 497 5818 so.
520 5793 548 5805 -
569 5768 609 5816 ⁴8.
628 5769 742 5817 umidam
759 5770 792 5817 a:
812 5770 940 5817 humidam
958 5770 1008 5818 GO
1029 5795 1054 5802 -
1074 5770 1115 5817 22.
1134 5768 1191 5816 inde
1208 5782 1277 5817 corr.
1297 5766 1355 5816 ead.
1376 5780 1411 5816 m.
1432 5770 1457 5816 in
1474 5770 1538 5817 mide
1556 5771 1575 5818 C
1594 5795 1621 5805 -
1640 5771 1681 5819 25.
1702 5770 1752 5818 Noc

418 5846 642 5893 wo--mmmr
658 5847 681 5892 et
697 5857 797 5891 mouens
814 5846 963 5892 lactantius
983 5845 1001 5903 t,
1020 5845 1044 5892 5.
1067 5869 1094 5878 -
1117 5844 1157 5892 an.
1177 5844 1197 5890 si
1215 5843 1365 5905 intellegitur
1382 5841 1513 5893 Prellerus
1531 5841 1546 5892 Ι.
1566 5842 1582 5894 Ι.
1611 5844 1648 5893 Ad
1667 5844 1749 5894 verbe

421 5919 459 5979 ml
478 5918 633 5982 mmor
655 5917 809 5980 explicanda
835 5919 1013 5980 leodegarius
1030 5931 1046 5966 a
1065 5919 1171 5976 Quercu
1189 5918 1302 5968 addidit:
1325 5931 1392 5969 «uec
1408 5918 1460 5968 sub
1477 5932 1587 5970 sensum
1605 5919 1700 5970 cadit».
1721 5948 1748 5958 -

422 5990 457 6044 so.
473 5999 573 6057 potesse
589 5994 673 6043 dicere
688 5990 740 6042 del.
760 5992 829 6043 Bake
847 5991 863 6041 l.
884 5991 900 6041 l.
919 6006 946 6056 p.
965 5992 1006 6043 79.
1026 6018 1052 6029 —
1072 5993 1113 6043 3⁴.
1132 5994 1154 6042 is
1171 5993 1245 6053 Gll¹;
1262 5996 1301 6044 bis
1317 5995 1346 6046 B.
