<?xml version="1.0" encoding="UTF-8"?>
<!DOCTYPE html PUBLIC "-//W3C//DTD XHTML 1.0 Transitional//EN"
    "http://www.w3.org/TR/xhtml1/DTD/xhtml1-transitional.dtd">
<html xmlns="http://www.w3.org/1999/xhtml" xml:lang="en" lang="en">
 <head>
  <title>
</title>
<meta http-equiv="Content-Type" content="text/html;charset=utf-8" />
  <meta name='ocr-system' content='tesseract 3.04.00' />
  <meta name='ocr-capabilities' content='ocr_page ocr_carea ocr_par ocr_line ocrx_word'/>
</head>
<body>
  <div class='ocr_page' id='page_1' title='image "./operaquaesupers00halmgoog/operaquaesupers00halmgoog_0432.png"; bbox 0 0 4342 7459; ppageno 0'>
   <div class='ocr_carea' id='block_1_1' title="bbox 447 1234 1328 1306">
    <p class='ocr_par' dir='ltr' id='par_1_1' title="bbox 447 1234 1328 1306">
     <span class='ocr_line' id='line_1_1' title="bbox 447 1234 1328 1306; baseline 0.007 -5"><span class='ocrx_word' id='word_1_1' title='bbox 447 1234 510 1302; x_wconf 79' lang='lat' dir='ltr'><strong>ltu</strong></span> <span class='ocrx_word' id='word_1_2' title='bbox 896 1240 950 1305; x_wconf 78' lang='lat' dir='ltr'><strong>llll</strong></span> <span class='ocrx_word' id='word_1_3' title='bbox 971 1239 1143 1306; x_wconf 81' lang='lat' dir='ltr'>DEORUM</span> <span class='ocrx_word' id='word_1_4' title='bbox 1164 1240 1328 1306; x_wconf 73' lang='lat' dir='ltr'><strong>Neruas</strong></span> 
     </span>
    </p>
   </div>
   <div class='ocr_carea' id='block_1_2' title="bbox 402 1399 1782 3747">
    <p class='ocr_par' dir='ltr' id='par_1_2' title="bbox 402 1399 1782 3747">
     <span class='ocr_line' id='line_1_2' title="bbox 448 1399 1781 1486; baseline 0.005 -22"><span class='ocrx_word' id='word_1_5' title='bbox 448 1401 643 1483; x_wconf 69' lang='lat' dir='ltr'><strong>detrusaque</strong></span> <span class='ocrx_word' id='word_1_6' title='bbox 664 1421 684 1465; x_wconf 93' lang='lat' dir='ltr'><strong>a</strong></span> <span class='ocrx_word' id='word_1_7' title='bbox 705 1400 834 1465; x_wconf 88' lang='lat' dir='ltr'><strong>Graecis</strong></span> <span class='ocrx_word' id='word_1_8' title='bbox 856 1402 1053 1478; x_wconf 89' lang='lat' dir='ltr'><strong>nominatur,</strong></span> <span class='ocrx_word' id='word_1_9' title='bbox 1076 1422 1158 1486; x_wconf 92' lang='lat' dir='ltr'><strong>quae</strong></span> <span class='ocrx_word' id='word_1_10' title='bbox 1180 1407 1300 1466; x_wconf 89' lang='lat' dir='ltr'><strong>aterra</strong></span> <span class='ocrx_word' id='word_1_11' title='bbox 1314 1399 1405 1464; x_wconf 88' lang='lat' dir='ltr'><strong>abest</strong></span> <span class='ocrx_word' id='word_1_12' title='bbox 1420 1400 1608 1485; x_wconf 91' lang='lat' dir='ltr'><strong>plurimum,</strong></span> <span class='ocrx_word' id='word_1_13' title='bbox 1631 1423 1699 1468; x_wconf 95' lang='grc' dir='ltr'><strong>ιιι</strong></span> <span class='ocrx_word' id='word_1_14' title='bbox 1713 1402 1781 1470; x_wconf 83' lang='lat' dir='ltr'><strong>lere</strong></span> 
     </span>
     <span class='ocr_line' id='line_1_3' title="bbox 445 1478 1782 1581; baseline 0.004 -23"><span class='ocrx_word' id='word_1_15' title='bbox 445 1496 538 1559; x_wconf 91' lang='lat' dir='ltr'><strong>annis</strong></span> <span class='ocrx_word' id='word_1_16' title='bbox 561 1517 687 1560; x_wconf 90' lang='lat' dir='ltr'><strong>cursum</strong></span> <span class='ocrx_word' id='word_1_17' title='bbox 710 1517 801 1561; x_wconf 93' lang='lat' dir='ltr'><strong>suum</strong></span> <span class='ocrx_word' id='word_1_18' title='bbox 824 1478 1019 1573; x_wconf 63' lang='lat' dir='ltr'><strong>coniicit,⁸in</strong></span> <span class='ocrx_word' id='word_1_19' title='bbox 1043 1518 1108 1581; x_wconf 95' lang='lat' dir='ltr'><strong>quo</strong></span> <span class='ocrx_word' id='word_1_20' title='bbox 1131 1517 1226 1560; x_wconf 90' lang='lat' dir='ltr'><strong>cursu</strong></span> <span class='ocrx_word' id='word_1_21' title='bbox 1241 1494 1340 1558; x_wconf 88' lang='lat' dir='ltr'><strong>multa</strong></span> <span class='ocrx_word' id='word_1_22' title='bbox 1353 1493 1539 1558; x_wconf 88' lang='lat' dir='ltr'><strong>mirabiliter</strong></span> <span class='ocrx_word' id='word_1_23' title='bbox 1552 1492 1696 1563; x_wconf 86' lang='lat' dir='ltr'><strong>efficiens</strong></span> <span class='ocrx_word' id='word_1_24' title='bbox 1712 1506 1782 1563; x_wconf 90' lang='lat' dir='ltr'><strong>tum</strong></span> 
     </span>
     <span class='ocr_line' id='line_1_4' title="bbox 446 1588 1782 1672; baseline 0.002 -19"><span class='ocrx_word' id='word_1_25' title='bbox 446 1592 682 1667; x_wconf 90' lang='lat' dir='ltr'><strong>antecedendo,</strong></span> <span class='ocrx_word' id='word_1_26' title='bbox 711 1600 777 1654; x_wconf 90' lang='lat' dir='ltr'><strong>tum</strong></span> <span class='ocrx_word' id='word_1_27' title='bbox 800 1591 1007 1667; x_wconf 86' lang='lat' dir='ltr'><strong>retardando,</strong></span> <span class='ocrx_word' id='word_1_28' title='bbox 1038 1599 1103 1654; x_wconf 91' lang='lat' dir='ltr'><strong>tum</strong></span> <span class='ocrx_word' id='word_1_29' title='bbox 1126 1589 1316 1672; x_wconf 89' lang='lat' dir='ltr'><strong>vespertinis</strong></span> <span class='ocrx_word' id='word_1_30' title='bbox 1346 1588 1539 1672; x_wconf 75' lang='lat' dir='ltr'><strong>temporibus</strong></span> <span class='ocrx_word' id='word_1_31' title='bbox 1561 1588 1782 1668; x_wconf 77' lang='lat' dir='ltr'><strong>delitiscendo,</strong></span> 
     </span>
     <span class='ocr_line' id='line_1_5' title="bbox 445 1684 1782 1770; baseline 0.003 -24"><span class='ocrx_word' id='word_1_32' title='bbox 445 1691 513 1747; x_wconf 92' lang='lat' dir='ltr'><strong>tum</strong></span> <span class='ocrx_word' id='word_1_33' title='bbox 535 1685 698 1749; x_wconf 81' lang='lat' dir='ltr'><strong>matutinis</strong></span> <span class='ocrx_word' id='word_1_34' title='bbox 720 1707 843 1749; x_wconf 89' lang='lat' dir='ltr'><strong>rursum</strong></span> <span class='ocrx_word' id='word_1_35' title='bbox 867 1707 901 1750; x_wconf 90' lang='lat' dir='ltr'><strong>se</strong></span> <span class='ocrx_word' id='word_1_36' title='bbox 924 1684 1111 1770; x_wconf 84' lang='lat' dir='ltr'><strong>apariendo&#39;,</strong></span> <span class='ocrx_word' id='word_1_37' title='bbox 1135 1684 1215 1748; x_wconf 90' lang='lat' dir='ltr'><strong>nibil</strong></span> <span class='ocrx_word' id='word_1_38' title='bbox 1237 1684 1371 1745; x_wconf 87' lang='lat' dir='ltr'><strong>inmutat</strong></span> <span class='ocrx_word' id='word_1_39' title='bbox 1388 1684 1589 1767; x_wconf 82' lang='lat' dir='ltr'><strong>sempiternis</strong></span> <span class='ocrx_word' id='word_1_40' title='bbox 1603 1685 1782 1750; x_wconf 82' lang='lat' dir='ltr'><strong>saeclorum</strong></span> 
     </span>
     <span class='ocr_line' id='line_1_6' title="bbox 421 1774 1781 1864; baseline 0.002 -23"><span class='ocrx_word' id='word_1_41' title='bbox 421 1780 618 1856; x_wconf 81' lang='lat' dir='ltr'><strong>tractatibus,</strong></span> <span class='ocrx_word' id='word_1_42' title='bbox 641 1781 719 1864; x_wconf 93' lang='lat' dir='ltr'><strong>quin</strong></span> <span class='ocrx_word' id='word_1_43' title='bbox 742 1780 854 1844; x_wconf 89' lang='lat' dir='ltr'><strong>eadem</strong></span> <span class='ocrx_word' id='word_1_44' title='bbox 875 1779 976 1843; x_wconf 90' lang='lat' dir='ltr'><strong>isdem</strong></span> <span class='ocrx_word' id='word_1_45' title='bbox 999 1778 1196 1862; x_wconf 86' lang='lat' dir='ltr'><strong>temporibus</strong></span> <span class='ocrx_word' id='word_1_46' title='bbox 1212 1774 1338 1840; x_wconf 84' lang='lat' dir='ltr'><strong>elliciat.</strong></span> <span class='ocrx_word' id='word_1_47' title='bbox 1374 1776 1461 1839; x_wconf 80' lang='lat' dir='ltr'><strong>lutra</strong></span> <span class='ocrx_word' id='word_1_48' title='bbox 1483 1783 1588 1841; x_wconf 90' lang='lat' dir='ltr'><strong>autem</strong></span> <span class='ocrx_word' id='word_1_49' title='bbox 1610 1778 1693 1843; x_wconf 88' lang='lat' dir='ltr'><strong>banc</strong></span> <span class='ocrx_word' id='word_1_50' title='bbox 1707 1800 1781 1863; x_wconf 93' lang='lat' dir='ltr'><strong>pro·</strong></span> 
     </span>
     <span class='ocr_line' id='line_1_7' title="bbox 445 1868 1782 1956; baseline 0.004 -24"><span class='ocrx_word' id='word_1_51' title='bbox 445 1871 519 1954; x_wconf 88' lang='lat' dir='ltr'><strong>pius</strong></span> <span class='ocrx_word' id='word_1_52' title='bbox 549 1893 567 1935; x_wconf 92' lang='lat' dir='ltr'><strong>a</strong></span> <span class='ocrx_word' id='word_1_53' title='bbox 597 1880 680 1937; x_wconf 92' lang='lat' dir='ltr'><strong>terra</strong></span> <span class='ocrx_word' id='word_1_54' title='bbox 708 1874 793 1937; x_wconf 90' lang='lat' dir='ltr'><strong>lovis</strong></span> <span class='ocrx_word' id='word_1_55' title='bbox 822 1874 914 1937; x_wconf 90' lang='lat' dir='ltr'><strong>stella</strong></span> <span class='ocrx_word' id='word_1_56' title='bbox 941 1874 1055 1947; x_wconf 86' lang='lat' dir='ltr'><strong>fertur,</strong></span> <span class='ocrx_word' id='word_1_57' title='bbox 1084 1892 1168 1956; x_wconf 92' lang='lat' dir='ltr'><strong>quae</strong></span> <span class='ocrx_word' id='word_1_58' title='bbox 1192 1874 1331 1935; x_wconf 66' lang='lat' dir='ltr'><strong>basem</strong></span> <span class='ocrx_word' id='word_1_59' title='bbox 1353 1868 1482 1944; x_wconf 90' lang='lat' dir='ltr'><strong>dicitur,</strong></span> <span class='ocrx_word' id='word_1_60' title='bbox 1512 1891 1615 1956; x_wconf 88' lang='lat' dir='ltr'><strong>eaque</strong></span> <span class='ocrx_word' id='word_1_61' title='bbox 1642 1874 1782 1938; x_wconf 87' lang='lat' dir='ltr'><strong>eundem</strong></span> 
     </span>
     <span class='ocr_line' id='line_1_8' title="bbox 445 1962 1782 2053; baseline 0.005 -26"><span class='ocrx_word' id='word_1_62' title='bbox 445 1964 614 2031; x_wconf 86' lang='lat' dir='ltr'><strong>duodecim</strong></span> <span class='ocrx_word' id='word_1_63' title='bbox 643 1967 805 2052; x_wconf 83' lang='lat' dir='ltr'><strong>signorum</strong></span> <span class='ocrx_word' id='word_1_64' title='bbox 833 1969 942 2031; x_wconf 92' lang='lat' dir='ltr'><strong>orbem</strong></span> <span class='ocrx_word' id='word_1_65' title='bbox 971 1968 1063 2031; x_wconf 90' lang='lat' dir='ltr'><strong>aunis</strong></span> <span class='ocrx_word' id='word_1_66' title='bbox 1092 1966 1260 2029; x_wconf 89' lang='lat' dir='ltr'><strong>duodecim</strong></span> <span class='ocrx_word' id='word_1_67' title='bbox 1294 1962 1424 2028; x_wconf 84' lang='lat' dir='ltr'><strong>conticit</strong></span> <span class='ocrx_word' id='word_1_68' title='bbox 1456 1964 1665 2051; x_wconf 91' lang='lat' dir='ltr'><strong>easdemque,</strong></span> <span class='ocrx_word' id='word_1_69' title='bbox 1699 1989 1782 2053; x_wconf 82' lang='lat' dir='ltr'><strong>quas</strong></span> 
     </span>
     <span class='ocr_line' id='line_1_9' title="bbox 445 2055 1782 2143; baseline 0.004 -21"><span class='ocrx_word' id='word_1_70' title='bbox 445 2058 572 2124; x_wconf 88' lang='lat' dir='ltr'><strong>Saturni</strong></span> <span class='ocrx_word' id='word_1_71' title='bbox 595 2062 701 2138; x_wconf 88' lang='lat' dir='ltr'><strong>stella,</strong></span> <span class='ocrx_word' id='word_1_72' title='bbox 723 2062 821 2126; x_wconf 83' lang='lat' dir='ltr'><strong>elficit</strong></span> <span class='ocrx_word' id='word_1_73' title='bbox 842 2063 875 2124; x_wconf 94' lang='lat' dir='ltr'><strong>in</strong></span> <span class='ocrx_word' id='word_1_74' title='bbox 891 2083 986 2126; x_wconf 92' lang='lat' dir='ltr'><strong>cursu</strong></span> <span class='ocrx_word' id='word_1_75' title='bbox 1000 2062 1182 2124; x_wconf 88' lang='lat' dir='ltr'><strong>varietates.</strong></span> <span class='ocrx_word' id='word_1_76' title='bbox 1225 2055 1275 2120; x_wconf 89' lang='grc'><strong>53.</strong></span> <span class='ocrx_word' id='word_1_77' title='bbox 1299 2058 1380 2122; x_wconf 83' lang='lat' dir='ltr'><strong>Huic</strong></span> <span class='ocrx_word' id='word_1_78' title='bbox 1402 2066 1508 2122; x_wconf 90' lang='lat' dir='ltr'><strong>autem</strong></span> <span class='ocrx_word' id='word_1_79' title='bbox 1530 2062 1709 2143; x_wconf 81' lang='lat' dir='ltr'><strong>proximum</strong></span> <span class='ocrx_word' id='word_1_80' title='bbox 1731 2064 1782 2127; x_wconf 91' lang='lat' dir='ltr'><strong>iu-</strong></span> 
     </span>
     <span class='ocr_line' id='line_1_10' title="bbox 443 2149 1782 2243; baseline 0.006 -29"><span class='ocrx_word' id='word_1_81' title='bbox 443 2149 592 2218; x_wconf 81' lang='lat' dir='ltr'><strong>feriorem</strong></span> <span class='ocrx_word' id='word_1_82' title='bbox 615 2156 723 2219; x_wconf 87' lang='lat' dir='ltr'><strong>orbem</strong></span> <span class='ocrx_word' id='word_1_83' title='bbox 747 2163 834 2219; x_wconf 90' lang='lat' dir='ltr'><strong>tenet</strong></span> <span class='ocrx_word' id='word_1_84' title='bbox 848 2155 1009 2238; x_wconf 79' lang='grc' dir='ltr'><strong>Πυρόεις,</strong></span> <span class='ocrx_word' id='word_1_85' title='bbox 1034 2176 1117 2240; x_wconf 88' lang='lat' dir='ltr'><strong>qnae</strong></span> <span class='ocrx_word' id='word_1_86' title='bbox 1132 2155 1224 2219; x_wconf 87' lang='lat' dir='ltr'><strong>stella</strong></span> <span class='ocrx_word' id='word_1_87' title='bbox 1239 2155 1345 2218; x_wconf 86' lang='lat' dir='ltr'><strong>Martis</strong></span> <span class='ocrx_word' id='word_1_88' title='bbox 1360 2155 1549 2238; x_wconf 92' lang='lat' dir='ltr'><strong>appellatur,</strong></span> <span class='ocrx_word' id='word_1_89' title='bbox 1572 2176 1675 2241; x_wconf 86' lang='lat' dir='ltr'><strong>eaque</strong></span> <span class='ocrx_word' id='word_1_90' title='bbox 1688 2165 1782 2243; x_wconf 87' lang='lat' dir='ltr'><strong>quat·</strong></span> 
     </span>
     <span class='ocr_line' id='line_1_11' title="bbox 407 2244 1781 2334; baseline 0.004 -22"><span class='ocrx_word' id='word_1_91' title='bbox 407 2252 518 2313; x_wconf 83' lang='lat' dir='ltr'><strong>totuor</strong></span> <span class='ocrx_word' id='word_1_92' title='bbox 539 2253 571 2311; x_wconf 89' lang='lat' dir='ltr'><strong>et</strong></span> <span class='ocrx_word' id='word_1_93' title='bbox 593 2249 703 2333; x_wconf 80' lang='lat' dir='ltr'><strong>viginti</strong></span> <span class='ocrx_word' id='word_1_94' title='bbox 725 2251 904 2326; x_wconf 89' lang='lat' dir='ltr'><strong>mensibus,</strong></span> <span class='ocrx_word' id='word_1_95' title='bbox 926 2271 999 2326; x_wconf 84' lang='lat' dir='ltr'><strong>sex,</strong></span> <span class='ocrx_word' id='word_1_96' title='bbox 1020 2258 1056 2314; x_wconf 90' lang='lat' dir='ltr'><strong>ut</strong></span> <span class='ocrx_word' id='word_1_97' title='bbox 1076 2251 1204 2334; x_wconf 88' lang='lat' dir='ltr'><strong>opinor,</strong></span> <span class='ocrx_word' id='word_1_98' title='bbox 1226 2244 1340 2312; x_wconf 90' lang='lat' dir='ltr'><strong>diebus</strong></span> <span class='ocrx_word' id='word_1_99' title='bbox 1363 2250 1485 2324; x_wconf 93' lang='lat' dir='ltr'><strong>minus,</strong></span> <span class='ocrx_word' id='word_1_100' title='bbox 1508 2252 1644 2316; x_wconf 90' lang='lat' dir='ltr'><strong>eundem</strong></span> <span class='ocrx_word' id='word_1_101' title='bbox 1666 2252 1781 2318; x_wconf 85' lang='lat' dir='ltr'><strong>lustrat</strong></span> 
     </span>
     <span class='ocr_line' id='line_1_12' title="bbox 444 2341 1780 2428; baseline 0.007 -26"><span class='ocrx_word' id='word_1_102' title='bbox 444 2341 568 2418; x_wconf 90' lang='lat' dir='ltr'><strong>orbem,</strong></span> <span class='ocrx_word' id='word_1_103' title='bbox 594 2364 688 2428; x_wconf 90' lang='lat' dir='ltr'><strong>quem</strong></span> <span class='ocrx_word' id='word_1_104' title='bbox 711 2344 793 2409; x_wconf 89' lang='lat' dir='ltr'><strong>duae</strong></span> <span class='ocrx_word' id='word_1_105' title='bbox 815 2347 1007 2427; x_wconf 85' lang='lat' dir='ltr'><strong>superiores.</strong></span> <span class='ocrx_word' id='word_1_106' title='bbox 1043 2343 1130 2408; x_wconf 84' lang='lat' dir='ltr'><strong>lnlra</strong></span> <span class='ocrx_word' id='word_1_107' title='bbox 1151 2344 1233 2407; x_wconf 90' lang='lat' dir='ltr'><strong>bano</strong></span> <span class='ocrx_word' id='word_1_108' title='bbox 1254 2351 1360 2406; x_wconf 88' lang='lat' dir='ltr'><strong>autem</strong></span> <span class='ocrx_word' id='word_1_109' title='bbox 1383 2343 1477 2407; x_wconf 90' lang='lat' dir='ltr'><strong>stella</strong></span> <span class='ocrx_word' id='word_1_110' title='bbox 1490 2345 1637 2409; x_wconf 82' lang='lat' dir='ltr'><strong>Mercurii</strong></span> <span class='ocrx_word' id='word_1_111' title='bbox 1651 2354 1719 2411; x_wconf 78' lang='lat' dir='ltr'><strong>ests</strong></span> <span class='ocrx_word' id='word_1_112' title='bbox 1741 2366 1780 2411; x_wconf 88' lang='lat' dir='ltr'><strong>ea</strong></span> 
     </span>
     <span class='ocr_line' id='line_1_13' title="bbox 443 2432 1781 2523; baseline 0.007 -26"><span class='ocrx_word' id='word_1_113' title='bbox 443 2432 594 2517; x_wconf 72' lang='grc' dir='ltr'><strong><em>Στίλβων</em></strong></span> <span class='ocrx_word' id='word_1_114' title='bbox 616 2439 794 2523; x_wconf 88' lang='lat' dir='ltr'><strong>appellatur</strong></span> <span class='ocrx_word' id='word_1_115' title='bbox 813 2460 833 2504; x_wconf 94' lang='lat' dir='ltr'><strong>a</strong></span> <span class='ocrx_word' id='word_1_116' title='bbox 848 2440 999 2503; x_wconf 86' lang='lat' dir='ltr'><strong>Graecis:</strong></span> <span class='ocrx_word' id='word_1_117' title='bbox 1019 2457 1104 2522; x_wconf 91' lang='lat' dir='ltr'><strong>quae</strong></span> <span class='ocrx_word' id='word_1_118' title='bbox 1125 2457 1209 2500; x_wconf 92' lang='lat' dir='ltr'><strong>anuo</strong></span> <span class='ocrx_word' id='word_1_119' title='bbox 1224 2436 1291 2500; x_wconf 87' lang='lat' dir='ltr'><strong>fero</strong></span> <span class='ocrx_word' id='word_1_120' title='bbox 1306 2444 1450 2499; x_wconf 91' lang='lat' dir='ltr'><strong>vertente</strong></span> <span class='ocrx_word' id='word_1_121' title='bbox 1465 2437 1652 2520; x_wconf 77' lang='lat' dir='ltr'><strong>signiferum</strong></span> <span class='ocrx_word' id='word_1_122' title='bbox 1665 2438 1781 2506; x_wconf 85' lang='lat' dir='ltr'><strong>lustrat</strong></span> 
     </span>
     <span class='ocr_line' id='line_1_14' title="bbox 444 2529 1778 2617; baseline 0.007 -27"><span class='ocrx_word' id='word_1_123' title='bbox 444 2529 553 2593; x_wconf 92' lang='lat' dir='ltr'><strong>orbem</strong></span> <span class='ocrx_word' id='word_1_124' title='bbox 576 2552 682 2615; x_wconf 88' lang='lat' dir='ltr'><strong>noque</strong></span> <span class='ocrx_word' id='word_1_125' title='bbox 704 2553 724 2597; x_wconf 94' lang='lat' dir='ltr'><strong>a</strong></span> <span class='ocrx_word' id='word_1_126' title='bbox 745 2534 813 2597; x_wconf 92' lang='lat' dir='ltr'><strong>sole</strong></span> <span class='ocrx_word' id='word_1_127' title='bbox 834 2534 962 2617; x_wconf 77' lang='lat' dir='ltr'><strong>lougius</strong></span> <span class='ocrx_word' id='word_1_128' title='bbox 984 2552 1137 2616; x_wconf 88' lang='lat' dir='ltr'><strong>umquam</strong></span> <span class='ocrx_word' id='word_1_129' title='bbox 1152 2532 1249 2596; x_wconf 89' lang='lat' dir='ltr'><strong>unius</strong></span> <span class='ocrx_word' id='word_1_130' title='bbox 1264 2531 1346 2615; x_wconf 80' lang='lat' dir='ltr'><strong>signi</strong></span> <span class='ocrx_word' id='word_1_131' title='bbox 1362 2530 1529 2595; x_wconf 92' lang='lat' dir='ltr'><strong>intervallo</strong></span> <span class='ocrx_word' id='word_1_132' title='bbox 1544 2532 1691 2610; x_wconf 84' lang='lat' dir='ltr'><strong>discedit,</strong></span> <span class='ocrx_word' id='word_1_133' title='bbox 1711 2542 1778 2599; x_wconf 88' lang='lat' dir='ltr'><strong>tum</strong></span> 
     </span>
     <span class='ocr_line' id='line_1_15' title="bbox 442 2625 1778 2713; baseline 0.005 -28"><span class='ocrx_word' id='word_1_134' title='bbox 442 2629 663 2702; x_wconf 78' lang='lat' dir='ltr'><strong>antevertens,</strong></span> <span class='ocrx_word' id='word_1_135' title='bbox 691 2635 758 2691; x_wconf 90' lang='lat' dir='ltr'><strong>tum</strong></span> <span class='ocrx_word' id='word_1_136' title='bbox 785 2627 995 2711; x_wconf 88' lang='lat' dir='ltr'><strong>subsequens.</strong></span> <span class='ocrx_word' id='word_1_137' title='bbox 1031 2626 1144 2689; x_wconf 86' lang='lat' dir='ltr'><strong>lulima</strong></span> <span class='ocrx_word' id='word_1_138' title='bbox 1171 2635 1219 2691; x_wconf 88' lang='lat' dir='ltr'><strong>est</strong></span> <span class='ocrx_word' id='word_1_139' title='bbox 1241 2626 1385 2711; x_wconf 89' lang='lat' dir='ltr'><strong>quinque</strong></span> <span class='ocrx_word' id='word_1_140' title='bbox 1409 2625 1582 2690; x_wconf 84' lang='lat' dir='ltr'><strong>errantium</strong></span> <span class='ocrx_word' id='word_1_141' title='bbox 1609 2635 1778 2713; x_wconf 87' lang='lat' dir='ltr'><strong>terraeque</strong></span> 
     </span>
     <span class='ocr_line' id='line_1_16' title="bbox 406 2717 1778 2806; baseline 0.002 -23"><span class='ocrx_word' id='word_1_142' title='bbox 406 2718 589 2799; x_wconf 79' lang='lat' dir='ltr'><strong>reproxima</strong></span> <span class='ocrx_word' id='word_1_143' title='bbox 611 2719 703 2786; x_wconf 85' lang='lat' dir='ltr'><strong>stella</strong></span> <span class='ocrx_word' id='word_1_144' title='bbox 726 2722 872 2798; x_wconf 86' lang='lat' dir='ltr'><strong>Veneris,</strong></span> <span class='ocrx_word' id='word_1_145' title='bbox 893 2742 976 2806; x_wconf 91' lang='lat' dir='ltr'><strong>quae</strong></span> <span class='ocrx_word' id='word_1_146' title='bbox 1000 2720 1185 2802; x_wconf 82' lang='grc' dir='ltr'><strong><em>Φωσφόρος</em></strong></span> <span class='ocrx_word' id='word_1_147' title='bbox 1208 2720 1345 2794; x_wconf 88' lang='lat' dir='ltr'><strong>Graece,</strong></span> <span class='ocrx_word' id='word_1_148' title='bbox 1367 2717 1496 2782; x_wconf 82' lang='lat' dir='ltr'><strong>Lucifer</strong></span> <span class='ocrx_word' id='word_1_149' title='bbox 1517 2719 1628 2785; x_wconf 85' lang='lat' dir='ltr'><strong>Latine</strong></span> <span class='ocrx_word' id='word_1_150' title='bbox 1650 2721 1778 2797; x_wconf 89' lang='lat' dir='ltr'><strong>dicitur,</strong></span> 
     </span>
     <span class='ocr_line' id='line_1_17' title="bbox 443 2813 1778 2899; baseline 0.004 -25"><span class='ocrx_word' id='word_1_151' title='bbox 443 2829 515 2874; x_wconf 89' lang='lat' dir='ltr'><strong>cum</strong></span> <span class='ocrx_word' id='word_1_152' title='bbox 537 2815 755 2897; x_wconf 72' lang='lat' dir='ltr'><strong>antegreditur</strong></span> <span class='ocrx_word' id='word_1_153' title='bbox 776 2816 892 2891; x_wconf 91' lang='lat' dir='ltr'><strong>solem,</strong></span> <span class='ocrx_word' id='word_1_154' title='bbox 916 2836 987 2880; x_wconf 91' lang='lat' dir='ltr'><strong>cum</strong></span> <span class='ocrx_word' id='word_1_155' title='bbox 1010 2816 1214 2899; x_wconf 89' lang='lat' dir='ltr'><strong>subsequitur</strong></span> <span class='ocrx_word' id='word_1_156' title='bbox 1235 2822 1352 2889; x_wconf 88' lang='lat' dir='ltr'><strong>autem,</strong></span> <span class='ocrx_word' id='word_1_157' title='bbox 1367 2813 1544 2898; x_wconf 80' lang='grc' dir='ltr'><strong><em>Ἕσπερος.</em></strong></span> <span class='ocrx_word' id='word_1_158' title='bbox 1582 2816 1629 2879; x_wconf 88' lang='lat' dir='ltr'><strong>Ea</strong></span> <span class='ocrx_word' id='word_1_159' title='bbox 1651 2835 1778 2880; x_wconf 87' lang='lat' dir='ltr'><strong>cursum</strong></span> 
     </span>
     <span class='ocr_line' id='line_1_18' title="bbox 442 2907 1778 2994; baseline 0.005 -26"><span class='ocrx_word' id='word_1_160' title='bbox 442 2925 527 2970; x_wconf 91' lang='lat' dir='ltr'><strong>anno</strong></span> <span class='ocrx_word' id='word_1_161' title='bbox 549 2908 678 2974; x_wconf 89' lang='lat' dir='ltr'><strong>conficit</strong></span> <span class='ocrx_word' id='word_1_162' title='bbox 692 2917 725 2975; x_wconf 90' lang='lat' dir='ltr'><strong>et</strong></span> <span class='ocrx_word' id='word_1_163' title='bbox 745 2909 944 2975; x_wconf 90' lang='lat' dir='ltr'><strong>latitudinem</strong></span> <span class='ocrx_word' id='word_1_164' title='bbox 962 2910 1101 2974; x_wconf 89' lang='lat' dir='ltr'><strong>lustrans</strong></span> <span class='ocrx_word' id='word_1_165' title='bbox 1117 2909 1258 2994; x_wconf 78' lang='lat' dir='ltr'><strong>signiferi</strong></span> <span class='ocrx_word' id='word_1_166' title='bbox 1274 2908 1359 2972; x_wconf 90' lang='lat' dir='ltr'><strong>orbis</strong></span> <span class='ocrx_word' id='word_1_167' title='bbox 1375 2916 1407 2971; x_wconf 96' lang='lat' dir='ltr'><strong>et</strong></span> <span class='ocrx_word' id='word_1_168' title='bbox 1424 2907 1668 2991; x_wconf 78' lang='lat' dir='ltr'><strong>longitudinem,</strong></span> <span class='ocrx_word' id='word_1_169' title='bbox 1689 2908 1778 2994; x_wconf 90' lang='lat' dir='ltr'><strong>quod</strong></span> 
     </span>
     <span class='ocr_line' id='line_1_19' title="bbox 442 2999 1778 3088; baseline 0.003 -25"><span class='ocrx_word' id='word_1_170' title='bbox 442 2999 526 3064; x_wconf 89' lang='lat' dir='ltr'><strong>idem</strong></span> <span class='ocrx_word' id='word_1_171' title='bbox 547 3001 669 3068; x_wconf 85' lang='lat' dir='ltr'><strong>iaciunt</strong></span> <span class='ocrx_word' id='word_1_172' title='bbox 690 3004 802 3068; x_wconf 85' lang='lat' dir='ltr'><strong>stellae</strong></span> <span class='ocrx_word' id='word_1_173' title='bbox 824 3005 1016 3088; x_wconf 88' lang='lat' dir='ltr'><strong>superiores,</strong></span> <span class='ocrx_word' id='word_1_174' title='bbox 1038 3024 1146 3088; x_wconf 90' lang='lat' dir='ltr'><strong>neque</strong></span> <span class='ocrx_word' id='word_1_175' title='bbox 1160 3022 1312 3087; x_wconf 90' lang='lat' dir='ltr'><strong>umquam</strong></span> <span class='ocrx_word' id='word_1_176' title='bbox 1327 3001 1366 3064; x_wconf 82' lang='lat' dir='ltr'><strong>ab</strong></span> <span class='ocrx_word' id='word_1_177' title='bbox 1382 3001 1450 3065; x_wconf 92' lang='lat' dir='ltr'><strong>sole</strong></span> <span class='ocrx_word' id='word_1_178' title='bbox 1466 3000 1601 3066; x_wconf 90' lang='lat' dir='ltr'><strong>duorum</strong></span> <span class='ocrx_word' id='word_1_179' title='bbox 1616 3003 1778 3085; x_wconf 74' lang='lat' dir='ltr'><strong>signorum</strong></span> 
     </span>
     <span class='ocr_line' id='line_1_20' title="bbox 442 3094 1778 3180; baseline 0.002 -21"><span class='ocrx_word' id='word_1_180' title='bbox 442 3094 610 3161; x_wconf 90' lang='lat' dir='ltr'><strong>intervallo</strong></span> <span class='ocrx_word' id='word_1_181' title='bbox 623 3098 749 3180; x_wconf 78' lang='lat' dir='ltr'><strong>longius</strong></span> <span class='ocrx_word' id='word_1_182' title='bbox 765 3099 899 3163; x_wconf 88' lang='lat' dir='ltr'><strong>discedit</strong></span> <span class='ocrx_word' id='word_1_183' title='bbox 914 3108 980 3164; x_wconf 90' lang='lat' dir='ltr'><strong>tum</strong></span> <span class='ocrx_word' id='word_1_184' title='bbox 994 3097 1198 3173; x_wconf 87' lang='lat' dir='ltr'><strong>antecedens,</strong></span> <span class='ocrx_word' id='word_1_185' title='bbox 1214 3105 1279 3161; x_wconf 93' lang='lat' dir='ltr'><strong>tum</strong></span> <span class='ocrx_word' id='word_1_186' title='bbox 1293 3098 1501 3180; x_wconf 91' lang='lat' dir='ltr'><strong>subsequens.</strong></span> <span class='ocrx_word' id='word_1_187' title='bbox 1524 3097 1611 3159; x_wconf 81' lang='lat' dir='ltr'><strong>XXI.</strong></span> <span class='ocrx_word' id='word_1_188' title='bbox 1621 3094 1675 3161; x_wconf 81' lang='lat' dir='ltr'><strong>5t.</strong></span> <span class='ocrx_word' id='word_1_189' title='bbox 1689 3098 1778 3162; x_wconf 87' lang='lat' dir='ltr'><strong>llauo</strong></span> 
     </span>
     <span class='ocr_line' id='line_1_21' title="bbox 404 3188 1778 3273; baseline 0.001 -20"><span class='ocrx_word' id='word_1_190' title='bbox 404 3188 539 3273; x_wconf 71' lang='lat' dir='ltr'><strong>adigitur</strong></span> <span class='ocrx_word' id='word_1_191' title='bbox 564 3191 597 3254; x_wconf 93' lang='lat' dir='ltr'><strong>in</strong></span> <span class='ocrx_word' id='word_1_192' title='bbox 626 3192 727 3255; x_wconf 88' lang='lat' dir='ltr'><strong>stellis</strong></span> <span class='ocrx_word' id='word_1_193' title='bbox 758 3193 982 3268; x_wconf 87' lang='lat' dir='ltr'><strong>constantiam,</strong></span> <span class='ocrx_word' id='word_1_194' title='bbox 1012 3195 1094 3257; x_wconf 91' lang='lat' dir='ltr'><strong>banc</strong></span> <span class='ocrx_word' id='word_1_195' title='bbox 1120 3200 1236 3257; x_wconf 87' lang='lat' dir='ltr'><strong>tantam</strong></span> <span class='ocrx_word' id='word_1_196' title='bbox 1261 3199 1324 3255; x_wconf 89' lang='lat' dir='ltr'><strong>tam</strong></span> <span class='ocrx_word' id='word_1_197' title='bbox 1347 3191 1446 3255; x_wconf 90' lang='lat' dir='ltr'><strong>variis</strong></span> <span class='ocrx_word' id='word_1_198' title='bbox 1467 3190 1613 3253; x_wconf 91' lang='lat' dir='ltr'><strong>cursibus</strong></span> <span class='ocrx_word' id='word_1_199' title='bbox 1633 3190 1668 3253; x_wconf 93' lang='lat' dir='ltr'><strong>in</strong></span> <span class='ocrx_word' id='word_1_200' title='bbox 1691 3189 1778 3254; x_wconf 90' lang='lat' dir='ltr'><strong>omni</strong></span> 
     </span>
     <span class='ocr_line' id='line_1_22' title="bbox 441 3275 1777 3370; baseline -0.001 -21"><span class='ocrx_word' id='word_1_201' title='bbox 441 3275 632 3349; x_wconf 71' lang='lat' dir='ltr'><strong>aeternitate</strong></span> <span class='ocrx_word' id='word_1_202' title='bbox 649 3287 901 3350; x_wconf 85' lang='lat' dir='ltr'><strong>convenientiam</strong></span> <span class='ocrx_word' id='word_1_203' title='bbox 924 3296 1103 3370; x_wconf 91' lang='lat' dir='ltr'><strong>temporum</strong></span> <span class='ocrx_word' id='word_1_204' title='bbox 1128 3307 1190 3351; x_wconf 92' lang='lat' dir='ltr'><strong>non</strong></span> <span class='ocrx_word' id='word_1_205' title='bbox 1212 3306 1343 3369; x_wconf 91' lang='lat' dir='ltr'><strong>possum</strong></span> <span class='ocrx_word' id='word_1_206' title='bbox 1365 3284 1552 3368; x_wconf 77' lang='lat' dir='ltr'><strong>intellegere</strong></span> <span class='ocrx_word' id='word_1_207' title='bbox 1575 3285 1644 3349; x_wconf 89' lang='lat' dir='ltr'><strong>sine</strong></span> <span class='ocrx_word' id='word_1_208' title='bbox 1660 3292 1777 3359; x_wconf 91' lang='lat' dir='ltr'><strong>mente,</strong></span> 
     </span>
     <span class='ocr_line' id='line_1_23' title="bbox 440 3379 1777 3463; baseline 0.001 -21"><span class='ocrx_word' id='word_1_209' title='bbox 440 3381 579 3455; x_wconf 90' lang='lat' dir='ltr'><strong>ratione,</strong></span> <span class='ocrx_word' id='word_1_210' title='bbox 602 3380 746 3444; x_wconf 89' lang='lat' dir='ltr'><strong>consilio.</strong></span> <span class='ocrx_word' id='word_1_211' title='bbox 778 3381 868 3457; x_wconf 89' lang='lat' dir='ltr'><strong>Quae</strong></span> <span class='ocrx_word' id='word_1_212' title='bbox 889 3402 960 3445; x_wconf 90' lang='lat' dir='ltr'><strong>cum</strong></span> <span class='ocrx_word' id='word_1_213' title='bbox 978 3382 1012 3445; x_wconf 92' lang='lat' dir='ltr'><strong>in</strong></span> <span class='ocrx_word' id='word_1_214' title='bbox 1028 3382 1185 3446; x_wconf 88' lang='lat' dir='ltr'><strong>sideribus</strong></span> <span class='ocrx_word' id='word_1_215' title='bbox 1199 3381 1306 3445; x_wconf 90' lang='lat' dir='ltr'><strong>inesse</strong></span> <span class='ocrx_word' id='word_1_216' title='bbox 1322 3379 1504 3456; x_wconf 88' lang='lat' dir='ltr'><strong>videamus,</strong></span> <span class='ocrx_word' id='word_1_217' title='bbox 1526 3399 1592 3443; x_wconf 93' lang='lat' dir='ltr'><strong>nou</strong></span> <span class='ocrx_word' id='word_1_218' title='bbox 1606 3397 1777 3463; x_wconf 86' lang='lat' dir='ltr'><strong>possumus</strong></span> 
     </span>
     <span class='ocr_line' id='line_1_24' title="bbox 441 3473 1777 3558; baseline 0 -21"><span class='ocrx_word' id='word_1_219' title='bbox 441 3494 479 3538; x_wconf 90' lang='lat' dir='ltr'><strong>ea</strong></span> <span class='ocrx_word' id='word_1_220' title='bbox 510 3474 582 3557; x_wconf 92' lang='lat' dir='ltr'><strong>ipsa</strong></span> <span class='ocrx_word' id='word_1_221' title='bbox 607 3494 673 3537; x_wconf 93' lang='lat' dir='ltr'><strong>nou</strong></span> <span class='ocrx_word' id='word_1_222' title='bbox 701 3475 890 3539; x_wconf 89' lang='lat' dir='ltr'><strong>iudeorum</strong></span> <span class='ocrx_word' id='word_1_223' title='bbox 919 3497 1052 3540; x_wconf 92' lang='lat' dir='ltr'><strong>numero</strong></span> <span class='ocrx_word' id='word_1_224' title='bbox 1075 3493 1242 3558; x_wconf 88' lang='lat' dir='ltr'><strong>reponere.</strong></span> <span class='ocrx_word' id='word_1_225' title='bbox 1273 3476 1339 3537; x_wconf 88' lang='lat' dir='ltr'><strong>Nec</strong></span> <span class='ocrx_word' id='word_1_226' title='bbox 1360 3493 1435 3537; x_wconf 90' lang='lat' dir='ltr'><strong>vero</strong></span> <span class='ocrx_word' id='word_1_227' title='bbox 1458 3493 1515 3537; x_wconf 91' lang='lat' dir='ltr'><strong>eae</strong></span> <span class='ocrx_word' id='word_1_228' title='bbox 1536 3473 1662 3548; x_wconf 89' lang='lat' dir='ltr'><strong>stellae,</strong></span> <span class='ocrx_word' id='word_1_229' title='bbox 1695 3490 1777 3556; x_wconf 84' lang='lat' dir='ltr'><strong>quae</strong></span> 
     </span>
     <span class='ocr_line' id='line_1_25' title="bbox 440 3566 1777 3652; baseline 0.001 -23"><span class='ocrx_word' id='word_1_230' title='bbox 440 3566 617 3631; x_wconf 85' lang='lat' dir='ltr'><strong>inerrantes</strong></span> <span class='ocrx_word' id='word_1_231' title='bbox 646 3577 814 3646; x_wconf 88' lang='lat' dir='ltr'><strong>vocantur,</strong></span> <span class='ocrx_word' id='word_1_232' title='bbox 842 3589 908 3632; x_wconf 94' lang='lat' dir='ltr'><strong>non</strong></span> <span class='ocrx_word' id='word_1_233' title='bbox 936 3566 1115 3652; x_wconf 79' lang='lat' dir='ltr'><strong>significant</strong></span> <span class='ocrx_word' id='word_1_234' title='bbox 1136 3568 1271 3631; x_wconf 90' lang='lat' dir='ltr'><strong>eandem</strong></span> <span class='ocrx_word' id='word_1_235' title='bbox 1292 3575 1430 3630; x_wconf 91' lang='lat' dir='ltr'><strong>mentem</strong></span> <span class='ocrx_word' id='word_1_236' title='bbox 1447 3573 1543 3651; x_wconf 90' lang='lat' dir='ltr'><strong>atque</strong></span> <span class='ocrx_word' id='word_1_237' title='bbox 1563 3567 1777 3651; x_wconf 90' lang='lat' dir='ltr'><strong>prudentiam,</strong></span> 
     </span>
     <span class='ocr_line' id='line_1_26' title="bbox 402 3661 1777 3747; baseline 0.001 -24"><span class='ocrx_word' id='word_1_238' title='bbox 402 3674 576 3747; x_wconf 59' lang='lat' dir='ltr'><strong>”quarum</strong></span> <span class='ocrx_word' id='word_1_239' title='bbox 598 3671 647 3727; x_wconf 90' lang='lat' dir='ltr'><strong>est</strong></span> <span class='ocrx_word' id='word_1_240' title='bbox 668 3665 827 3728; x_wconf 92' lang='lat' dir='ltr'><strong>cotidiana</strong></span> <span class='ocrx_word' id='word_1_241' title='bbox 850 3665 1043 3727; x_wconf 88' lang='lat' dir='ltr'><strong>conveniens</strong></span> <span class='ocrx_word' id='word_1_242' title='bbox 1065 3670 1279 3746; x_wconf 89' lang='lat' dir='ltr'><strong>constansque</strong></span> <span class='ocrx_word' id='word_1_243' title='bbox 1301 3662 1479 3735; x_wconf 87' lang='lat' dir='ltr'><strong>conversio,</strong></span> <span class='ocrx_word' id='word_1_244' title='bbox 1502 3681 1561 3725; x_wconf 90' lang='lat' dir='ltr'><strong>nec</strong></span> <span class='ocrx_word' id='word_1_245' title='bbox 1582 3661 1703 3725; x_wconf 86' lang='lat' dir='ltr'><strong>babent</strong></span> <span class='ocrx_word' id='word_1_246' title='bbox 1722 3679 1777 3725; x_wconf 86' lang='lat' dir='ltr'><strong>as·</strong></span> 
     </span>
    </p>
   </div>
   <div class='ocr_carea' id='block_1_3' title="bbox 401 3755 1777 4313">
    <p class='ocr_par' dir='ltr' id='par_1_3' title="bbox 401 3755 1777 4313">
     <span class='ocr_line' id='line_1_27' title="bbox 440 3755 1776 3841; baseline -0.001 -20"><span class='ocrx_word' id='word_1_247' title='bbox 440 3758 563 3822; x_wconf 85' lang='lat' dir='ltr'><strong>tberios</strong></span> <span class='ocrx_word' id='word_1_248' title='bbox 585 3778 696 3822; x_wconf 89' lang='lat' dir='ltr'><strong>cursus</strong></span> <span class='ocrx_word' id='word_1_249' title='bbox 718 3778 824 3841; x_wconf 90' lang='lat' dir='ltr'><strong>neque</strong></span> <span class='ocrx_word' id='word_1_250' title='bbox 845 3759 934 3822; x_wconf 90' lang='lat' dir='ltr'><strong>caelo</strong></span> <span class='ocrx_word' id='word_1_251' title='bbox 957 3757 1174 3833; x_wconf 88' lang='lat' dir='ltr'><strong>inhaerentes,</strong></span> <span class='ocrx_word' id='word_1_252' title='bbox 1197 3765 1232 3819; x_wconf 93' lang='lat' dir='ltr'><strong>ut</strong></span> <span class='ocrx_word' id='word_1_253' title='bbox 1253 3755 1398 3839; x_wconf 89' lang='lat' dir='ltr'><strong>plerique</strong></span> <span class='ocrx_word' id='word_1_254' title='bbox 1421 3755 1531 3819; x_wconf 91' lang='lat' dir='ltr'><strong>dicunt</strong></span> <span class='ocrx_word' id='word_1_255' title='bbox 1552 3755 1704 3840; x_wconf 79' lang='lat' dir='ltr'><strong>physicae</strong></span> <span class='ocrx_word' id='word_1_256' title='bbox 1725 3774 1776 3819; x_wconf 82' lang='lat' dir='ltr'><strong>ra-</strong></span> 
     </span>
     <span class='ocr_line' id='line_1_28' title="bbox 441 3848 1774 3935; baseline 0 -21"><span class='ocrx_word' id='word_1_257' title='bbox 441 3848 537 3915; x_wconf 89' lang='lat' dir='ltr'><strong>tionis</strong></span> <span class='ocrx_word' id='word_1_258' title='bbox 559 3852 671 3935; x_wconf 78' lang='lat' dir='ltr'><strong>ignari.</strong></span> <span class='ocrx_word' id='word_1_259' title='bbox 704 3854 776 3915; x_wconf 88' lang='lat' dir='ltr'><strong>Non</strong></span> <span class='ocrx_word' id='word_1_260' title='bbox 799 3861 846 3915; x_wconf 91' lang='lat' dir='ltr'><strong>est</strong></span> <span class='ocrx_word' id='word_1_261' title='bbox 868 3854 953 3916; x_wconf 90' lang='lat' dir='ltr'><strong>enim</strong></span> <span class='ocrx_word' id='word_1_262' title='bbox 967 3850 1104 3916; x_wconf 87' lang='lat' dir='ltr'><strong>aetberis</strong></span> <span class='ocrx_word' id='word_1_263' title='bbox 1119 3870 1156 3914; x_wconf 90' lang='lat' dir='ltr'><strong>ea</strong></span> <span class='ocrx_word' id='word_1_264' title='bbox 1171 3858 1298 3925; x_wconf 88' lang='lat' dir='ltr'><strong>natura,</strong></span> <span class='ocrx_word' id='word_1_265' title='bbox 1321 3858 1357 3914; x_wconf 91' lang='lat' dir='ltr'><strong>ut</strong></span> <span class='ocrx_word' id='word_1_266' title='bbox 1371 3851 1402 3913; x_wconf 89' lang='lat' dir='ltr'><strong>vi</strong></span> <span class='ocrx_word' id='word_1_267' title='bbox 1418 3870 1475 3913; x_wconf 87' lang='lat' dir='ltr'><strong>sua</strong></span> <span class='ocrx_word' id='word_1_268' title='bbox 1491 3850 1598 3915; x_wconf 90' lang='lat' dir='ltr'><strong>stellas</strong></span> <span class='ocrx_word' id='word_1_269' title='bbox 1614 3848 1774 3934; x_wconf 84' lang='lat' dir='ltr'><strong>conplexa</strong></span> 
     </span>
     <span class='ocr_line' id='line_1_29' title="bbox 440 3945 1777 4030; baseline 0.001 -23"><span class='ocrx_word' id='word_1_270' title='bbox 440 3953 665 4028; x_wconf 88' lang='lat' dir='ltr'><strong>contorqueat;</strong></span> <span class='ocrx_word' id='word_1_271' title='bbox 691 3965 762 4009; x_wconf 88' lang='lat' dir='ltr'><strong>nam</strong></span> <span class='ocrx_word' id='word_1_272' title='bbox 784 3948 891 4012; x_wconf 91' lang='lat' dir='ltr'><strong>tenuis</strong></span> <span class='ocrx_word' id='word_1_273' title='bbox 913 3967 950 4011; x_wconf 92' lang='lat' dir='ltr'><strong>ac</strong></span> <span class='ocrx_word' id='word_1_274' title='bbox 971 3948 1141 4030; x_wconf 87' lang='lat' dir='ltr'><strong>perlucens</strong></span> <span class='ocrx_word' id='word_1_275' title='bbox 1163 3955 1195 4009; x_wconf 91' lang='lat' dir='ltr'><strong>et</strong></span> <span class='ocrx_word' id='word_1_276' title='bbox 1213 3945 1374 4029; x_wconf 87' lang='lat' dir='ltr'><strong>aequabili</strong></span> <span class='ocrx_word' id='word_1_277' title='bbox 1388 3945 1493 4009; x_wconf 90' lang='lat' dir='ltr'><strong>calore</strong></span> <span class='ocrx_word' id='word_1_278' title='bbox 1511 3947 1651 4009; x_wconf 78' lang='lat' dir='ltr'><strong>suffusus</strong></span> <span class='ocrx_word' id='word_1_279' title='bbox 1666 3947 1777 4009; x_wconf 86' lang='lat' dir='ltr'><strong>aetber</strong></span> 
     </span>
     <span class='ocr_line' id='line_1_30' title="bbox 439 4037 1775 4123; baseline 0.001 -22"><span class='ocrx_word' id='word_1_280' title='bbox 439 4057 505 4102; x_wconf 92' lang='lat' dir='ltr'><strong>uon</strong></span> <span class='ocrx_word' id='word_1_281' title='bbox 528 4044 603 4103; x_wconf 88' lang='lat' dir='ltr'><strong>satis</strong></span> <span class='ocrx_word' id='word_1_282' title='bbox 626 4050 719 4123; x_wconf 89' lang='lat' dir='ltr'><strong>aptus</strong></span> <span class='ocrx_word' id='word_1_283' title='bbox 741 4042 781 4105; x_wconf 91' lang='lat' dir='ltr'><strong>ad</strong></span> <span class='ocrx_word' id='word_1_284' title='bbox 804 4042 910 4106; x_wconf 89' lang='lat' dir='ltr'><strong>stellas</strong></span> <span class='ocrx_word' id='word_1_285' title='bbox 937 4042 1144 4105; x_wconf 88' lang='lat' dir='ltr'><strong>continendas</strong></span> <span class='ocrx_word' id='word_1_286' title='bbox 1166 4040 1301 4104; x_wconf 90' lang='lat' dir='ltr'><strong>videtur.</strong></span> <span class='ocrx_word' id='word_1_287' title='bbox 1344 4037 1396 4100; x_wconf 84' lang='lat'><strong>55.</strong></span> <span class='ocrx_word' id='word_1_288' title='bbox 1419 4039 1545 4102; x_wconf 87' lang='lat' dir='ltr'><strong>llabent</strong></span> <span class='ocrx_word' id='word_1_289' title='bbox 1566 4040 1662 4121; x_wconf 80' lang='lat' dir='ltr'><strong>igitur</strong></span> <span class='ocrx_word' id='word_1_290' title='bbox 1684 4057 1775 4102; x_wconf 88' lang='lat' dir='ltr'><strong>suam</strong></span> 
     </span>
     <span class='ocr_line' id='line_1_31' title="bbox 401 4132 1775 4217; baseline 0.001 -25"><span class='ocrx_word' id='word_1_291' title='bbox 401 4133 606 4217; x_wconf 80' lang='lat' dir='ltr'><strong>tospbacram</strong></span> <span class='ocrx_word' id='word_1_292' title='bbox 639 4135 748 4198; x_wconf 91' lang='lat' dir='ltr'><strong>stellae</strong></span> <span class='ocrx_word' id='word_1_293' title='bbox 777 4138 968 4211; x_wconf 87' lang='lat' dir='ltr'><strong>inerrantes,</strong></span> <span class='ocrx_word' id='word_1_294' title='bbox 991 4138 1030 4199; x_wconf 90' lang='lat' dir='ltr'><strong>ab</strong></span> <span class='ocrx_word' id='word_1_295' title='bbox 1053 4136 1194 4199; x_wconf 90' lang='lat' dir='ltr'><strong>aetheria</strong></span> <span class='ocrx_word' id='word_1_296' title='bbox 1216 4134 1441 4198; x_wconf 90' lang='lat' dir='ltr'><strong>coniunctione</strong></span> <span class='ocrx_word' id='word_1_297' title='bbox 1464 4141 1618 4196; x_wconf 89' lang='lat' dir='ltr'><strong>secretam</strong></span> <span class='ocrx_word' id='word_1_298' title='bbox 1641 4139 1673 4195; x_wconf 91' lang='lat' dir='ltr'><strong>et</strong></span> <span class='ocrx_word' id='word_1_299' title='bbox 1694 4132 1775 4194; x_wconf 90' lang='lat' dir='ltr'><strong>libe·</strong></span> 
     </span>
     <span class='ocr_line' id='line_1_32' title="bbox 439 4226 1776 4313; baseline 0 -24"><span class='ocrx_word' id='word_1_300' title='bbox 439 4246 517 4290; x_wconf 89' lang='lat' dir='ltr'><strong>ram.</strong></span> <span class='ocrx_word' id='word_1_301' title='bbox 562 4230 677 4291; x_wconf 86' lang='lat' dir='ltr'><strong>Earum</strong></span> <span class='ocrx_word' id='word_1_302' title='bbox 700 4238 806 4292; x_wconf 89' lang='lat' dir='ltr'><strong>autem</strong></span> <span class='ocrx_word' id='word_1_303' title='bbox 833 4251 988 4313; x_wconf 89' lang='lat' dir='ltr'><strong>perennes</strong></span> <span class='ocrx_word' id='word_1_304' title='bbox 1011 4251 1123 4293; x_wconf 90' lang='lat' dir='ltr'><strong>cursus</strong></span> <span class='ocrx_word' id='word_1_305' title='bbox 1146 4239 1241 4312; x_wconf 88' lang='lat' dir='ltr'><strong>atque</strong></span> <span class='ocrx_word' id='word_1_306' title='bbox 1265 4229 1409 4311; x_wconf 93' lang='lat' dir='ltr'><strong>perpetui</strong></span> <span class='ocrx_word' id='word_1_307' title='bbox 1432 4248 1502 4290; x_wconf 92' lang='lat' dir='ltr'><strong>cum</strong></span> <span class='ocrx_word' id='word_1_308' title='bbox 1525 4226 1703 4290; x_wconf 89' lang='lat' dir='ltr'><strong>admirabili</strong></span> <span class='ocrx_word' id='word_1_309' title='bbox 1725 4227 1776 4290; x_wconf 91' lang='lat' dir='ltr'><strong>in·</strong></span> 
     </span>
    </p>
   </div>
   <div class='ocr_carea' id='block_1_4' title="bbox 400 4322 1775 4785">
    <p class='ocr_par' dir='ltr' id='par_1_4' title="bbox 400 4322 1775 4785">
     <span class='ocr_line' id='line_1_33' title="bbox 439 4322 1775 4407; baseline 0.001 -23"><span class='ocrx_word' id='word_1_310' title='bbox 439 4322 648 4407; x_wconf 90' lang='lat' dir='ltr'><strong>credibilique</strong></span> <span class='ocrx_word' id='word_1_311' title='bbox 671 4326 849 4388; x_wconf 90' lang='lat' dir='ltr'><strong>constantia</strong></span> <span class='ocrx_word' id='word_1_312' title='bbox 871 4325 1033 4388; x_wconf 90' lang='lat' dir='ltr'><strong>declarant</strong></span> <span class='ocrx_word' id='word_1_313' title='bbox 1055 4327 1087 4387; x_wconf 90' lang='lat' dir='ltr'><strong>in</strong></span> <span class='ocrx_word' id='word_1_314' title='bbox 1111 4326 1160 4389; x_wconf 91' lang='lat' dir='ltr'><strong>bis</strong></span> <span class='ocrx_word' id='word_1_315' title='bbox 1175 4326 1238 4387; x_wconf 92' lang='lat' dir='ltr'><strong>vim</strong></span> <span class='ocrx_word' id='word_1_316' title='bbox 1262 4334 1294 4387; x_wconf 95' lang='lat' dir='ltr'><strong>et</strong></span> <span class='ocrx_word' id='word_1_317' title='bbox 1316 4331 1452 4385; x_wconf 91' lang='lat' dir='ltr'><strong>mentem</strong></span> <span class='ocrx_word' id='word_1_318' title='bbox 1469 4342 1539 4385; x_wconf 90' lang='lat' dir='ltr'><strong>esse</strong></span> <span class='ocrx_word' id='word_1_319' title='bbox 1554 4323 1705 4399; x_wconf 90' lang='lat' dir='ltr'><strong>divinam,</strong></span> <span class='ocrx_word' id='word_1_320' title='bbox 1728 4329 1775 4396; x_wconf 92' lang='lat' dir='ltr'><strong>ut,</strong></span> 
     </span>
     <span class='ocr_line' id='line_1_34' title="bbox 437 4415 1774 4500; baseline -0.001 -21"><span class='ocrx_word' id='word_1_321' title='bbox 437 4415 517 4479; x_wconf 90' lang='lat' dir='ltr'><strong>baec</strong></span> <span class='ocrx_word' id='word_1_322' title='bbox 539 4418 607 4500; x_wconf 87' lang='lat' dir='ltr'><strong>ipsa</strong></span> <span class='ocrx_word' id='word_1_323' title='bbox 630 4418 685 4500; x_wconf 92' lang='lat' dir='ltr'><strong>qui</strong></span> <span class='ocrx_word' id='word_1_324' title='bbox 709 4439 772 4481; x_wconf 93' lang='lat' dir='ltr'><strong>non</strong></span> <span class='ocrx_word' id='word_1_325' title='bbox 795 4421 910 4483; x_wconf 91' lang='lat' dir='ltr'><strong>sentiat</strong></span> <span class='ocrx_word' id='word_1_326' title='bbox 931 4420 1062 4484; x_wconf 92' lang='lat' dir='ltr'><strong>deorum</strong></span> <span class='ocrx_word' id='word_1_327' title='bbox 1085 4420 1148 4484; x_wconf 86' lang='lat' dir='ltr'><strong>vim</strong></span> <span class='ocrx_word' id='word_1_328' title='bbox 1171 4420 1304 4493; x_wconf 89' lang='lat' dir='ltr'><strong>habere,</strong></span> <span class='ocrx_word' id='word_1_329' title='bbox 1327 4420 1354 4480; x_wconf 92' lang='lat' dir='ltr'><strong>is</strong></span> <span class='ocrx_word' id='word_1_330' title='bbox 1376 4417 1456 4480; x_wconf 90' lang='lat' dir='ltr'><strong>nihil</strong></span> <span class='ocrx_word' id='word_1_331' title='bbox 1480 4418 1607 4481; x_wconf 91' lang='lat' dir='ltr'><strong>omnino</strong></span> <span class='ocrx_word' id='word_1_332' title='bbox 1622 4436 1774 4482; x_wconf 89' lang='lat' dir='ltr'><strong>sensurus</strong></span> 
     </span>
     <span class='ocr_line' id='line_1_35' title="bbox 440 4511 1774 4597; baseline 0 -24"><span class='ocrx_word' id='word_1_333' title='bbox 440 4529 509 4574; x_wconf 88' lang='lat' dir='ltr'><strong>esse</strong></span> <span class='ocrx_word' id='word_1_334' title='bbox 538 4511 693 4576; x_wconf 87' lang='lat' dir='ltr'><strong>videatur.</strong></span> <span class='ocrx_word' id='word_1_335' title='bbox 736 4512 787 4575; x_wconf 86' lang='lat'><strong>56.</strong></span> <span class='ocrx_word' id='word_1_336' title='bbox 815 4515 908 4578; x_wconf 92' lang='lat' dir='ltr'><strong>Nulla</strong></span> <span class='ocrx_word' id='word_1_337' title='bbox 936 4516 1032 4597; x_wconf 84' lang='lat' dir='ltr'><strong>igitur</strong></span> <span class='ocrx_word' id='word_1_338' title='bbox 1054 4516 1085 4576; x_wconf 92' lang='lat' dir='ltr'><strong>in</strong></span> <span class='ocrx_word' id='word_1_339' title='bbox 1109 4514 1197 4577; x_wconf 90' lang='lat' dir='ltr'><strong>caelo</strong></span> <span class='ocrx_word' id='word_1_340' title='bbox 1219 4534 1278 4577; x_wconf 92' lang='lat' dir='ltr'><strong>nec</strong></span> <span class='ocrx_word' id='word_1_341' title='bbox 1300 4512 1428 4577; x_wconf 77' lang='lat' dir='ltr'><strong>fortuna</strong></span> <span class='ocrx_word' id='word_1_342' title='bbox 1450 4532 1508 4574; x_wconf 89' lang='lat' dir='ltr'><strong>uec</strong></span> <span class='ocrx_word' id='word_1_343' title='bbox 1531 4512 1692 4574; x_wconf 90' lang='lat' dir='ltr'><strong>temeritas</strong></span> <span class='ocrx_word' id='word_1_344' title='bbox 1716 4530 1774 4574; x_wconf 91' lang='lat' dir='ltr'><strong>nec</strong></span> 
     </span>
     <span class='ocr_line' id='line_1_36' title="bbox 400 4606 1773 4692; baseline 0.004 -29"><span class='ocrx_word' id='word_1_345' title='bbox 400 4607 554 4670; x_wconf 79' lang='lat' dir='ltr'><strong>toerratio</strong></span> <span class='ocrx_word' id='word_1_346' title='bbox 578 4627 635 4669; x_wconf 91' lang='lat' dir='ltr'><strong>nec</strong></span> <span class='ocrx_word' id='word_1_347' title='bbox 651 4608 773 4671; x_wconf 87' lang='lat' dir='ltr'><strong>vanitas</strong></span> <span class='ocrx_word' id='word_1_348' title='bbox 795 4608 891 4684; x_wconf 92' lang='lat' dir='ltr'><strong>inest,</strong></span> <span class='ocrx_word' id='word_1_349' title='bbox 915 4617 1091 4692; x_wconf 89' lang='lat' dir='ltr'><strong>contraque</strong></span> <span class='ocrx_word' id='word_1_350' title='bbox 1108 4609 1210 4670; x_wconf 91' lang='lat' dir='ltr'><strong>omnis</strong></span> <span class='ocrx_word' id='word_1_351' title='bbox 1226 4608 1314 4682; x_wconf 91' lang='lat' dir='ltr'><strong>ordo,</strong></span> <span class='ocrx_word' id='word_1_352' title='bbox 1330 4608 1455 4680; x_wconf 86' lang='lat' dir='ltr'><strong>veritas,</strong></span> <span class='ocrx_word' id='word_1_353' title='bbox 1471 4607 1563 4680; x_wconf 89' lang='lat' dir='ltr'><strong>ratio,</strong></span> <span class='ocrx_word' id='word_1_354' title='bbox 1578 4606 1773 4679; x_wconf 64' lang='lat' dir='ltr'><strong>constantin</strong></span> 
     </span>
     <span class='ocr_line' id='line_1_37' title="bbox 438 4700 1774 4785; baseline -0.001 -23"><span class='ocrx_word' id='word_1_355' title='bbox 438 4718 584 4784; x_wconf 90' lang='lat' dir='ltr'><strong>quaeque</strong></span> <span class='ocrx_word' id='word_1_356' title='bbox 607 4700 656 4763; x_wconf 92' lang='lat' dir='ltr'><strong>bis</strong></span> <span class='ocrx_word' id='word_1_357' title='bbox 680 4710 807 4776; x_wconf 91' lang='lat' dir='ltr'><strong>vacant,</strong></span> <span class='ocrx_word' id='word_1_358' title='bbox 830 4703 980 4766; x_wconf 91' lang='lat' dir='ltr'><strong>ementita</strong></span> <span class='ocrx_word' id='word_1_359' title='bbox 1003 4712 1034 4765; x_wconf 92' lang='lat' dir='ltr'><strong>et</strong></span> <span class='ocrx_word' id='word_1_360' title='bbox 1055 4702 1135 4765; x_wconf 86' lang='lat' dir='ltr'><strong>falsa</strong></span> <span class='ocrx_word' id='word_1_361' title='bbox 1150 4701 1308 4785; x_wconf 92' lang='lat' dir='ltr'><strong>plenaque</strong></span> <span class='ocrx_word' id='word_1_362' title='bbox 1325 4701 1457 4774; x_wconf 89' lang='lat' dir='ltr'><strong>erroris,</strong></span> <span class='ocrx_word' id='word_1_363' title='bbox 1480 4720 1518 4763; x_wconf 93' lang='lat' dir='ltr'><strong>ea</strong></span> <span class='ocrx_word' id='word_1_364' title='bbox 1534 4701 1652 4763; x_wconf 91' lang='lat' dir='ltr'><strong>circum</strong></span> <span class='ocrx_word' id='word_1_365' title='bbox 1672 4705 1774 4762; x_wconf 88' lang='lat' dir='ltr'><strong>terras</strong></span> 
     </span>
    </p>
   </div>
   <div class='ocr_carea' id='block_1_5' title="bbox 435 4894 1775 6013">
    <p class='ocr_par' dir='ltr' id='par_1_5' title="bbox 435 4894 1775 6013">
     <span class='ocr_line' id='line_1_38' title="bbox 506 4894 1774 4964; baseline -0.001 -17"><span class='ocrx_word' id='word_1_366' title='bbox 506 4899 529 4947; x_wconf 88' lang='lat' dir='ltr'><strong>t.</strong></span> <span class='ocrx_word' id='word_1_367' title='bbox 547 4900 686 4961; x_wconf 70' lang='lat' dir='ltr'><strong>swoonque</strong></span> <span class='ocrx_word' id='word_1_368' title='bbox 707 4900 832 4959; x_wconf 68' lang='grc' dir='ltr'><strong>ΑΒΝ,</strong></span> <span class='ocrx_word' id='word_1_369' title='bbox 854 4900 977 4962; x_wconf 69' lang='lat' dir='ltr'><strong>pennaque</strong></span> <span class='ocrx_word' id='word_1_370' title='bbox 995 4900 1013 4949; x_wconf 85' lang='lat' dir='ltr'>C</span> <span class='ocrx_word' id='word_1_371' title='bbox 1034 4926 1060 4937; x_wconf 94' lang='lat'>-</span> <span class='ocrx_word' id='word_1_372' title='bbox 1085 4912 1137 4964; x_wconf 89' lang='lat' dir='ltr'><strong>quo</strong></span> <span class='ocrx_word' id='word_1_373' title='bbox 1153 4905 1237 4949; x_wconf 81' lang='lat' dir='ltr'><strong>eterra</strong></span> <span class='ocrx_word' id='word_1_374' title='bbox 1254 4899 1274 4949; x_wconf 91' lang='lat' dir='ltr'>C</span> <span class='ocrx_word' id='word_1_375' title='bbox 1294 4925 1322 4936; x_wconf 95' lang='lat'><em>-</em></span> <span class='ocrx_word' id='word_1_376' title='bbox 1346 4899 1370 4949; x_wconf 87' lang='lat'><strong>3.</strong></span> <span class='ocrx_word' id='word_1_377' title='bbox 1389 4899 1549 4948; x_wconf 81' lang='lat' dir='ltr'><strong>delitescendo</strong></span> <span class='ocrx_word' id='word_1_378' title='bbox 1566 4896 1636 4947; x_wconf 66' lang='grc' dir='ltr'><strong>ΨΟ.</strong></span> <span class='ocrx_word' id='word_1_379' title='bbox 1660 4895 1720 4946; x_wconf 92' lang='lat' dir='ltr'><strong>Vid.</strong></span> <span class='ocrx_word' id='word_1_380' title='bbox 1739 4894 1774 4946; x_wconf 93' lang='lat' dir='ltr'><strong>ad</strong></span> 
     </span>
     <span class='ocr_line' id='line_1_39' title="bbox 438 4973 1772 5038; baseline -0.001 -14"><span class='ocrx_word' id='word_1_381' title='bbox 438 4986 478 5024; x_wconf 90' lang='lat' dir='ltr'><strong>or.</strong></span> <span class='ocrx_word' id='word_1_382' title='bbox 497 4987 523 5038; x_wconf 90' lang='lat' dir='ltr'><strong>p.</strong></span> <span class='ocrx_word' id='word_1_383' title='bbox 543 4977 576 5025; x_wconf 86' lang='lat' dir='ltr'><strong>ll.</strong></span> <span class='ocrx_word' id='word_1_384' title='bbox 595 4974 677 5024; x_wconf 87' lang='lat' dir='ltr'><strong>Tullio</strong></span> <span class='ocrx_word' id='word_1_385' title='bbox 695 4975 709 5038; x_wconf 72' lang='lat' dir='ltr'>S</span> <span class='ocrx_word' id='word_1_386' title='bbox 727 4975 768 5025; x_wconf 84' lang='grc'><strong>33.</strong></span> <span class='ocrx_word' id='word_1_387' title='bbox 790 5000 816 5009; x_wconf 92' lang='grc'><strong>-</strong></span> <span class='ocrx_word' id='word_1_388' title='bbox 840 4974 864 5025; x_wconf 79' lang='lat' dir='ltr'><strong>l.</strong></span> <span class='ocrx_word' id='word_1_389' title='bbox 883 4988 987 5024; x_wconf 86' lang='lat' dir='ltr'><strong>rursum</strong></span> <span class='ocrx_word' id='word_1_390' title='bbox 1003 4988 1074 5024; x_wconf 90' lang='lat' dir='ltr'><strong>corr.</strong></span> <span class='ocrx_word' id='word_1_391' title='bbox 1094 4976 1119 5025; x_wconf 90' lang='lat' dir='ltr'><strong>in</strong></span> <span class='ocrx_word' id='word_1_392' title='bbox 1142 4988 1241 5024; x_wconf 80' lang='lat' dir='ltr'><strong>sursum</strong></span> <span class='ocrx_word' id='word_1_393' title='bbox 1257 4976 1279 5023; x_wconf 90' lang='lat' dir='ltr'>V</span> <span class='ocrx_word' id='word_1_394' title='bbox 1300 5001 1327 5011; x_wconf 97' lang='lat'>-</span> <span class='ocrx_word' id='word_1_395' title='bbox 1350 4974 1490 5024; x_wconf 84' lang='lat' dir='ltr'><strong>saeclorum</strong></span> <span class='ocrx_word' id='word_1_396' title='bbox 1507 4973 1542 5020; x_wconf 90' lang='lat' dir='ltr'><strong>V:</strong></span> <span class='ocrx_word' id='word_1_397' title='bbox 1566 4973 1689 5024; x_wconf 70' lang='lat' dir='ltr'><strong>secturam</strong></span> <span class='ocrx_word' id='word_1_398' title='bbox 1704 4973 1772 5031; x_wconf 71' lang='lat' dir='ltr'><strong>AP:</strong></span> 
     </span>
     <span class='ocr_line' id='line_1_40' title="bbox 437 5047 1772 5113; baseline -0.003 -12"><span class='ocrx_word' id='word_1_399' title='bbox 437 5053 595 5102; x_wconf 68' lang='lat' dir='ltr'><strong>mendorum</strong></span> <span class='ocrx_word' id='word_1_400' title='bbox 612 5053 644 5110; x_wconf 85' lang='lat' dir='ltr'><strong>B,</strong></span> <span class='ocrx_word' id='word_1_401' title='bbox 663 5050 803 5100; x_wconf 82' lang='lat' dir='ltr'><strong>secutorssm</strong></span> <span class='ocrx_word' id='word_1_402' title='bbox 820 5050 900 5100; x_wconf 84' lang='lat' dir='ltr'><strong>CEO</strong></span> <span class='ocrx_word' id='word_1_403' title='bbox 920 5078 947 5087; x_wconf 94' lang='lat'><em>-</em></span> <span class='ocrx_word' id='word_1_404' title='bbox 966 5052 990 5100; x_wconf 80' lang='lat' dir='ltr'><strong>b.</strong></span> <span class='ocrx_word' id='word_1_405' title='bbox 1009 5050 1134 5113; x_wconf 63' lang='lat' dir='ltr'><strong>estimatur</strong></span> <span class='ocrx_word' id='word_1_406' title='bbox 1150 5052 1169 5100; x_wconf 88' lang='lat' dir='ltr'><strong>P</strong></span> <span class='ocrx_word' id='word_1_407' title='bbox 1189 5078 1216 5087; x_wconf 94' lang='lat'><em>-</em></span> <span class='ocrx_word' id='word_1_408' title='bbox 1236 5050 1260 5099; x_wconf 82' lang='lat'><strong>6.</strong></span> <span class='ocrx_word' id='word_1_409' title='bbox 1279 5050 1379 5112; x_wconf 73' lang='lat' dir='ltr'><strong>faethou</strong></span> <span class='ocrx_word' id='word_1_410' title='bbox 1396 5048 1430 5109; x_wconf 84' lang='lat' dir='ltr'><strong>V,</strong></span> <span class='ocrx_word' id='word_1_411' title='bbox 1448 5049 1532 5111; x_wconf 70' lang='lat' dir='ltr'><strong>[osma</strong></span> <span class='ocrx_word' id='word_1_412' title='bbox 1548 5049 1615 5107; x_wconf 80' lang='grc' dir='ltr'><strong>ΑΕ,</strong></span> <span class='ocrx_word' id='word_1_413' title='bbox 1633 5048 1717 5111; x_wconf 66' lang='lat' dir='ltr'><strong>sethus</strong></span> <span class='ocrx_word' id='word_1_414' title='bbox 1733 5047 1772 5109; x_wconf 90' lang='lat' dir='ltr'><strong>C,</strong></span> 
     </span>
     <span class='ocr_line' id='line_1_41' title="bbox 435 5122 1770 5191; baseline -0.002 -15"><span class='ocrx_word' id='word_1_415' title='bbox 435 5126 527 5191; x_wconf 70' lang='lat' dir='ltr'><strong>fethora</strong></span> <span class='ocrx_word' id='word_1_416' title='bbox 549 5128 568 5176; x_wconf 89' lang='lat' dir='ltr'>B</span> <span class='ocrx_word' id='word_1_417' title='bbox 597 5151 624 5163; x_wconf 94' lang='lat'><em>-</em></span> <span class='ocrx_word' id='word_1_418' title='bbox 652 5127 676 5175; x_wconf 82' lang='grc'><strong>7.</strong></span> <span class='ocrx_word' id='word_1_419' title='bbox 700 5125 829 5175; x_wconf 79' lang='lat' dir='ltr'><strong>duodecim</strong></span> <span class='ocrx_word' id='word_1_420' title='bbox 848 5124 978 5188; x_wconf 81' lang='lat' dir='ltr'><strong>siqnorum</strong></span> <span class='ocrx_word' id='word_1_421' title='bbox 998 5125 1082 5175; x_wconf 85' lang='lat' dir='ltr'><strong>orbem</strong></span> <span class='ocrx_word' id='word_1_422' title='bbox 1105 5127 1178 5175; x_wconf 72' lang='lat' dir='ltr'><strong>anuh</strong></span> <span class='ocrx_word' id='word_1_423' title='bbox 1200 5126 1310 5188; x_wconf 83' lang='lat' dir='ltr'><strong>margini</strong></span> <span class='ocrx_word' id='word_1_424' title='bbox 1333 5124 1392 5174; x_wconf 88' lang='lat' dir='ltr'><strong>ead.</strong></span> <span class='ocrx_word' id='word_1_425' title='bbox 1412 5137 1448 5174; x_wconf 91' lang='lat' dir='ltr'><strong>m.</strong></span> <span class='ocrx_word' id='word_1_426' title='bbox 1468 5125 1582 5188; x_wconf 88' lang='lat' dir='ltr'><strong>ascripta</strong></span> <span class='ocrx_word' id='word_1_427' title='bbox 1603 5122 1724 5173; x_wconf 85' lang='lat' dir='ltr'><strong>hobetV</strong></span> <span class='ocrx_word' id='word_1_428' title='bbox 1743 5147 1770 5157; x_wconf 89' lang='lat'><em>-</em></span> 
     </span>
     <span class='ocr_line' id='line_1_42' title="bbox 437 5188 1775 5266; baseline -0.003 -15"><span class='ocrx_word' id='word_1_429' title='bbox 437 5200 462 5252; x_wconf 87' lang='lat' dir='ltr'><strong>s.</strong></span> <span class='ocrx_word' id='word_1_430' title='bbox 481 5203 591 5266; x_wconf 66' lang='lat' dir='ltr'><strong>ophite</strong></span> <span class='ocrx_word' id='word_1_431' title='bbox 614 5228 637 5239; x_wconf 83' lang='lat'>-</span> <span class='ocrx_word' id='word_1_432' title='bbox 658 5201 683 5251; x_wconf 85' lang='lat' dir='ltr'><strong>e.</strong></span> <span class='ocrx_word' id='word_1_433' title='bbox 698 5202 787 5263; x_wconf 69' lang='lat' dir='ltr'><strong>pyros</strong></span> <span class='ocrx_word' id='word_1_434' title='bbox 804 5201 926 5257; x_wconf 68' lang='lat' dir='ltr'><strong>incr,</strong></span> <span class='ocrx_word' id='word_1_435' title='bbox 942 5202 1023 5263; x_wconf 67' lang='lat' dir='ltr'><strong>piros</strong></span> <span class='ocrx_word' id='word_1_436' title='bbox 1039 5202 1058 5252; x_wconf 81' lang='lat' dir='ltr'><strong>n</strong></span> <span class='ocrx_word' id='word_1_437' title='bbox 1077 5227 1104 5237; x_wconf 92' lang='lat'>-</span> <span class='ocrx_word' id='word_1_438' title='bbox 1126 5202 1165 5251; x_wconf 79' lang='lat' dir='ltr'><strong>ro.</strong></span> <span class='ocrx_word' id='word_1_439' title='bbox 1185 5202 1322 5264; x_wconf 71' lang='lat' dir='ltr'><strong>opprnora</strong></span> <span class='ocrx_word' id='word_1_440' title='bbox 1337 5227 1361 5236; x_wconf 89' lang='lat'><em>-</em></span> <span class='ocrx_word' id='word_1_441' title='bbox 1385 5202 1424 5249; x_wconf 82' lang='lat' dir='ltr'><strong>u.</strong></span> <span class='ocrx_word' id='word_1_442' title='bbox 1444 5204 1527 5249; x_wconf 68' lang='lat' dir='ltr'><strong>amm</strong></span> <span class='ocrx_word' id='word_1_443' title='bbox 1543 5199 1608 5247; x_wconf 74' lang='lat' dir='ltr'><strong>hunc</strong></span> <span class='ocrx_word' id='word_1_444' title='bbox 1624 5199 1644 5248; x_wconf 93' lang='lat'>0</span> <span class='ocrx_word' id='word_1_445' title='bbox 1659 5224 1686 5234; x_wconf 96' lang='lat'>-</span> <span class='ocrx_word' id='word_1_446' title='bbox 1704 5188 1775 5247; x_wconf 73' lang='lat' dir='ltr'><strong>sutri</strong></span> 
     </span>
     <span class='ocr_line' id='line_1_43' title="bbox 437 5273 1773 5339; baseline -0.003 -14"><span class='ocrx_word' id='word_1_447' title='bbox 437 5276 457 5325; x_wconf 85' lang='lat' dir='ltr'>B</span> <span class='ocrx_word' id='word_1_448' title='bbox 478 5304 503 5313; x_wconf 91' lang='lat'>-</span> <span class='ocrx_word' id='word_1_449' title='bbox 523 5278 633 5327; x_wconf 72' lang='lat' dir='ltr'><strong>mercuri</strong></span> <span class='ocrx_word' id='word_1_450' title='bbox 654 5275 743 5325; x_wconf 74' lang='lat' dir='ltr'><strong>ARV¹</strong></span> <span class='ocrx_word' id='word_1_451' title='bbox 764 5302 790 5313; x_wconf 93' lang='lat'><em>-</em></span> <span class='ocrx_word' id='word_1_452' title='bbox 815 5276 855 5324; x_wconf 78' lang='lat' dir='ltr'><strong>ta.</strong></span> <span class='ocrx_word' id='word_1_453' title='bbox 873 5275 961 5325; x_wconf 78' lang='lat' dir='ltr'><strong>stilbon</strong></span> <span class='ocrx_word' id='word_1_454' title='bbox 984 5276 1123 5326; x_wconf 76' lang='lat' dir='ltr'>ABCEV</span> <span class='ocrx_word' id='word_1_455' title='bbox 1144 5303 1171 5313; x_wconf 95' lang='lat'>-</span> <span class='ocrx_word' id='word_1_456' title='bbox 1194 5278 1246 5339; x_wconf 71' lang='lat' dir='ltr'><strong>tere</strong></span> <span class='ocrx_word' id='word_1_457' title='bbox 1261 5276 1408 5338; x_wconf 71' lang='lat' dir='ltr'><strong>feruenteC</strong></span> <span class='ocrx_word' id='word_1_458' title='bbox 1432 5300 1458 5310; x_wconf 92' lang='lat'><em>-</em></span> <span class='ocrx_word' id='word_1_459' title='bbox 1484 5273 1523 5324; x_wconf 78' lang='lat' dir='ltr'><strong>tt.</strong></span> <span class='ocrx_word' id='word_1_460' title='bbox 1542 5276 1629 5339; x_wconf 72' lang='lat' dir='ltr'><strong>infimo</strong></span> <span class='ocrx_word' id='word_1_461' title='bbox 1650 5285 1720 5323; x_wconf 87' lang='lat' dir='ltr'><strong>corr.</strong></span> <span class='ocrx_word' id='word_1_462' title='bbox 1739 5283 1773 5322; x_wconf 85' lang='lat' dir='ltr'><strong>ex</strong></span> 
     </span>
     <span class='ocr_line' id='line_1_44' title="bbox 435 5345 1771 5416; baseline -0.005 -13"><span class='ocrx_word' id='word_1_463' title='bbox 435 5355 538 5416; x_wconf 77' lang='lat' dir='ltr'><strong>s&#39;rrflroro</strong></span> <span class='ocrx_word' id='word_1_464' title='bbox 559 5352 612 5401; x_wconf 74' lang='lat' dir='ltr'><strong>AV</strong></span> <span class='ocrx_word' id='word_1_465' title='bbox 637 5377 662 5390; x_wconf 90' lang='lat'>-</span> <span class='ocrx_word' id='word_1_466' title='bbox 687 5356 818 5400; x_wconf 71' lang='lat' dir='ltr'><strong>mantum</strong></span> <span class='ocrx_word' id='word_1_467' title='bbox 840 5350 859 5400; x_wconf 92' lang='lat' dir='ltr'>C</span> <span class='ocrx_word' id='word_1_468' title='bbox 884 5376 910 5386; x_wconf 85' lang='lat'>-</span> <span class='ocrx_word' id='word_1_469' title='bbox 936 5353 975 5399; x_wconf 82' lang='lat' dir='ltr'><strong>te.</strong></span> <span class='ocrx_word' id='word_1_470' title='bbox 992 5352 1144 5415; x_wconf 76' lang='lat' dir='ltr'><strong>phosphoros</strong></span> <span class='ocrx_word' id='word_1_471' title='bbox 1162 5353 1199 5411; x_wconf 85' lang='lat' dir='ltr'><strong>C,</strong></span> <span class='ocrx_word' id='word_1_472' title='bbox 1217 5352 1324 5414; x_wconf 62' lang='lat' dir='ltr'><strong>fossores</strong></span> <span class='ocrx_word' id='word_1_473' title='bbox 1340 5349 1433 5409; x_wconf 76' lang='lat' dir='ltr'><strong>APV,</strong></span> <span class='ocrx_word' id='word_1_474' title='bbox 1461 5348 1556 5410; x_wconf 71' lang='lat' dir='ltr'><strong>casuros</strong></span> <span class='ocrx_word' id='word_1_475' title='bbox 1574 5350 1717 5413; x_wconf 78' lang='lat' dir='ltr'><strong>(superscr.</strong></span> <span class='ocrx_word' id='word_1_476' title='bbox 1737 5345 1771 5396; x_wconf 87' lang='lat' dir='ltr'><strong>ab</strong></span> 
     </span>
     <span class='ocr_line' id='line_1_45' title="bbox 437 5422 1773 5490; baseline -0.005 -12"><span class='ocrx_word' id='word_1_477' title='bbox 437 5430 509 5478; x_wconf 90' lang='lat' dir='ltr'><strong>initio</strong></span> <span class='ocrx_word' id='word_1_478' title='bbox 527 5428 541 5477; x_wconf 86' lang='lat' dir='ltr'><strong>b</strong></span> <span class='ocrx_word' id='word_1_479' title='bbox 559 5429 584 5478; x_wconf 91' lang='lat' dir='ltr'><strong>in</strong></span> <span class='ocrx_word' id='word_1_480' title='bbox 602 5426 670 5490; x_wconf 87' lang='lat' dir='ltr'><strong>ras.)</strong></span> <span class='ocrx_word' id='word_1_481' title='bbox 687 5427 724 5486; x_wconf 88' lang='lat' dir='ltr'><strong>B,</strong></span> <span class='ocrx_word' id='word_1_482' title='bbox 742 5428 850 5489; x_wconf 76' lang='lat' dir='ltr'><strong>sessuros</strong></span> <span class='ocrx_word' id='word_1_483' title='bbox 868 5426 886 5475; x_wconf 84' lang='lat' dir='ltr'>E</span> <span class='ocrx_word' id='word_1_484' title='bbox 907 5453 933 5462; x_wconf 95' lang='lat'><em>-</em></span> <span class='ocrx_word' id='word_1_485' title='bbox 952 5426 1040 5490; x_wconf 72' lang='lat' dir='ltr'><strong>lucifer</strong></span> <span class='ocrx_word' id='word_1_486' title='bbox 1056 5427 1250 5487; x_wconf 76' lang='lat' dir='ltr'><strong>tutinettutiuoe</strong></span> <span class='ocrx_word' id='word_1_487' title='bbox 1261 5429 1280 5476; x_wconf 75' lang='lat' dir='ltr'>A</span> <span class='ocrx_word' id='word_1_488' title='bbox 1292 5427 1322 5488; x_wconf 88' lang='lat' dir='ltr'><strong>V)</strong></span> <span class='ocrx_word' id='word_1_489' title='bbox 1339 5426 1432 5475; x_wconf 62' lang='lat' dir='ltr'><strong>ututur</strong></span> <span class='ocrx_word' id='word_1_490' title='bbox 1448 5422 1487 5483; x_wconf 63' lang='lat' dir='ltr'><strong>tu</strong></span> <span class='ocrx_word' id='word_1_491' title='bbox 1508 5425 1595 5475; x_wconf 83' lang='lat' dir='ltr'><strong>Latiae</strong></span> <span class='ocrx_word' id='word_1_492' title='bbox 1611 5424 1704 5474; x_wconf 78' lang='lat' dir='ltr'><strong>dicitur</strong></span> <span class='ocrx_word' id='word_1_493' title='bbox 1719 5422 1773 5472; x_wconf 80' lang='lat' dir='ltr'><strong>Lu-</strong></span> 
     </span>
     <span class='ocr_line' id='line_1_46' title="bbox 435 5495 1771 5569; baseline -0.005 -14"><span class='ocrx_word' id='word_1_494' title='bbox 435 5506 497 5569; x_wconf 72' lang='lat' dir='ltr'><strong>cifer</strong></span> <span class='ocrx_word' id='word_1_495' title='bbox 514 5505 534 5554; x_wconf 93' lang='lat'>0</span> <span class='ocrx_word' id='word_1_496' title='bbox 554 5530 581 5540; x_wconf 90' lang='lat'>-</span> <span class='ocrx_word' id='word_1_497' title='bbox 602 5503 640 5552; x_wconf 83' lang='lat' dir='ltr'><strong>to.</strong></span> <span class='ocrx_word' id='word_1_498' title='bbox 659 5503 772 5564; x_wconf 79' lang='lat' dir='ltr'><strong>bosporos</strong></span> <span class='ocrx_word' id='word_1_499' title='bbox 789 5501 943 5561; x_wconf 71' lang='grc' dir='ltr'>ΑΒΕΡΟς</span> <span class='ocrx_word' id='word_1_500' title='bbox 961 5503 1075 5566; x_wconf 77' lang='lat' dir='ltr'><strong>hesperos</strong></span> <span class='ocrx_word' id='word_1_501' title='bbox 1093 5515 1227 5567; x_wconf 90' lang='lat' dir='ltr'><strong>superscr.</strong></span> <span class='ocrx_word' id='word_1_502' title='bbox 1245 5501 1323 5559; x_wconf 86' lang='lat' dir='ltr'><strong>usV;</strong></span> <span class='ocrx_word' id='word_1_503' title='bbox 1341 5501 1458 5564; x_wconf 74' lang='lat' dir='ltr'><strong>hesperus</strong></span> <span class='ocrx_word' id='word_1_504' title='bbox 1474 5500 1494 5550; x_wconf 84' lang='grc' dir='ltr'>Ε</span> <span class='ocrx_word' id='word_1_505' title='bbox 1513 5524 1539 5535; x_wconf 90' lang='grc'><strong>-</strong></span> <span class='ocrx_word' id='word_1_506' title='bbox 1560 5500 1600 5550; x_wconf 84' lang='grc'><strong>48.</strong></span> <span class='ocrx_word' id='word_1_507' title='bbox 1620 5499 1705 5549; x_wconf 79' lang='lat' dir='ltr'><strong>orote</strong></span> <span class='ocrx_word' id='word_1_508' title='bbox 1721 5495 1771 5548; x_wconf 74' lang='lat' dir='ltr'><strong>cr:</strong></span> 
     </span>
     <span class='ocr_line' id='line_1_47' title="bbox 438 5573 1772 5642; baseline -0.005 -12"><span class='ocrx_word' id='word_1_509' title='bbox 438 5609 466 5618; x_wconf 96' lang='lat'>-</span> <span class='ocrx_word' id='word_1_510' title='bbox 486 5581 526 5629; x_wconf 80' lang='grc'><strong>49.</strong></span> <span class='ocrx_word' id='word_1_511' title='bbox 545 5581 617 5630; x_wconf 81' lang='lat' dir='ltr'><strong>Hauc</strong></span> <span class='ocrx_word' id='word_1_512' title='bbox 636 5578 715 5642; x_wconf 80' lang='lat' dir='ltr'><strong>tpttur</strong></span> <span class='ocrx_word' id='word_1_513' title='bbox 725 5603 759 5614; x_wconf 91' lang='lat'><strong>·-</strong></span> <span class='ocrx_word' id='word_1_514' title='bbox 771 5582 869 5626; x_wconf 70' lang='lat' dir='ltr'><strong>motam</strong></span> <span class='ocrx_word' id='word_1_515' title='bbox 890 5579 917 5626; x_wconf 79' lang='lat' dir='ltr'><strong>ta</strong></span> <span class='ocrx_word' id='word_1_516' title='bbox 939 5583 991 5627; x_wconf 88' lang='lat' dir='ltr'><strong>tom</strong></span> <span class='ocrx_word' id='word_1_517' title='bbox 1012 5579 1092 5628; x_wconf 81' lang='lat' dir='ltr'><strong>vertis</strong></span> <span class='ocrx_word' id='word_1_518' title='bbox 1104 5604 1140 5614; x_wconf 91' lang='lat'><strong>--</strong></span> <span class='ocrx_word' id='word_1_519' title='bbox 1152 5578 1179 5626; x_wconf 83' lang='lat' dir='ltr'><strong>tu</strong></span> <span class='ocrx_word' id='word_1_520' title='bbox 1195 5576 1315 5626; x_wconf 77' lang='lat' dir='ltr'><strong>sideribus</strong></span> <span class='ocrx_word' id='word_1_521' title='bbox 1331 5589 1381 5626; x_wconf 79' lang='lat' dir='ltr'><strong>esso</strong></span> <span class='ocrx_word' id='word_1_522' title='bbox 1396 5576 1524 5625; x_wconf 64' lang='lat' dir='ltr'><strong>athamas</strong></span> <span class='ocrx_word' id='word_1_523' title='bbox 1535 5601 1571 5612; x_wconf 92' lang='lat'><strong>·-</strong></span> <span class='ocrx_word' id='word_1_524' title='bbox 1583 5588 1703 5638; x_wconf 70' lang='lat' dir='ltr'><strong>reponem</strong></span> <span class='ocrx_word' id='word_1_525' title='bbox 1719 5573 1772 5623; x_wconf 82' lang='lat' dir='ltr'><strong>La·</strong></span> 
     </span>
     <span class='ocr_line' id='line_1_48' title="bbox 436 5649 1772 5716; baseline -0.007 -10"><span class='ocrx_word' id='word_1_526' title='bbox 436 5656 550 5706; x_wconf 81' lang='lat' dir='ltr'><strong>stantius</strong></span> <span class='ocrx_word' id='word_1_527' title='bbox 567 5656 631 5704; x_wconf 85' lang='lat' dir='ltr'><strong>lust.</strong></span> <span class='ocrx_word' id='word_1_528' title='bbox 645 5654 675 5714; x_wconf 84' lang='lat'><strong>11,</strong></span> <span class='ocrx_word' id='word_1_529' title='bbox 688 5653 713 5701; x_wconf 84' lang='lat' dir='ltr'><strong>s.</strong></span> <span class='ocrx_word' id='word_1_530' title='bbox 730 5678 755 5687; x_wconf 86' lang='lat'><strong>—·</strong></span> <span class='ocrx_word' id='word_1_531' title='bbox 775 5652 815 5701; x_wconf 73' lang='lat'><strong>20.</strong></span> <span class='ocrx_word' id='word_1_532' title='bbox 835 5653 861 5700; x_wconf 84' lang='lat' dir='ltr'><strong>in</strong></span> <span class='ocrx_word' id='word_1_533' title='bbox 878 5654 939 5701; x_wconf 91' lang='lat' dir='ltr'><strong>ante</strong></span> <span class='ocrx_word' id='word_1_534' title='bbox 956 5653 1030 5704; x_wconf 82' lang='lat' dir='ltr'><strong>staltis</strong></span> <span class='ocrx_word' id='word_1_535' title='bbox 1046 5654 1133 5703; x_wconf 79' lang='lat' dir='ltr'><strong>omit</strong></span> <span class='ocrx_word' id='word_1_536' title='bbox 1152 5680 1183 5690; x_wconf 94' lang='lat'>-</span> <span class='ocrx_word' id='word_1_537' title='bbox 1200 5652 1241 5703; x_wconf 76' lang='lat'><strong>23.</strong></span> <span class='ocrx_word' id='word_1_538' title='bbox 1260 5654 1315 5715; x_wconf 82' lang='lat' dir='ltr'><strong>ipsu</strong></span> <span class='ocrx_word' id='word_1_539' title='bbox 1332 5664 1466 5716; x_wconf 90' lang='lat' dir='ltr'><strong>superscr.</strong></span> <span class='ocrx_word' id='word_1_540' title='bbox 1480 5663 1517 5701; x_wconf 86' lang='lat' dir='ltr'><strong>m.</strong></span> <span class='ocrx_word' id='word_1_541' title='bbox 1530 5663 1586 5701; x_wconf 88' lang='lat' dir='ltr'><strong>sec.</strong></span> <span class='ocrx_word' id='word_1_542' title='bbox 1599 5650 1625 5699; x_wconf 91' lang='lat' dir='ltr'><strong>in</strong></span> <span class='ocrx_word' id='word_1_543' title='bbox 1638 5649 1660 5697; x_wconf 91' lang='lat' dir='ltr'>V</span> <span class='ocrx_word' id='word_1_544' title='bbox 1674 5675 1702 5686; x_wconf 89' lang='lat'>-</span> <span class='ocrx_word' id='word_1_545' title='bbox 1720 5660 1772 5698; x_wconf 83' lang='lat' dir='ltr'><strong>nors</strong></span> 
     </span>
     <span class='ocr_line' id='line_1_49' title="bbox 436 5724 1771 5791; baseline -0.006 -10"><span class='ocrx_word' id='word_1_546' title='bbox 436 5733 495 5782; x_wconf 80' lang='lat' dir='ltr'><strong>tado</strong></span> <span class='ocrx_word' id='word_1_547' title='bbox 510 5732 599 5781; x_wconf 75' lang='lat' dir='ltr'><strong>henco</strong></span> <span class='ocrx_word' id='word_1_548' title='bbox 615 5728 647 5777; x_wconf 83' lang='lat' dir='ltr'><strong>V¹</strong></span> <span class='ocrx_word' id='word_1_549' title='bbox 665 5754 692 5763; x_wconf 96' lang='lat'><em>-</em></span> <span class='ocrx_word' id='word_1_550' title='bbox 711 5727 797 5777; x_wconf 76' lang='lat' dir='ltr'><strong>uehar</strong></span> <span class='ocrx_word' id='word_1_551' title='bbox 812 5741 857 5777; x_wconf 86' lang='lat' dir='ltr'><strong>sue</strong></span> <span class='ocrx_word' id='word_1_552' title='bbox 874 5730 894 5778; x_wconf 93' lang='lat'>0</span> <span class='ocrx_word' id='word_1_553' title='bbox 914 5755 941 5765; x_wconf 94' lang='lat'><em>-</em></span> <span class='ocrx_word' id='word_1_554' title='bbox 959 5729 1000 5777; x_wconf 76' lang='lat'><strong>27.</strong></span> <span class='ocrx_word' id='word_1_555' title='bbox 1018 5734 1046 5779; x_wconf 89' lang='lat' dir='ltr'><strong>ut</strong></span> <span class='ocrx_word' id='word_1_556' title='bbox 1063 5730 1146 5791; x_wconf 76' lang='lat' dir='ltr'><strong>(corr.</strong></span> <span class='ocrx_word' id='word_1_557' title='bbox 1161 5729 1187 5778; x_wconf 90' lang='lat' dir='ltr'><strong>in</strong></span> <span class='ocrx_word' id='word_1_558' title='bbox 1204 5733 1250 5776; x_wconf 86' lang='lat' dir='ltr'><strong>aut</strong></span> <span class='ocrx_word' id='word_1_559' title='bbox 1266 5741 1302 5777; x_wconf 90' lang='lat' dir='ltr'><strong>m.</strong></span> <span class='ocrx_word' id='word_1_560' title='bbox 1324 5740 1379 5778; x_wconf 90' lang='lat' dir='ltr'><strong>sec.</strong></span> <span class='ocrx_word' id='word_1_561' title='bbox 1393 5727 1460 5787; x_wconf 87' lang='lat' dir='ltr'><strong>rec.)</strong></span> <span class='ocrx_word' id='word_1_562' title='bbox 1478 5728 1500 5775; x_wconf 77' lang='grc' dir='ltr'>Α</span> <span class='ocrx_word' id='word_1_563' title='bbox 1515 5752 1549 5763; x_wconf 91' lang='lat'><strong>·—</strong></span> <span class='ocrx_word' id='word_1_564' title='bbox 1568 5725 1608 5776; x_wconf 73' lang='lat'><strong>28.</strong></span> <span class='ocrx_word' id='word_1_565' title='bbox 1627 5724 1667 5790; x_wconf 83' lang='lat' dir='ltr'><strong>uc]</strong></span> <span class='ocrx_word' id='word_1_566' title='bbox 1685 5724 1733 5773; x_wconf 85' lang='lat' dir='ltr'><strong>hoc</strong></span> <span class='ocrx_word' id='word_1_567' title='bbox 1749 5724 1771 5773; x_wconf 78' lang='grc' dir='ltr'><strong>Δ</strong></span> 
     </span>
     <span class='ocr_line' id='line_1_50' title="bbox 439 5799 1772 5867; baseline -0.004 -11"><span class='ocrx_word' id='word_1_568' title='bbox 439 5834 467 5843; x_wconf 91' lang='grc'><strong>-</strong></span> <span class='ocrx_word' id='word_1_569' title='bbox 485 5807 527 5856; x_wconf 76' lang='lat'><strong>32.</strong></span> <span class='ocrx_word' id='word_1_570' title='bbox 546 5806 676 5856; x_wconf 73' lang='lat' dir='ltr'><strong>extorum</strong></span> <span class='ocrx_word' id='word_1_571' title='bbox 693 5816 761 5853; x_wconf 87' lang='lat' dir='ltr'><strong>corr.</strong></span> <span class='ocrx_word' id='word_1_572' title='bbox 781 5816 813 5853; x_wconf 83' lang='lat' dir='ltr'><strong>er</strong></span> <span class='ocrx_word' id='word_1_573' title='bbox 831 5802 955 5854; x_wconf 57' lang='lat' dir='ltr'><strong>&amp;cluunt</strong></span> <span class='ocrx_word' id='word_1_574' title='bbox 972 5803 994 5852; x_wconf 90' lang='lat' dir='ltr'>V</span> <span class='ocrx_word' id='word_1_575' title='bbox 1013 5831 1039 5840; x_wconf 94' lang='lat'><em>-</em></span> <span class='ocrx_word' id='word_1_576' title='bbox 1064 5803 1105 5854; x_wconf 81' lang='lat'><strong>33.</strong></span> <span class='ocrx_word' id='word_1_577' title='bbox 1124 5803 1152 5867; x_wconf 84' lang='lat' dir='ltr'><strong>is]</strong></span> <span class='ocrx_word' id='word_1_578' title='bbox 1170 5804 1209 5854; x_wconf 86' lang='lat' dir='ltr'><strong>his</strong></span> <span class='ocrx_word' id='word_1_579' title='bbox 1224 5803 1344 5854; x_wconf 77' lang='lat' dir='ltr'>AEPV¹</span> <span class='ocrx_word' id='word_1_580' title='bbox 1363 5829 1389 5839; x_wconf 91' lang='lat'>-</span> <span class='ocrx_word' id='word_1_581' title='bbox 1415 5802 1456 5853; x_wconf 76' lang='grc'><strong>35.</strong></span> <span class='ocrx_word' id='word_1_582' title='bbox 1474 5802 1577 5851; x_wconf 76' lang='lat' dir='ltr'><strong>ueritus</strong></span> <span class='ocrx_word' id='word_1_583' title='bbox 1594 5799 1633 5852; x_wconf 79' lang='lat' dir='ltr'><strong>u:</strong></span> <span class='ocrx_word' id='word_1_584' title='bbox 1656 5801 1772 5851; x_wconf 65' lang='lat' dir='ltr'><strong>usum</strong></span> 
     </span>
     <span class='ocr_line' id='line_1_51' title="bbox 438 5876 1772 5945; baseline -0.003 -12"><span class='ocrx_word' id='word_1_585' title='bbox 438 5881 489 5934; x_wconf 84' lang='lat' dir='ltr'><strong>alii.</strong></span> <span class='ocrx_word' id='word_1_586' title='bbox 505 5908 532 5917; x_wconf 99' lang='lat'>-</span> <span class='ocrx_word' id='word_1_587' title='bbox 551 5880 593 5932; x_wconf 86' lang='grc'><strong>36.</strong></span> <span class='ocrx_word' id='word_1_588' title='bbox 611 5879 727 5931; x_wconf 69' lang='lat' dir='ltr'><strong>summu</strong></span> <span class='ocrx_word' id='word_1_589' title='bbox 744 5879 829 5942; x_wconf 87' lang='lat' dir='ltr'><strong>prima</strong></span> <span class='ocrx_word' id='word_1_590' title='bbox 847 5877 894 5931; x_wconf 86' lang='lat' dir='ltr'><strong>litt.</strong></span> <span class='ocrx_word' id='word_1_591' title='bbox 914 5892 946 5930; x_wconf 82' lang='lat' dir='ltr'><strong>ex</strong></span> <span class='ocrx_word' id='word_1_592' title='bbox 963 5880 1129 5932; x_wconf 88' lang='lat' dir='ltr'><strong>correctione</strong></span> <span class='ocrx_word' id='word_1_593' title='bbox 1146 5879 1181 5940; x_wconf 87' lang='lat' dir='ltr'><strong>V;</strong></span> <span class='ocrx_word' id='word_1_594' title='bbox 1201 5880 1305 5930; x_wconf 82' lang='lat' dir='ltr'><strong>mentitu</strong></span> <span class='ocrx_word' id='word_1_595' title='bbox 1321 5880 1383 5945; x_wconf 89' lang='lat' dir='ltr'><strong>post</strong></span> <span class='ocrx_word' id='word_1_596' title='bbox 1397 5876 1513 5930; x_wconf 88' lang='lat' dir='ltr'><strong>litteram</strong></span> <span class='ocrx_word' id='word_1_597' title='bbox 1530 5879 1674 5930; x_wconf 74' lang='lat' dir='ltr'><strong>erasamd</strong></span> <span class='ocrx_word' id='word_1_598' title='bbox 1695 5903 1722 5915; x_wconf 92' lang='lat'>-</span> <span class='ocrx_word' id='word_1_599' title='bbox 1740 5885 1772 5929; x_wconf 74' lang='lat' dir='ltr'><strong>ou</strong></span> 
     </span>
     <span class='ocr_line' id='line_1_52' title="bbox 439 5954 809 6013; baseline -0.016 -2"><span class='ocrx_word' id='word_1_600' title='bbox 439 5971 510 6013; x_wconf 89' lang='lat' dir='ltr'><strong>corr.</strong></span> <span class='ocrx_word' id='word_1_601' title='bbox 529 5968 566 6009; x_wconf 90' lang='lat' dir='ltr'><strong>m.</strong></span> <span class='ocrx_word' id='word_1_602' title='bbox 584 5968 641 6008; x_wconf 86' lang='lat' dir='ltr'><strong>seo.</strong></span> <span class='ocrx_word' id='word_1_603' title='bbox 658 5954 688 6007; x_wconf 86' lang='lat' dir='ltr'><strong>ln</strong></span> <span class='ocrx_word' id='word_1_604' title='bbox 703 5958 762 6007; x_wconf 77' lang='lat' dir='ltr'><strong>urat</strong></span> <span class='ocrx_word' id='word_1_605' title='bbox 777 5954 809 6006; x_wconf 86' lang='lat' dir='ltr'><strong>V.</strong></span> 
     </span>
    </p>
   </div>
   <div class='ocr_carea' id='block_1_6' title="bbox 0 0 2176 7459">
    <p class='ocr_par' dir='ltr' id='par_1_6' title="bbox 0 0 2176 7459">
     <span class='ocr_line' id='line_1_53' title="bbox 0 0 2176 7459; baseline 0 3"><span class='ocrx_word' id='word_1_606' title='bbox 0 0 2176 7459; x_wconf 95' lang='lat' dir='ltr'><strong> </strong></span> 
     </span>
    </p>
   </div>
  </div>
 </body>
</html>
