4342 7459
530 1211 614 1280 tots
1086 1210 1300 1282 CICERONIS

531 1372 610 1434 Sese
629 1370 859 1451 conficiensque
878 1369 966 1431 sinus
985 1387 1004 1431 e
1023 1387 1155 1450 corporo
1180 1370 1294 1449 flexos,

533 1467 607 1537 Quos
626 1469 691 1525 enni
709 1474 824 1540 unguet
842 1469 975 1525 immunes
994 1469 1112 1541 pergitis
1131 1467 1239 1525 Arctoe.

535 1562 716 1622 ymmone
734 1569 870 1621 extremae
888 1564 1074 1620 circumdetur
1093 1565 1202 1637 romine
1221 1566 1345 1630 crudae,

533 1655 597 1725 Quo
614 1659 707 1729 epiree
725 1659 801 1713 deos
819 1665 874 1723 eet,
901 1658 1052 1714 inuoluitur
1070 1659 1162 1715 citero
1179 1660 1264 1716 cneio.

530 1749 632 1824 Nempe
649 1751 743 1808 Helice
760 1758 896 1808 ectremee
914 1753 1102 1808 dreumdctm
1120 1754 1229 1825 agmine
1248 1754 1368 1818 wedre,

533 1844 597 1914 Quo
614 1847 707 1917 spirae
725 1848 801 1901 duee
819 1852 873 1910 eet,
894 1853 976 1917 eopot
995 1854 1034 1902 ert
1055 1844 1239 1919 Cynosuridos
1267 1844 1369 1904 Ursae:

533 1938 611 2008 Quor
630 1941 721 1996 lomere
739 1956 823 2011 oeque
840 1940 920 2011 pedet
939 1956 1045 1995 nmero
1063 1939 1144 1995 mum
1163 1956 1182 1996 r
1201 1941 1299 1998 uertice
1321 1944 1419 2015 mugit.

532 2034 701 2107 lletroprndo
720 2035 764 2090 tic
783 2036 882 2090 dmm
900 2051 981 2090 eorm
1000 2036 1167 2094 concutitur
1186 2037 1294 2107 oegou.

531 2126 607 2187 lluic
626 2143 693 2202 non·
708 2142 768 2187 nna
787 2122 879 2186 modo
899 2133 993 2205 caput
1010 2143 1125 2189 ornans
1145 2124 1233 2188 stella
1256 2124 1390 2201 relucet,

530 2219 646 2281 Verum
665 2227 804 2299 tempora
824 2228 897 2281 sunt
915 2217 1031 2300 duplici
1050 2218 1167 2299 lulgore
1186 2228 1308 2297 notata,

532 2311 555 2373 li
575 2310 779 2391 trucibusque
799 2312 898 2376 oculis
917 2313 979 2374 duo
999 2312 1118 2376 fervida
1137 2311 1254 2377 lumina
1276 2313 1421 2393 flagrant,

531 2407 633 2484 Atque
653 2423 715 2466 uno
735 2414 874 2468 mentum
892 2405 1025 2468 radianti
1044 2405 1149 2468 sidero
1167 2405 1268 2472 lucet:

532 2498 697 2579 Obstipum
718 2508 811 2580 caput
831 2508 863 2562 et
881 2503 972 2562 tereti
993 2502 1115 2562 oervioe
1135 2501 1287 2563 relloxum
1360 2563 1365 2580 ,

532 2592 682 2653 Obtutum
701 2593 733 2653 iu
753 2590 852 2656 cauda
872 2594 995 2656 maioris
1014 2594 1111 2673 figere
1131 2592 1227 2657 dieas.

533 2687 668 2761 Opposita
686 2697 823 2747 extremae
841 2692 940 2762 cupitis
959 2698 1021 2747 eunt
1040 2692 1155 2749 muru
1173 2694 1289 2749 modae.

531 2781 595 2841 lloo
614 2788 708 2861 eaput
724 2780 773 2842 hie
792 2779 919 2860 paulum
938 2797 1010 2842 seso
1029 2799 1164 2861 seroque
1188 2780 1345 2860 recondit,

533 2875 625 2938 Ortus
646 2874 700 2936 ubi
720 2883 814 2956 atque
833 2875 938 2937 obitus
957 2885 1046 2957 parte
1067 2874 1279 2940 admiscentur
1296 2878 1329 2942 iu
1355 2896 1427 2941 uua.

607 3008 687 3078 Quod
706 3013 837 3086 tangens
857 3004 981 3069 defessa
1001 3005 1087 3068 velut
1104 3007 1273 3070 maerentis
1291 3008 1393 3088 imago

532 3101 682 3177 Vertitur;
704 3106 775 3159 tane
793 3120 872 3161 mmo
891 3112 962 3161 eerto
981 3105 1033 3160 titi
1051 3106 1140 3161 dicere
1162 3106 1258 3176 poerit,

531 3198 586 3256 ,iret
604 3201 747 3272 quinam,
769 3215 822 3271 quo
840 3201 877 3255 eit
894 3201 996 3270 imm,
1017 3199 1115 3255 lotor:
1136 3206 1256 3257 ntem
1281 3202 1362 3256 ilion

531 3288 756 3370 Engonasin
775 3290 924 3368 vocitant,
945 3289 1079 3370 genibus
1101 3290 1173 3370 quia
1191 3292 1264 3353 uiua
1288 3292 1415 3355 ieratur.

531 3388 588 3445 Illo
606 3390 673 3459 petit
693 3389 765 3444 binio
783 3390 911 3445 monitos
930 3391 1041 3445 diueree
1060 3390 1198 3463 iocorum,

533 3481 620 3554 Atque
638 3483 763 3539 tomos
781 3499 881 3554 rupero
900 3484 981 3539 uncie
998 3484 1175 3555 dopeedtm
1191 3483 1283 3549 sinu,

532 3578 568 3633 Et
585 3594 666 3649 super
684 3594 737 3634 oro
754 3579 830 3634 cooie
848 3579 986 3649 mironio
1006 3579 1122 3635 eante·
1142 3580 1234 3651 igneae

533 3670 669 3743 Serpmie
687 3673 800 3728 decim
818 3674 877 3745 ipit
895 3675 1011 3745 oeetipio
1031 3673 1153 3745 plantor.

607 3799 662 3860 llio
679 3797 732 3861 illa
750 3799 862 3861 eximio
880 3802 981 3879 posita
1000 3805 1049 3860 est
1068 3797 1185 3879 fulgore
1208 3799 1377 3863 Corona:

532 3896 614 3953 Hane
631 3895 822 3953 Ariadnaeus
841 3895 965 3953 Boeotus
985 3903 1096 3954 uitetur
1116 3912 1237 3954 omem

532 3990 630 4048 Intulit
648 3992 679 4046 in
697 3991 815 4056 eoelum,
837 4007 894 4062 quo
910 3983 981 4048 ntes
1001 3999 1078 4065 terqe
1096 3993 1238 4061 sotum.

607 4122 692 4179 docto
710 4125 835 4178 nomene
855 4121 961 4179 Meum
980 4132 1032 4178 eet:
1053 4129 1184 4200 propter
1203 4127 1297 4200 caput
1322 4122 1658 4199 Anguitenentis,

533 4217 630 4287 Quem
651 4213 734 4276 claro
752 4214 918 4294 perhibent
939 4214 1177 4294 Ophiuchum
1200 4216 1325 4276 nomine
1352 4216 1452 4291 Graii,

534 4311 580 4366 liet
600 4313 789 4382 septimine,
809 4329 966 4382 summoque
985 4329 1019 4367 ec
1038 4314 1136 4367 uertice
1163 4311 1231 4367 litet

533 4406 666 4474 Perfacile
685 4407 798 4462 alurico
818 4409 964 4462 condentia
982 4408 1073 4462 sidera
1094 4422 1197 4462 noeeen

532 4497 608 4557 Huic
626 4515 740 4576 supera
760 4495 900 4575 duplices
921 4515 1045 4557 umeros
1068 4496 1170 4557 adfixa
1193 4495 1317 4558 videtur

532 4589 642 4666 Stella,
665 4591 782 4651 micans
803 4590 854 4651 tali
878 4591 983 4670 speeie
1002 4589 1117 4668 talique
1138 4592 1258 4666 nitore,

533 4686 647 4758 Foiqeot
666 4695 710 4756 ret,
729 4688 810 4758 pleno
829 4705 889 4744 cum
909 4689 1011 4743 iumine
1032 4687 1111 4743 donc
1130 4689 1249 4756 refulsit.

532 4781 594 4837 Non
611 4798 666 4851 por
684 4789 722 4836 eet
741 4783 855 4852 qeminie
876 4783 1003 4837 monitor
1023 4784 1122 4853 vigor,
1152 4790 1176 4837 et
1196 4783 1258 4838 iicet
1278 4784 1334 4838 iilis

532 4875 586 4932 Nee
605 4876 696 4930 nultos
715 4877 842 4947 splendor
859 4893 907 4932 nee
926 4879 962 4931 eit
979 4879 1149 4947 parcissima
1174 4877 1273 4941 moles,

533 4972 657 5028 Attamen
676 4977 713 5025 eet
732 4972 819 5025 tenuis
838 4973 959 5041 dispereo
979 4972 1081 5026 iumine
1106 4971 1208 5042 fulgor.

531 5063 585 5122 llio
605 5078 718 5140 pressu
737 5059 851 5139 duplici
872 5061 1043 5140 palmarum
1064 5063 1200 5122 continet
1218 5065 1413 5140 Anguem,

531 5159 634 5235 Atque
654 5155 721 5215 eius
740 5155 809 5234 ipse
828 5163 933 5216 manet
952 5155 1099 5233 religatus
1118 5173 1248 5234 corpore
1268 5163 1364 5230 torto;

532 5250 671 5326 Namque
691 5249 791 5307 virum
812 5246 948 5309 medium
968 5267 1100 5328 serpens
1121 5248 1180 5309 sub
1200 5257 1327 5327 pectora
1349 5250 1452 5329 cingit.

533 5341 587 5401 llle
608 5350 711 5403 tamen
732 5342 834 5402 nitens
854 5343 988 5420 graviter
1008 5343 1134 5420 vestigia
1157 5342 1246 5421 ponit

532 5438 633 5515 Atque
653 5433 759 5495 oculos
778 5442 867 5512 urget
886 5432 1022 5514 pedibus
1045 5444 1219 5515 pectusque
1241 5437 1371 5517 Nepai.

532 5532 601 5601 Hic,
621 5549 728 5603 prestus
747 5533 862 5601 dectrc,
893 5532 965 5587 tollit
983 5541 1107 5603 reperte
1131 5534 1260 5603 neutra,

533 5627 571 5683 Ae
592 5626 671 5683 Serto
692 5629 829 5699 attingent
848 5644 969 5683 sommae
988 5627 1097 5684 Minoia
1124 5629 1225 5684 moine.

533 5720 589 5778 sot
608 5725 686 5793 epiro
705 5738 818 5793 quaeres
837 5724 968 5777 immenso
986 5739 1100 5793 corpore
1124 5722 1234 5787 Chloe,

535 5814 612 5884 Qooe
631 5824 722 5873 tamen
740 5818 816 5873 tocd
833 5832 964 5889 inopom
983 5819 1089 5874 ioetoru
1107 5834 1159 5891 pro
1178 5818 1249 5874 mole
1268 5820 1395 5876 numere.
