4342 7459
448 1230 511 1298 ΒΩ
775 1230 1101 1298 TUSCULANARUM
1121 1228 1453 1297 ntssttrfflotttttt

445 1402 520 1478 apta
550 1392 706 1455 fortunam
745 1394 791 1453 An
823 1389 955 1453 dubium
983 1397 1030 1454 est
1058 1391 1137 1473 quin
1159 1390 1237 1454 nibil
1267 1392 1309 1454 sit
1330 1390 1512 1453 habendum
1535 1390 1568 1451 in
1591 1408 1629 1452 eo
1653 1406 1781 1471 genere,

447 1507 512 1572 quo
535 1488 598 1549 vita
620 1486 711 1548 beata
733 1484 921 1567 completur,
951 1484 977 1548 si
1000 1483 1032 1545 id
1057 1484 1158 1565 possit
1179 1484 1303 1547 amittit
1331 1482 1415 1546 Nibil
1438 1484 1520 1546 enim
1545 1482 1780 1555 intererescere,

447 1580 525 1645 nihil
548 1579 704 1661 extingui,
728 1578 807 1640 nihil
830 1578 942 1640 cadere
965 1575 1060 1640 debet
1082 1596 1206 1650 eorum,
1230 1577 1262 1638 in
1285 1577 1401 1661 quibus
1423 1576 1487 1638 vita
1509 1577 1601 1639 beata
1624 1576 1780 1638 consistit.

446 1676 526 1738 llam
557 1672 611 1755 qui
645 1671 769 1734 timebit
797 1690 836 1734 ne
866 1671 942 1752 quid
972 1691 1014 1733 ex
1050 1670 1100 1734 bis
1132 1670 1286 1752 deperdat
1312 1671 1426 1733 beatus
1455 1689 1526 1733 esse
1557 1689 1621 1732 non
1652 1669 1779 1752 poterit·

423 1762 499 1834 att.
523 1765 676 1829 Volumus
705 1766 790 1827 enim
819 1783 905 1838 eum,
935 1764 990 1848 qni
1021 1764 1133 1827 beatus
1159 1764 1215 1836 sit,
1247 1771 1349 1827 tutum
1372 1782 1457 1836 esse,
1489 1762 1779 1846 inexpugnabilem,

447 1866 591 1942 saeptum
612 1866 709 1944 atque
731 1858 903 1930 munitum,
925 1877 990 1920 non
1012 1866 1049 1921 ut
1069 1847 1168 1941 paivo
1190 1866 1276 1920 melu
1295 1856 1458 1940 praeditus
1473 1857 1529 1930 sit,
1553 1857 1608 1920 sed
1624 1864 1659 1919 ut
1678 1856 1779 1919 nullo.

449 1955 488 2019 llt
509 1955 594 2016 enim
616 1954 770 2017 innocens
792 1951 820 2015 is
844 1949 968 2025 dicitur,
990 1971 1054 2013 non
1077 1951 1133 2032 qui
1156 1951 1268 2013 leviter
1289 1960 1399 2023 nocet,
1422 1950 1477 2014 sed
1494 1950 1549 2033 qni
1571 1949 1650 2013 nibil
1674 1957 1779 2023 nocet,

447 2048 584 2112 sicsine
607 2054 692 2109 metu
715 2046 742 2110 is
764 2043 929 2108 habendus
952 2053 1014 2118 est,
1041 2063 1107 2120 non
1134 2046 1190 2128 qui
1219 2064 1315 2126 parva
1338 2045 1465 2117 metuit,
1490 2043 1546 2107 sed
1569 2044 1623 2127 qui
1646 2043 1778 2107 omnino

447 2149 534 2205 metu
564 2146 664 2203 vacat
703 2139 794 2215 Quae
822 2146 871 2201 est
899 2138 985 2201 enim
1012 2138 1074 2201 alia
1101 2135 1253 2200 fortitudo
1281 2138 1343 2201 nisi
1373 2139 1469 2201 animi
1491 2137 1627 2201 adfectio
1648 2158 1721 2201 oum
1743 2137 1779 2199 in

413 2258 439 2303 ro
448 2233 595 2301 adeundo
625 2233 767 2315 periculo
795 2239 827 2295 et
854 2231 887 2294 in
917 2230 1025 2294 labore
1046 2250 1083 2293 ac
1107 2230 1216 2294 dolore
1245 2232 1378 2313 patiens,
1401 2240 1467 2294 turn
1496 2230 1607 2314 procul
1628 2231 1667 2294 ab
1690 2230 1777 2294 omni

450 2330 556 2394 metui
588 2324 639 2389 li.
662 2332 764 2410 Atque
793 2325 871 2388 baec
893 2332 977 2388 certe
999 2343 1062 2386 non
1084 2324 1130 2387 ita
1151 2343 1186 2388 se
1209 2323 1374 2398 baberent,
1400 2325 1463 2387 nisi
1486 2324 1721 2387 omnebonum
1744 2325 1776 2388 in

447 2442 511 2486 una
531 2421 697 2484 honestate
720 2419 917 2483 consisteret.
942 2418 1009 2494 Qui
1033 2426 1140 2481 autem
1162 2418 1250 2481 illam
1272 2437 1419 2482 maxume
1441 2426 1579 2500 optatam
1602 2426 1635 2481 et
1655 2419 1779 2500 expeti·

447 2523 510 2581 tam
533 2515 732 2579 securitatem
755 2544 798 2559 -
820 2512 1020 2574 securitatem
1043 2520 1149 2575 autem
1171 2531 1254 2573 nunc
1275 2510 1402 2594 appello
1424 2513 1613 2574 vacuitatem
1639 2512 1778 2592 aegritu·

448 2610 547 2684 dinis,
576 2610 609 2671 in
632 2626 695 2690 qua
718 2607 782 2668 sita
801 2605 895 2668 beata
917 2605 1020 2685 posita
1043 2614 1091 2667 est
1113 2639 1153 2650 -
1176 2604 1293 2668 babere
1315 2605 1483 2688 quisquam
1507 2612 1624 2686 potest,
1650 2607 1701 2668 cui
1723 2614 1779 2669 aut

410 2723 438 2770 ra
447 2702 531 2768 adsit
552 2712 606 2765 aut
627 2700 739 2764 adesse
755 2700 857 2780 possit
871 2697 1041 2762 multitudo
1058 2699 1232 2761 malorum?
1256 2699 1319 2774 Qui
1334 2705 1441 2761 antem
1458 2699 1576 2779 poterit
1590 2718 1660 2761 esse
1674 2699 1778 2763 celsus

447 2803 479 2861 et
506 2804 629 2859 erectus
658 2802 691 2858 et
719 2812 772 2866 ea,
802 2812 885 2875 quae
914 2792 1034 2855 bomini
1056 2793 1202 2856 accidere
1224 2802 1376 2874 possunt,
1399 2794 1504 2855 omnia
1527 2812 1624 2875 parva
1646 2792 1777 2866 ducens,

447 2890 573 2975 qualem
595 2890 770 2972 sapientem
792 2907 862 2949 esse
887 2886 1045 2961 volumus,
1074 2886 1135 2948 nisi
1159 2887 1266 2948 omnia
1288 2886 1350 2949 sibi
1371 2885 1403 2948 in
1425 2906 1460 2948 se
1489 2886 1591 2967 posita
1612 2886 1777 2949 censetur

445 2987 495 3047 An
517 2982 773 3055 Lacedaemonii,
796 2980 942 3064 Philippo
965 2980 1131 3044 minitante
1154 3001 1210 3061 per
1232 2981 1353 3044 litteras
1375 3001 1410 3045 se
1432 2982 1553 3053 omnia,
1575 2998 1657 3062 quae
1680 2999 1777 3043 cona·

445 3083 573 3149 rentur,
596 3075 845 3157 prohibiturum,
870 3075 1097 3157 quaesiverunt
1118 3095 1192 3136 num
1216 3095 1251 3137 se
1274 3083 1359 3137 esset
1379 3075 1475 3138 etiam
1498 3074 1576 3137 mori
1601 3073 1778 3156 prohibitu·

409 3190 516 3240 eorus:
546 3171 594 3234 vir
620 3170 662 3243 ia,
691 3189 785 3252 quem
810 3168 1006 3250 quaerimus,
1036 3188 1101 3230 oon
1128 3169 1228 3230 multo
1249 3168 1374 3232 facilius
1396 3168 1450 3231 tali
1473 3168 1579 3230 animo
1601 3168 1779 3250 reperietur

444 3284 539 3350 quam
562 3264 671 3326 civitas
693 3262 861 3325 universa?
892 3260 1002 3335 Quid‘t
1030 3261 1071 3322 ad
1093 3261 1176 3324 hano
1198 3261 1430 3336 fortitudinem,
1457 3261 1496 3325 de
1520 3281 1583 3345 qua
1606 3261 1778 3345 loquimur,

443 3359 651 3440 temperantia
672 3354 833 3425 adiuncta,
866 3373 947 3439 quae
970 3355 1011 3417 sit
1035 3355 1225 3418 moderatrix
1248 3357 1390 3418 omnium
1413 3356 1675 3427 commotionum,
1701 3354 1776 3437 quid

444 3460 550 3537 potest
577 3450 615 3514 ad
649 3450 741 3513 beate
764 3447 934 3511 vivendum
957 3447 1068 3512 deesse
1091 3448 1136 3521 ei,
1166 3469 1259 3530 quern
1283 3448 1437 3512 fortitudo
1460 3450 1499 3511 ab
1521 3449 1722 3531 aegritudine
1744 3457 1776 3512 et

442 3552 567 3610 ametu
589 3543 742 3613 vindicet,
773 3543 982 3623 temperantia
1003 3562 1074 3604 cum
1098 3562 1116 3604 a
1139 3542 1271 3606 libidine
1293 3554 1421 3617 avocet,
1449 3552 1516 3606 tum
1537 3544 1687 3607 insolenti
1711 3542 1776 3607 ala·

403 3644 553 3709 monitate
575 3639 690 3719 gestire
712 3655 777 3699 non
799 3636 904 3698 einatl
933 3636 1019 3698 llaec
1042 3632 1168 3698 efficere
1190 3638 1337 3700 virtutem
1359 3638 1573 3711 ostenderem,
1595 3636 1657 3699 nisi
1679 3656 1774 3718 supe·

441 3733 580 3797 rioribus
601 3730 714 3793 diebus
738 3737 846 3793 essent
868 3730 1034 3814 explicata.

526 3826 594 3887 XV.
616 3822 667 3885 43.
691 3825 792 3903 atque
815 3842 887 3885 oum
910 3823 1163 3905 perturbationes
1187 3825 1284 3887 animi
1314 3826 1485 3899 miseriam,
1514 3823 1696 3888 sedationes
1718 3845 1776 3889 au-

441 3928 505 3985 tem
534 3920 631 3981 vitam
658 3916 797 3980 efficiant
825 3916 965 3990 beatam,
994 3915 1179 4001 duplexque
1209 3919 1290 3982 ratio
1323 3918 1570 4001 perturbationis
1598 3921 1655 3991 sit,
1687 3919 1776 4002 quod

440 4010 606 4096 aegritudo
629 4018 660 4073 el
683 4022 784 4074 metus
807 4012 841 4073 in
863 4011 955 4073 malis
977 4012 1130 4093 opinatis,
1162 4014 1195 4073 in
1217 4014 1373 4075 bonorum
1397 4022 1502 4075 autem
1525 4032 1632 4075 errore
1654 4012 1775 4077 laetitia

401 4107 579 4191 eogestiens
603 4106 767 4188 libidoque
791 4113 943 4176 versetur,
966 4125 1047 4189 quae
1070 4107 1176 4168 omnia
1192 4126 1263 4168 cum
1279 4107 1414 4169 consilio
1430 4116 1461 4170 et
1475 4107 1598 4169 ratione
1615 4116 1773 4189 pugnant:

439 4202 490 4265 bis
513 4208 547 4262 tu
569 4208 632 4262 tam
656 4201 805 4282 gravibus
828 4199 1093 4262 concitationibus
1117 4208 1242 4281 tamque
1266 4201 1344 4282 ipsis
1361 4202 1443 4263 inter
1458 4222 1491 4263 se
1508 4200 1773 4263 dissentientibus

439 4303 536 4378 atque
560 4293 718 4357 distractis
741 4314 836 4375 quem
853 4313 1002 4367 vacuum,
1025 4294 1174 4366 solutum,
1199 4294 1330 4357 liberum
1352 4295 1484 4367 videris,
1507 4294 1592 4356 bunc
1615 4295 1775 4359 dubitabis

439 4389 566 4454 beatum
578 4390 705 4452 dicere?
722 4389 818 4471 atqui
832 4389 958 4471 sapiens
970 4408 1096 4469 semper
1108 4389 1151 4451 ita
1163 4389 1306 4451 adiectus
1318 4396 1384 4464 est;
1404 4410 1530 4470 semper
1541 4390 1637 4471 igitur
1648 4390 1777 4471 sapiens

440 4483 551 4547 beatus
573 4491 631 4545 est.
654 4485 757 4564 Atque
779 4485 872 4544 etiam
888 4503 983 4545 omne
999 4482 1117 4545 bonum
1139 4482 1285 4544 laetabile
1301 4490 1367 4555 est;
1390 4482 1476 4565 quod
1492 4492 1598 4545 autern
1615 4482 1772 4555 laetabile,

400 4600 429 4648 as
439 4576 471 4641 id
487 4577 732 4659 praedicandum
744 4583 775 4639 et
790 4596 865 4658 prae
881 4598 914 4639 se
929 4576 1107 4650 ferendum3
1125 4577 1210 4659 quod
1225 4577 1287 4639 tale
1300 4585 1416 4651 aulem,
1430 4577 1460 4640 id
1474 4578 1568 4640 etiam
1582 4578 1773 4659 gloriosum3

439 4671 466 4735 si
489 4691 564 4734 vero
587 4671 769 4753 gloriosum,
791 4681 875 4734 certe
898 4670 1070 4743 iaudabiie;
1095 4671 1181 4753 quod
1198 4671 1355 4733 laudabile
1370 4682 1491 4745 autem,
1514 4671 1655 4755 prolecto
1678 4671 1772 4735 ctiam

438 4763 622 4828 honestum:
646 4763 730 4846 quod
748 4764 867 4826 bonum
889 4765 994 4846 igitur,
1014 4765 1044 4825 id
1060 4763 1238 4827 honestum.
1270 4761 1321 4828 ll.
1339 4769 1379 4829 at
1398 4786 1480 4848 quae
1495 4768 1547 4830 isti
1564 4766 1647 4829 bona
1664 4786 1774 4828 nume·

439 4868 510 4922 rant
525 4879 564 4921 ne
580 4859 637 4943 ipsi
652 4858 780 4942 quidem
793 4857 925 4921 honesta
937 4859 1061 4920 dicunt:
1080 4860 1183 4921 solum
1196 4861 1289 4941 igitur
1302 4862 1418 4923 bonum
1429 4862 1515 4943 quod
1528 4860 1713 4935 honestum;
1732 4881 1772 4923 ex

505 5106 528 5157 t.
547 5103 617 5168 quin]
635 5105 678 5167 poi
695 5106 726 5154 G¹
744 5129 770 5140 -
790 5106 822 5153 eit
838 5105 1049 5167 superscriptum
1068 5104 1150 5154 habet
1168 5107 1187 5153 6
1206 5133 1231 5142 -
1251 5108 1274 5156 ².
1294 5107 1429 5168 completor
1446 5105 1557 5169 Bentley
1570 5105 1635 5162 tcoll
1650 5108 1666 5169 s
1679 5108 1719 5157 tr.
1739 5107 1773 5157 de

420 5178 521 5237 finib.
540 5180 582 5236 lll,
602 5177 656 5236 lit:
676 5180 846 5240 complectitur
863 5180 899 5234 C;
918 5180 1075 5240 compleatur
1092 5181 1237 5243 Wopkens.
1253 5208 1279 5217 -
1299 5182 1323 5230 6,
1343 5187 1437 5242 septum
1454 5183 1504 5231 Gli
1523 5208 1548 5217 υ
1568 5182 1591 5231 t.
1606 5182 1702 5242 aedqus'
1713 5184 1775 5231 nibil

437 5254 550 5303 nucetio
570 5265 653 5314 marg.
673 5266 687 5302 a
706 5267 786 5303 manu
805 5267 860 5304 sec.
881 5254 963 5304 babet
980 5257 1000 5304 G
1020 5282 1046 5291 -
1067 5255 1092 5304 8.
1110 5268 1196 5314 paruo
1210 5257 1244 5305 C:
1262 5270 1354 5317 porum
1366 5257 1395 5313 0,
1415 5257 1486 5318 quod
1505 5255 1598 5305 laisum
1611 5270 1672 5307 esse
1684 5256 1775 5308 docuit

438 5330 543 5389 llarlvlg
559 5327 592 5378 ad
612 5328 667 5377 Cic.
686 5328 720 5378 de
739 5329 820 5379 Ftoib.
841 5343 866 5393 p.
885 5330 928 5380 tat
950 5344 1003 5393 sq..
1022 5330 1071 5379 scd
1090 5343 1186 5380 vereor
1204 5334 1232 5379 ut
1251 5344 1336 5392 porca
1355 5335 1427 5381 recte
1446 5332 1594 5381 detenderit
1611 5332 1651 5382 bis
1669 5331 1771 5383 verbis:

439 5417 552 5469 sparvus
576 5406 663 5453 metus
683 5403 845 5466 significatur
867 5418 900 5454 ex
923 5407 1012 5468 parvis
1029 5406 1124 5463 rebus,
1148 5419 1216 5469 quse
1235 5409 1387 5456 metuantur
1405 5409 1535 5470 (corporis
1552 5405 1729 5456 incommodis
1747 5410 1775 5456 et

439 5481 591 5540 extemtsr.»
611 5476 696 5529 llalim
711 5492 804 5541 ponem
823 5481 877 5542 (qui
892 5493 974 5541 paruo
991 5485 1059 5530 metu
1075 5485 1110 5529 ert
1123 5482 1285 5543 Tischerus)
1302 5508 1327 5518 —
1347 5483 1414 5530 omni
1432 5496 1497 5531 corrv
1514 5482 1573 5531 ead.
1588 5495 1622 5531 m.
1637 5484 1661 5531 in
1674 5485 1774 5530 omnino

439 5555 460 5603 6
480 5582 506 5592 -
526 5555 550 5603 9.
569 5566 626 5603 cnm
643 5554 676 5603 C:
696 5553 786 5603 tumO
807 5580 832 5590 -
853 5555 894 5603 li.
913 5555 957 5603 illo
975 5556 994 5603 6
1015 5582 1040 5591 -
1060 5556 1199 5617 expetitum
1217 5556 1362 5607 Manutius:
1387 5559 1529 5618 mpedimm
1547 5558 1566 5607 C
1585 5584 1617 5593 -
1635 5556 1675 5606 43.
1693 5555 1774 5616 apetto

440 5628 500 5678 ll·-
515 5629 554 5679 48.
573 5630 698 5692 pbitippbo
715 5620 735 5679 lt
754 5654 780 5665 -
800 5630 931 5678 minitante
947 5629 1072 5693 Bentley:
1092 5632 1211 5681 militanti
1228 5632 1262 5688 C;
1281 5633 1438 5681 minitando
1453 5658 1480 5667 —
1494 5634 1534 5682 20.
1547 5632 1702 5693 repperietur
1714 5632 1734 5679 6
1745 5626 1772 5680 ll¹

441 5729 469 5740 -
487 5705 528 5754 il.
548 5705 660 5767 loquitur
677 5706 725 5754 Gli
744 5709 771 5754 et
789 5706 868 5765 (corr.
888 5705 913 5754 in
931 5706 1065 5768 loquimur)
1084 5707 1103 5755 B
1123 5733 1150 5743 -
1169 5706 1210 5755 il.
1231 5720 1287 5755 cum
1305 5707 1461 5758 Lambinus:
1481 5714 1533 5756 tum
1551 5707 1601 5758 CO
1624 5733 1648 5741 -
1668 5706 1708 5753 at.
1728 5705 1773 5754 At-

440 5792 488 5842 ptu
504 5781 569 5842 cam]
585 5782 617 5831 At
633 5782 781 5843 paicunmae
798 5782 818 5831 C
838 5807 864 5816 —
884 5780 924 5830 28.
942 5780 1143 5842 perturbationes
1153 5793 1221 5829 corr.
1238 5783 1263 5830 in
1279 5782 1504 5842 perturbationisll
1519 5806 1545 5816 -
1562 5781 1601 5831 30.
1615 5792 1680 5840 quoe
1693 5780 1772 5828 Beot-

440 5851 494 5914 ley:
513 5867 570 5903 mm
580 5856 616 5911 (ῖς
634 5869 711 5916 quum
728 5856 819 5905 baecO
833 5882 859 5893 -
875 5861 993 5919 peanum
1010 5869 1071 5907 nos:
1085 5861 1199 5919 pupnmt
1216 5856 1263 5907 CO
1278 5884 1303 5894 -
1322 5857 1362 5907 3⁴.
1375 5857 1445 5921 ipsis]
1457 5858 1483 5905 ia
1494 5858 1553 5919 ipsta
1564 5856 1593 5915 6,
1607 5854 1654 5905 sed
1668 5853 1771 5906 litterae

439 5928 467 5977 tn
483 5930 589 5991 punctis
606 5934 711 5981 notatae
729 5934 799 5982 sunt.
821 5953 848 5967 -
867 5929 908 5980 37.
926 5930 1005 5993 Atque
1020 5932 1062 5983 tui
1078 5930 1112 6004 C,
