4342 7459
439 1238 502 1305 ²3⁴
751 1259 1079 1325 ruscucausaurr
1100 1259 1436 1327 nrsrursrrortou

439 1403 524 1467 enim
547 1423 642 1488 saepe
665 1404 774 1488 aliquo
796 1410 889 1466 acute
911 1404 1080 1478 concluso,
1102 1404 1247 1467 labamus
1270 1411 1491 1487 mutamusque
1506 1407 1696 1470 senteutiam
1711 1406 1777 1474 cla·

439 1498 577 1562 rioribus
599 1500 692 1562 etiam
716 1499 749 1562 iu
772 1499 885 1574 rebus;
908 1498 942 1561 in
963 1498 1017 1561 bis
1039 1507 1089 1561 est
1111 1500 1194 1562 enim
1217 1498 1325 1582 aliqua
1347 1499 1533 1563 obscuritas.
1570 1500 1605 1562 ld
1628 1500 1726 1581 igitur
1747 1500 1776 1564 si

438 1589 599 1667 acciderit,
629 1593 727 1656 simus
760 1594 883 1657 armati.
923 1592 961 1655 A.
988 1594 1072 1655 Sane
1102 1592 1250 1675 quidem,
1286 1592 1341 1654 sed
1368 1612 1409 1655 ue
1438 1592 1559 1656 accidat
1589 1592 1776 1677 providebo.

437 1686 481 1748 Μ.
502 1687 584 1747 Num
606 1687 683 1770 quid
707 1688 804 1770 igitur
825 1696 875 1751 est
895 1705 1009 1751 causae
1030 1687 1107 1769 quin
1127 1686 1248 1748 amicos
1269 1693 1396 1749 nostros
1417 1686 1542 1749 Stoicos
1558 1688 1776 1751 dimittamus?

414 1788 495 1842 teos
517 1779 605 1853 dico,
627 1781 682 1862 qui
703 1781 792 1844 aiunt
816 1800 943 1844 manere
965 1779 1108 1854 animos,
1131 1771 1201 1842 cuni
1225 1798 1391 1862 ecorporo
1406 1781 1615 1853 excesserint,
1638 1780 1776 1844 sednon

439 1891 574 1955 semper.
608 1872 646 1936 A.
668 1874 749 1937 lstos
771 1892 863 1948 vero,
892 1873 967 1957 qui,
993 1870 1079 1955 quod
1103 1881 1167 1935 tota
1196 1874 1229 1936 in
1257 1873 1316 1936 bac
1344 1894 1437 1956 causa
1468 1871 1688 1937 difficillimum
1716 1882 1775 1949 est,

438 1967 628 2051 suscipiant,
651 1987 746 2049 posse
767 1968 907 2030 animum
930 1985 1058 2029 manere
1080 1984 1215 2048 corpore
1238 1975 1418 2029 vacentem:
1433 1965 1521 2029 tttud
1540 1974 1664 2041 autem,
1687 1966 1775 2052 quod

438 2080 501 2124 nou
534 2059 628 2124 modo
660 2060 755 2125 facile
787 2060 828 2125 ad
862 2058 1057 2124 credendum
1084 2068 1148 2133 est,
1181 2060 1237 2123 sed
1264 2080 1303 2122 eo
1333 2079 1503 2135 concesso,
1532 2059 1619 2145 quod
1650 2061 1776 2137 volunt,

438 2174 655 2239 consequens,
687 2155 721 2218 id
748 2154 990 2227 circumcidant,
1021 2161 1074 2228 ut,
1108 2174 1179 2216 cum
1210 2154 1265 2216 diu
1297 2155 1523 2236 permanserit,
1556 2176 1596 2218 ne
1631 2156 1777 2219 intereat.

401 2251 589 2314 somnone
614 2250 839 2333 reprehendis,
868 2256 900 2311 et
928 2268 963 2310 se
992 2249 1054 2311 isto
1078 2246 1173 2310 modo
1197 2268 1247 2312 res
1270 2247 1375 2311 babet.
1412 2245 1463 2310 79.
1487 2248 1659 2313 Credamus
1681 2251 1778 2332 igitur

438 2345 587 2408 Panaetio
608 2364 627 2408 a
648 2343 780 2406 Platone
802 2362 861 2405 suo
883 2341 1107 2404 dissentienti?
1131 2361 1226 2425 quem
1249 2341 1332 2403 enim
1356 2342 1503 2405 omuibus
1527 2343 1606 2406 locis
1622 2342 1777 2417 divinum,

438 2455 533 2519 quem
556 2436 841 2521 sapientissimum,
863 2454 958 2518 quem
979 2435 1230 2509 sanctissimum,
1253 2456 1348 2519 quem
1374 2438 1546 2499 Homerum
1570 2436 1778 2521 pbilosopho-

437 2549 506 2593 rum
536 2531 692 2614 appellat,
721 2530 816 2593 buius
847 2530 929 2592 banc
952 2548 1046 2592 unam
1070 2529 1261 2592 senteutiam
1285 2529 1325 2592 de
1347 2530 1573 2593 inmortalitate
1596 2530 1776 2593 animorum

438 2643 502 2687 non
529 2624 650 2707 probat.
686 2623 760 2687 Volt
781 2623 882 2698 euim,
905 2622 990 2706 quod
1013 2641 1107 2684 nemo
1129 2630 1240 2703 negat,
1263 2623 1417 2706 quicquid
1441 2632 1548 2694 natum
1572 2626 1613 2688 sit
1628 2625 1776 2687 interires

400 2716 653 2783 consociantem
675 2717 816 2791 animos,
846 2715 933 2800 quod
956 2715 1096 2789 declaret
1118 2735 1228 2778 eorum
1251 2716 1444 2790 similitudo,
1474 2719 1528 2800 qui
1561 2726 1776 2803 procreentur,

439 2831 521 2895 quae
543 2812 637 2875 etiam
660 2811 693 2875 iu
715 2810 867 2894 ingeniis,
889 2831 954 2873 uon
977 2809 1080 2872 solum
1104 2810 1138 2872 iu
1160 2811 1349 2892 corporibus
1372 2820 1533 2895 appareat.
1564 2811 1705 2875 Alteram
1721 2831 1777 2874 au·

438 2915 500 2969 tem
522 2904 625 2969 adfert
646 2906 813 2977 rationem,
836 2905 915 2967 nibil
938 2902 1111 2987 essequod
1135 2902 1249 2977 doleat,
1271 2904 1349 2987 quin
1365 2904 1397 2965 id
1413 2924 1540 2987 aegrum
1557 2925 1627 2968 esse
1643 2925 1777 2990 quoquo

438 3000 555 3085 possit3
585 2999 670 3082 quod
692 3008 796 3062 autem
820 3000 853 3062 in
875 2999 1019 3062 morbum
1043 2998 1149 3070 cadat,
1172 2997 1203 3058 id
1227 2997 1322 3060 etiam
1345 2996 1564 3062 interiturum:
1587 2998 1698 3061 dolere
1720 3016 1776 3061 au-

438 3100 502 3159 tem
524 3098 664 3168 animos,
686 3112 762 3175 ergo
783 3095 878 3157 etiam
900 3093 1040 3154 interire.
1077 3091 1225 3152 xxxttt.
1241 3088 1292 3152 80.
1308 3091 1396 3154 llaec
1411 3092 1512 3155 refelli
1529 3101 1672 3175 possunt.
1696 3093 1778 3154 Sunt

400 3187 522 3255 atenim
546 3187 738 3269 ignorantis,
768 3206 839 3250 cum
863 3186 903 3248 de
926 3187 1112 3249 aeternitate
1135 3185 1311 3247 animorum
1335 3184 1473 3259 dicatur,
1501 3187 1542 3249 de
1570 3196 1674 3249 moute
1698 3186 1777 3260 dici,

441 3301 525 3388 quae
548 3282 634 3344 omui
657 3281 786 3344 turbido
810 3290 898 3344 motu
920 3300 1045 3363 semper
1068 3287 1174 3351 vacet,
1202 3299 1266 3341 non
1290 3278 1329 3340 de
1352 3280 1496 3361 partibus
1519 3280 1574 3353 iis,
1602 3281 1635 3342 in
1658 3280 1777 3363 quibus

438 3374 668 3458 aegritudines,
699 3374 765 3437 irae
795 3373 1008 3456 libidinesque
1037 3380 1221 3446 versentur,
1250 3393 1329 3454 quas
1357 3375 1401 3446 is,
1432 3383 1540 3437 contra
1571 3392 1665 3456 quem
1698 3374 1777 3437 baec

439 3464 603 3540 dicuutur,
626 3477 764 3531 semotas
786 3489 804 3530 a
827 3476 932 3529 mente
955 3474 987 3529 et
1010 3466 1166 3528 disclusas
1189 3472 1289 3547 putat.
1327 3468 1390 3529 lam
1413 3465 1589 3530 similitudo
1606 3469 1707 3549 magis
1722 3487 1778 3551 ap-

439 3569 528 3645 paret
549 3561 582 3623 in
605 3560 732 3636 bestiis,
761 3582 893 3645 quarum
917 3561 1014 3624 animi
1037 3567 1112 3622 sunt
1133 3560 1266 3621 rationis
1289 3569 1454 3643 expertes3
1483 3560 1647 3625 bominum
1670 3571 1777 3628 autem

400 3654 611 3721 assimilitudo
642 3656 674 3717 iu
704 3675 872 3736 corporum
900 3655 1001 3737 ligura
1023 3653 1124 3735 magis
1147 3661 1265 3726 exstat,
1294 3661 1326 3715 et
1347 3653 1409 3735 ipsi
1431 3654 1530 3717 animi
1552 3657 1657 3739 magni
1680 3654 1778 3719 refert

440 3748 527 3832 quali
549 3750 582 3813 iu
605 3767 740 3831 corpore
763 3749 856 3811 locati
878 3750 952 3811 sint.
990 3746 1091 3810 Multa
1112 3746 1195 3808 enim
1215 3766 1232 3807 e
1254 3765 1386 3828 corpore
1404 3747 1546 3811 existunt
1563 3767 1645 3831 quae
1662 3757 1778 3812 acuant

439 3850 594 3917 mentem,
617 3842 715 3905 multa
738 3861 821 3926 quae
843 3842 1030 3906 obtundant.
1062 3840 1256 3902 Aristoteles
1275 3839 1404 3923 quidem
1434 3841 1479 3903 ait
1501 3841 1603 3904 omnis
1630 3842 1778 3925 ingenio·

438 3956 492 4001 sos
521 3934 766 4000 melancholicos
795 3956 882 4010 esse,
912 3946 948 3999 ut
975 3956 1034 4019 ego
1062 3955 1113 3996 me
1137 3933 1307 3996 tardiorem
1331 3954 1487 3997 essenon
1511 3934 1642 3998 moleste
1666 3934 1776 3998 ieram.

438 4033 609 4094 Enumerat
643 4029 773 4104 multos,
806 4030 904 4114 idque
939 4031 1030 4113 quasi
1064 4036 1204 4101 constet,
1238 4030 1391 4091 rationem
1424 4029 1551 4092 cur·ita
1581 4029 1636 4093 liat
1664 4030 1778 4094 adfert.

401 4124 535 4200 aoQuod
557 4125 586 4187 si
608 4129 695 4186 tanta
717 4123 764 4186 vis
787 4124 897 4187 estad
919 4124 1060 4186 habitum
1085 4108 1199 4184 mentis
1222 4122 1255 4183 iu
1278 4123 1331 4196 iis,
1356 4143 1437 4205 quae
1460 4123 1630 4205 gignuntur
1652 4125 1686 4186 in
1708 4144 1779 4187 cor·

440 4237 516 4302 poro
538 4252 578 4263 -
598 4237 634 4279 ea
652 4226 725 4279 sunt
739 4226 854 4292 autem,
877 4237 1098 4302 quaecumque
1117 4224 1209 4289 suut,
1232 4235 1314 4299 quae
1331 4217 1571 4279 similitudinem
1588 4216 1710 4279 faciunt
1725 4250 1778 4291 -,

439 4311 519 4375 nihil
551 4310 749 4374 necessitatis
779 4309 896 4385 adfert,
925 4331 981 4373 cur
1009 4318 1180 4373 nascautur
1208 4310 1320 4383 animi,
1350 4309 1535 4372 similitudo.
1579 4305 1629 4371 8t.
1655 4310 1778 4374 Omitto

439 4404 723 4469 dissimilitudines.
746 4405 867 4467 Vellem
888 4405 1001 4468 adesso
1018 4414 1127 4487 posset
1146 4405 1312 4466 Panaetius
1327 4406 1460 4467 -vixit
1475 4424 1547 4466 cum
1559 4402 1709 4466 Africano
1720 4424 1778 4465 -:

506 4750 529 4799 4.
548 4760 622 4811 saepe
638 4748 670 4797 ob
686 4748 809 4811 aliquod
831 4775 855 4784 -
877 4747 901 4798 3.
920 4749 1005 4814 omas]
1023 4750 1127 4799 siminus
1144 4751 1193 4799 GR
1214 4776 1240 4787 -
1260 4750 1283 4799 5.
1304 4748 1402 4797 culmos
1417 4761 1533 4805 mcum,
1552 4761 1687 4810 ccorpore
1702 4762 1779 4812 quarn

440 4827 459 4876 0
479 4852 505 4861 -
526 4826 550 4876 9.
568 4826 595 4874 id
611 4825 792 4875 circumcidant
809 4823 929 4886 Madvig:
948 4826 1041 4874 idcirco
1058 4837 1109 4873 non
1127 4825 1188 4871 dont
1201 4824 1236 4880 C;
1255 4824 1281 4871 id
1297 4829 1362 4872 certe
1379 4837 1427 4870 con
1446 4824 1507 4870 dont
1526 4824 1544 4871 0
1560 4849 1586 4857 -
1606 4824 1647 4871 20.
1660 4824 1780 4872 dicontur

440 4904 488 4952 Gli
509 4930 535 4939 -
555 4903 595 4952 tt.
614 4902 687 4949 bisc
708 4924 735 4935 —
755 4901 787 4948 tt
815 4901 837 4947 ts
861 4901 1030 4963 supersunt
1051 4901 1085 4959 a,
1110 4900 1147 4948 bis
1164 4900 1213 4948 GB
1235 4926 1260 4934 —
1287 4900 1327 4948 23.
1347 4900 1465 4946 dicontur
1483 4899 1531 4946 titt
1553 4924 1579 4933 -
1600 4896 1640 4945 ³0.
1659 4896 1687 4945 iu
1703 4896 1777 4945 tisC

442 5004 468 5014 -
489 4978 529 5028 3t.
547 4977 644 5038 sonant
661 4976 690 5026 C.
716 4975 896 5040 uTregderus,
918 4979 947 5024 ut
968 4974 1097 5035 lllotztus,
1121 4990 1153 5025 es
1172 4975 1337 5037 Arclretypo:
1362 4988 1392 5021 cu
1417 4974 1494 5035 [quae
1513 4974 1656 5034 gignuntur
1672 4972 1699 5020 in
1717 4983 1779 5020 cor-

440 5053 513 5116 pore)
531 5057 588 5101 suat
604 5056 697 5110 aarum,
716 5062 886 5112 quaecamque
902 5057 973 5111 sont,
992 5065 1057 5113 quos
1072 5050 1260 5099 similitudinem
1276 5049 1416 5111 sociant.
1446 5046 1559 5096 tltotzius
1571 5047 1629 5110 ipse
1643 5047 1703 5108 (ea.)
1715 5058 1780 5108 quos

438 5126 624 5176 similitudinem
641 5127 739 5188 scciont
761 5130 789 5176 ut
810 5126 960 5177 subtectum
983 5140 1043 5177 curn
1067 5140 1098 5176 sa
1121 5132 1178 5174 suat
1200 5131 1284 5174 cutem
1300 5125 1398 5186 iungit,
1425 5136 1456 5172 ac
1475 5126 1564 5172 tamen
1582 5121 1778 5171 coniunctirum

440 5202 623 5254 necessarlum
646 5213 707 5251 esse
730 5201 867 5251 contendit
889 5203 1053 5264 miraturque
1077 5201 1251 5259 Lambinum,
1277 5198 1418 5258 Wotttum,
1439 5196 1623 5254 Schuetzium‚
1643 5193 1778 5253 omilium,

439 5278 610 5328 liuelruerum
631 5277 772 5339 scripstsse
792 5278 906 5339 samam!
931 5279 962 5328 Ut
985 5276 1017 5327 iltt
1042 5278 1102 5338 virt,
1129 5280 1168 5327 stc
1191 5289 1241 5339 ego
1263 5278 1399 5339 putaram,
1424 5274 1449 5321 tn
1468 5271 1613 5336 repetenda
1632 5271 1778 5321 sententta:

438 5354 566 5403 bosntsom
587 5352 723 5401 dmditodo
745 5352 783 5414 t:
800 5364 846 5410 en,
865 5364 930 5413 qnos
951 5351 1136 5401 similitudinem
1160 5352 1297 5401 hominum
1315 5349 1375 5411 (oc.)
1397 5350 1423 5396 in
1443 5360 1578 5408 corporum
1589 5348 1679 5469 {tyara
1698 5349 1780 5397 sutas

440 5431 477 5492 (=
493 5433 551 5477 sont
568 5441 612 5488 eo,
631 5438 700 5490 quac
720 5426 745 5475 in
763 5437 876 5489 corpore
894 5425 1042 5489 gignuntur)
1061 5428 1258 5477 coniunctivum
1275 5426 1372 5486 sociant
1390 5437 1441 5473 non
1458 5424 1545 5472 minus
1557 5435 1587 5471 so
1598 5434 1694 5488 oscum
1707 5432 1778 5478 esso,

440 5517 520 5568 quam
539 5503 561 5554 sl
579 5503 639 5566 quis
657 5499 779 5551 librarius
797 5502 991 5564 scripsissetis
1008 5503 1048 5562 its,
1067 5515 1132 5564 quos
1147 5502 1295 5563 pipnantor.
1320 5498 1497 5548 scribendum
1515 5499 1556 5546 ost
1574 5497 1652 5558 igitur
1667 5497 1777 5558 faciut:

439 5591 501 5629 nam
519 5588 691 5639 qaaecumque
707 5581 777 5635 aaut,
796 5576 868 5639 quod
888 5577 914 5625 in
931 5573 972 5624 illa
992 5576 1181 5641 interpretandi
1200 5576 1302 5624 ratione
1320 5578 1374 5625 est:
1395 5585 1564 5635 quoscumque
1579 5584 1611 5620 so
1625 5575 1697 5631 aaut,
1715 5582 1781 5633 quas

440 5656 466 5702 tn
482 5665 588 5715 corpore
604 5653 754 5715 qiqnaatrsr,
773 5662 835 5699 cum
853 5662 918 5711 quos
934 5651 1121 5700 similitudinem
1138 5651 1187 5711 (cc.
1208 5651 1241 5699 ita
1261 5651 1379 5711 iungere.
1399 5654 1427 5698 ut
1444 5650 1491 5697 sit:
1509 5660 1564 5696 roos
1580 5658 1606 5695 cs
1622 5646 1688 5694 curt
1703 5644 1778 5709 qtsbt,

440 5729 486 5777 dos
502 5755 527 5763 -
548 5727 589 5788 (ct.
609 5726 640 5787 V,
659 5725 691 5777 ts
709 5724 827 5786 quicquid
849 5729 899 5784 est,
924 5726 990 5786 qaod
1011 5725 1102 5774 bocum
1125 5726 1174 5773 sit.
1203 5722 1292 5773 Famtl.
1312 5724 1365 5782 litt,
1384 5724 1425 5782 tt,
1444 5723 1468 5771 2.
1487 5724 1558 5772 Orat.
1579 5721 1593 5784 5
1611 5721 1653 5771 45.
1673 5721 1714 5772 di.
1733 5720 1778 5771 ubl

440 5802 497 5851 sine
516 5800 597 5850 dubio
615 5799 789 5850 scribendum
807 5801 849 5848 ost
864 5799 961 5858 codcd,
980 5805 1052 5850 vetat
1070 5801 1127 5864 ipso
1144 5799 1284 5848 sententia.
1314 5799 1350 5847 De
1369 5796 1503 5846 levissimo
1522 5794 1612 5845 mendi
1629 5808 1729 5859 genere
1743 5795 1776 5845 ct.

440 5875 605 5938 Tregderum
624 5888 650 5939 p.
663 5876 711 5926 ll.·
729 5875 772 5924 W.
791 5872 856 5923 Vide
874 5875 953 5923 etiarn
972 5875 1006 5924 ad
1024 5876 1065 5932 ltt,
1086 5875 1126 5923 tt.
1145 5873 1187 5931 tv,
1201 5873 1242 5922 tl.
1256 5874 1296 5922 98.
1317 5898 1341 5906 —
1362 5872 1401 5920 32.
1421 5871 1578 5921 nascaturC
1599 5896 1626 5906 -
1646 5869 1686 5920 33.
1706 5871 1778 5919 dtul-

441 5948 592 5999 mititadicss
608 5947 734 6012 Bentley:
751 5948 924 5999 automno
940 5948 969 5997 C.
