4342 7459
432 1232 495 1301 664
971 1236 1025 1299 DE
1048 1234 1220 1301 oramus

433 1405 543 1461 nostra
565 1417 599 1459 re
620 1393 747 1478 publica
768 1415 833 1458 non
855 1395 957 1459 solam
979 1395 1163 1471 seditiones,
1186 1396 1242 1459 ssd
1265 1396 1356 1459 etiam
1371 1395 1620 1479 pestilerahella
1634 1398 1759 1465 civilius

435 1511 518 1577 qnae
540 1490 643 1574 gravis
666 1497 698 1551 et
719 1488 810 1552 fortis
832 1489 909 1552 civis
937 1496 970 1552 et
994 1490 1026 1551 in
1049 1508 1083 1552 re
1105 1490 1232 1572 publica
1254 1490 1368 1572 dignus
1389 1492 1570 1575 principatu
1590 1491 1692 1577 fugiet
1712 1502 1760 1559 at·

436 1607 499 1672 que
529 1584 631 1647 oderit
659 1582 827 1667 tradetque
858 1603 892 1646 se
919 1590 1018 1647 totum
1048 1584 1094 1646 rei
1116 1584 1261 1666 publicae
1283 1605 1387 1668 nequa
1410 1604 1488 1669 opes
1509 1594 1563 1650 aut
1585 1587 1760 1671 potentian

436 1678 670 1743 consectabitur
691 1684 852 1762 totamque
875 1697 945 1741 eam
966 1678 1012 1740 sie
1033 1679 1183 1752 tuebitur,
1205 1686 1240 1742 ut
1255 1679 1402 1741 omnibus
1417 1678 1572 1744 consulat.
1601 1682 1668 1744 Nec
1682 1700 1760 1746 sero

412 1772 619 1843 scrimiaibus
647 1770 735 1835 falsis
761 1772 795 1834 in
823 1772 932 1836 odium
955 1781 1011 1835 aut
1032 1773 1184 1836 inuidiam
1206 1792 1395 1856 quemquam
1419 1774 1543 1837 vocabit
1563 1775 1759 1859 omninoque

434 1866 478 1928 ita
499 1865 635 1928 iustitiae
664 1866 886 1950 honestatique
912 1865 1130 1939 adhaerescet,
1162 1874 1213 1940 ut,
1245 1866 1319 1930 dum
1342 1886 1380 1931 ea
1401 1876 1584 1944 conservet,
1613 1870 1759 1952 quamuis

434 1959 571 2041 graviter
592 1960 731 2022 offendat
752 1968 950 2044 mortemque
974 1967 1103 2043 oppetat
1125 1962 1230 2045 potius
1252 1979 1346 2045 quam
1363 1960 1489 2025 deserat
1502 1960 1567 2037 illa,
1582 1982 1665 2047 quae
1680 1961 1759 2027 dixi.

434 2050 485 2116 87.
507 2054 682 2116 hliserrima
704 2055 831 2117 omnino
855 2062 903 2116 est
924 2054 1054 2117 ambitio
1074 2053 1294 2138 honorumque
1317 2056 1493 2130 contentio,
1522 2056 1562 2119 de
1584 2076 1648 2141 qua
1668 2077 1760 2143 prse-

435 2147 518 2212 olare
546 2146 630 2231 apud
660 2147 795 2211 eundem
826 2156 874 2212 est
900 2148 1086 2221 Platonem,
1122 2148 1293 2211 asimiliter
1314 2147 1419 2212 lacere
1441 2168 1512 2226 eos,
1541 2152 1597 2234 qui
1620 2152 1702 2215 inter
1723 2171 1759 2216 ss

399 2243 678 2316 rocoatenderent,
700 2249 770 2304 uter
790 2243 896 2324 potius
918 2262 983 2305 rem
1007 2242 1163 2324 publicam
1185 2242 1428 2318 administraret,
1449 2244 1533 2306 atsi
1555 2251 1669 2308 naama
1691 2264 1760 2309 eer-

436 2341 548 2408 tarent,
570 2336 640 2417 quis
663 2355 771 2398 eorum
786 2336 983 2417 potissimum
1000 2336 1217 2417 gubernaretis
1263 2336 1417 2420 ldemqus
1438 2337 1594 2421 praecipit
1618 2345 1654 2401 ut
1682 2358 1758 2404 scos

434 2426 633 2492 aduersarios
661 2428 896 2503 existimemus,
930 2430 984 2510 qui
1012 2447 1099 2492 arma
1128 2434 1237 2492 contra
1265 2428 1384 2503 lerant,
1417 2449 1479 2493 non
1510 2449 1583 2506 eos,
1611 2431 1667 2515 qui
1699 2453 1758 2497 suo

435 2521 553 2584 iudicio
575 2522 656 2585 tueri
680 2541 746 2584 rem
769 2522 925 2603 publicam
949 2523 1080 2596 velint,a
1105 2522 1207 2608 qualis
1229 2522 1291 2586 tuis
1310 2524 1393 2586 inter
1414 2524 1447 2585 P.
1458 2522 1641 2588 Africanam
1662 2532 1697 2590 et
1718 2525 1758 2603 Q.

434 2616 597 2679 Metellum
620 2615 688 2678 sine
709 2613 877 2678 acerbitate
899 2617 1067 2679 dissensio.

399 2734 427 2781 45
520 2704 571 2770 88.
600 2710 665 2772 Neo
696 2729 770 2772 vero
800 2709 952 2773 audiendi
982 2711 1036 2794 qui
1064 2707 1200 2792 graviter
1226 2710 1361 2774 inimicis
1382 2711 1582 2776 irascendum
1604 2712 1760 2796 putabant

436 2802 532 2887 idque
555 2802 745 2886 magnanimi
774 2811 806 2867 et
833 2802 925 2867 fortis
953 2805 1012 2868 riri
1034 2824 1107 2868 esse
1126 2804 1317 2878 censebunt,
1349 2804 1431 2868 nihil
1452 2809 1537 2869 enim
1558 2802 1757 2880 laudabilius,

437 2896 517 2961 nihil
539 2917 651 2980 magno
673 2906 706 2961 et
728 2896 888 2981 praeclaro
908 2899 976 2962 viro
999 2899 1126 2982 dignius
1149 2897 1361 2981 placabilitate
1382 2906 1479 2983 atque
1502 2898 1681 2964 clementia.
1723 2900 1759 2966 ln

436 2991 544 3056 liberis
564 3012 640 3055 vero
663 2993 788 3077 populis
819 2999 852 3056 et
872 2993 904 3054 in
927 2992 1004 3055 iuris
1026 2993 1250 3076 aequabilitate
1273 2993 1451 3056 exercenda
1472 2994 1566 3057 etiam
1588 2999 1638 3056 est
1657 2991 1761 3057 facili·

436 3091 485 3147 tas
512 3092 544 3148 et
571 3086 705 3149 altitudo
734 3088 830 3151 animi
859 3106 941 3171 qnae
969 3086 1100 3161 dicitur,
1129 3106 1187 3160 ne,
1216 3085 1243 3147 si
1265 3086 1438 3149 irascamur
1464 3085 1759 3169 aut-intempestive

400 3179 660 3249 antecedentibus
682 3188 737 3244 aut
758 3181 950 3264 inpudenter
972 3180 1168 3262 rogantibus,
1183 3180 1216 3241 in
1231 3178 1447 3242 morositatem
1462 3178 1609 3243 inutilem
1623 3186 1658 3242 et
1670 3177 1761 3243 odio·

437 3292 503 3335 sam
526 3272 709 3337 incidamus.
751 3276 792 3339 Et
813 3284 919 3338 tamen
940 3276 984 3338 ita
1006 3273 1169 3357 probanda
1187 3279 1235 3335 est
1249 3273 1456 3338 mansuetudo
1470 3284 1568 3359 atque
1582 3273 1760 3348 clementis,

438 3375 473 3429 ut
494 3366 682 3431 adhibeatur
703 3370 748 3431 rai
772 3370 917 3452 publicae
939 3388 1033 3432 causa
1056 3368 1218 3441 severitas,
1240 3369 1310 3431 sine
1333 3387 1397 3452 qua
1418 3367 1633 3432 administrari
1649 3367 1760 3432 civitas

438 3480 504 3522 non
526 3467 639 3543 potest.
683 3459 793 3525 Omnis
815 3471 920 3526 autem
943 3471 975 3526 et
995 3461 1226 3526 animadversio
1256 3470 1288 3524 et
1309 3461 1472 3545 castigatio
1495 3462 1685 3526 contumelia
1707 3481 1760 3525 rs·

439 3574 510 3617 aare
532 3553 627 3617 debet
648 3574 751 3636 neque
769 3556 813 3618 'ad
835 3558 914 3631 eius,
936 3557 992 3637 qui
1014 3556 1145 3638 punitur
1165 3555 1305 3639 aliquem
1328 3562 1383 3618 aut
1405 3555 1509 3618 verbis
1531 3555 1681 3637 castigat,
1703 3551 1760 3618 ssd

401 3647 479 3717 asad
509 3646 554 3708 rei
584 3648 729 3730 publicae
756 3649 921 3713 utilitatem
950 3648 1071 3713 referri.
1121 3645 1172 3710 89.
1201 3649 1381 3712 Cavendum
1411 3656 1460 3714 cst
1481 3650 1576 3712 etiam
1598 3667 1638 3711 ne
1660 3648 1761 3712 maior

439 3758 543 3822 poena
574 3761 669 3823 quam
699 3742 792 3826 culpa
820 3743 862 3806 sit
890 3751 922 3805 et
949 3762 990 3805 ne
1019 3742 1121 3805 isdem
1152 3740 1191 3804 de
1213 3741 1319 3805 causis
1340 3742 1395 3804 alii
1418 3742 1612 3824 plectantur,
1643 3742 1698 3805 alii
1720 3761 1761 3806 ns

439 3834 639 3915 appellentur
669 3835 807 3920 quidem.
856 3836 1056 3899 Prohibenda
1082 3842 1190 3898 autera
1220 3836 1356 3899 maxime
1384 3843 1433 3898 est
1461 3837 1509 3898 ira
1530 3835 1564 3897 in
1587 3835 1761 3918 puniendo.

438 3928 617 4009 Numquam
639 3930 723 3992 enim
747 3931 844 3993 iratus
867 3931 921 4013 qui
943 3929 1073 3993 accedet
1094 3928 1134 3991 ad
1158 3949 1291 4011 poenam
1307 3928 1557 3992 mediocritatem
1572 3927 1659 3992 illam
1673 3936 1762 3993 tene·

414 4050 419 4059 ·
440 4022 500 4096 bit,
524 4042 604 4106 quae
626 4032 675 4087 est
696 4026 778 4088 inter
799 4024 930 4087 nimium
955 4032 986 4087 et
1007 4043 1132 4105 parum,
1155 4041 1236 4103 quae
1258 4022 1361 4105 placet
1383 4021 1599 4105 Peripateticis
1620 4029 1761 4087 streete

402 4138 431 4185 aa
441 4115 554 4198 placet,
577 4117 671 4180 modo
694 4138 734 4180 ne
755 4117 921 4180 laudarent
942 4117 1135 4180 iracundiam
1151 4125 1182 4179 et
1197 4115 1338 4180 dicerent
1353 4117 1473 4180 utiliter
1486 4136 1505 4179 a
1520 4124 1630 4179 natura
1646 4117 1760 4180 datam.

440 4211 498 4273 llla
519 4232 593 4274 vero
616 4212 761 4275 omnibus
783 4212 816 4273 in
838 4212 931 4274 rebus
954 4209 1150 4294 repudianda
1173 4219 1221 4274 est
1243 4211 1481 4295 optandumque
1501 4220 1536 4274 ut
1550 4211 1584 4285 ii,
1600 4212 1655 4295 qui
1672 4230 1762 4296 prae-

441 4313 515 4369 sunt
536 4306 581 4367 rei
604 4304 764 4390 publicae,
798 4305 903 4385 legum
925 4305 1044 4368 similes
1066 4305 1145 4378 sint,
1168 4324 1250 4388 quae
1272 4306 1311 4367 ad
1334 4304 1529 4389 puniendum
1551 4325 1617 4368 non
1638 4307 1762 4371 iracun-

441 4398 506 4472 dis,
530 4398 584 4462 sed
608 4399 766 4483 aequitate
789 4398 955 4462 ducuntur.

505 4662 527 4709 l.
547 4661 680 4711 sediciones
695 4673 745 4708 noo
761 4659 872 4709 solisne
897 4686 923 4695 -
947 4658 1065 4719 pestilera
1082 4658 1157 4707 stiam
1174 4670 1190 4707 o
1215 4682 1241 4693 -
1268 4656 1293 4705 Ξ.
1312 4669 1377 4718 qaas
1393 4657 1480 4718 pravis
1495 4660 1518 4707 st
1533 4657 1607 4719 [ortis
1622 4657 1680 4718 qais
1695 4662 1720 4707 st
1734 4657 1762 4706 is

437 4749 465 4785 rs
479 4735 580 4796 publica
596 4737 686 4799 dipem
700 4735 870 4796 principatum
884 4732 963 4796 saqtct
973 4738 1048 4793 etque
1058 4732 1136 4781 oderit
1148 4731 1246 4781 Nonius
1258 4742 1284 4792 p.
1295 4730 1352 4779 3⁴5.
1369 4753 1395 4765 -
1415 4731 1440 4780 3.
1453 4744 1482 4781 rs
1494 4744 1527 4792 ‚p
1542 4732 1561 4781 B
1576 4757 1603 4768 -
1622 4733 1647 4781 d.
1662 4733 1762 4782 marino

437 4811 506 4859 itao
534 4837 561 4847 -
591 4811 615 4862 ⁶.
633 4809 807 4860 adhamsbito
831 4833 857 4843 -
886 4812 1014 4857 camerast
1029 4819 1102 4867 quem
1118 4806 1190 4855 ssiss
1218 4833 1242 4844 -
1272 4807 1296 4856 Ἰ.
1314 4810 1419 4855 mortem
1433 4812 1533 4868 oppetat
1549 4820 1582 4869 p;
1609 4814 1763 4871 mortemque

437 4890 570 4947 appelata
589 4910 616 4921 -
640 4886 664 4935 8.
683 4884 825 4933 miserrima
841 4883 941 4931 manino
956 4882 1059 4931 ambitio
1075 4885 1110 4929 est
1126 4880 1295 4945 bonorumque
1311 4881 1432 4930 conlectio
1450 4882 1549 4931 Nonius
1567 4894 1592 4944 p.
1605 4882 1664 4932 ἰδὲ).
1685 4908 1712 4919 -
1735 4882 1759 4934 9.

434 4960 562 5022 platonem
579 4965 644 5009 sato
671 4984 697 4994 -
727 4959 766 5009 tt).
785 4958 848 5021 uter]
866 4964 924 5007 ata
951 4981 978 4993 -
1007 4959 1046 5006 ll.
1063 4957 1220 5017 potissimae
1251 4983 1274 4994 -
1301 4957 1511 5017 pracceptto-
1536 4957 1576 5005 ta.
1595 4957 1761 5018 seranta-

438 5035 479 5085 ⁴3.
499 5033 622 5084 alitteris
639 5036 729 5083 otrrsri
746 5047 839 5083 rursus
856 5034 962 5096 antiqua
981 5044 1076 5081 manus
1093 5030 1182 5093 incipit
1200 5030 1225 5078 in
1244 5043 1258 5079 o
1278 5056 1305 5065 -
1325 5031 1497 5079 thareasra
1515 5032 1631 5080 audendi
1648 5034 1762 5096 praviter

438 5113 481 5173 qai
496 5111 603 5159 inimicis
619 5109 776 5157 irascendum
788 5112 881 5169 patant
897 5109 996 5158 Nonius
1013 5121 1037 5170 p.
1050 5104 1106 5155 att.
1128 5131 1154 5140 -
1174 5105 1291 5153 audiendi
1307 5111 1363 5153 sant
1380 5106 1422 5167 qui
1440 5118 1454 5155 o
1475 5132 1501 5141 -
1525 5107 1634 5156 inimicis
1650 5107 1763 5157 trascen-

437 5187 496 5234 dam
514 5186 533 5234 C
552 5184 639 5246 (etiem
658 5183 694 5242 al:
721 5183 878 5231 irascendum
895 5183 1033 5231 inimictso
1062 5206 1090 5217 -
1119 5181 1158 5229 st.
1178 5178 1334 5242 ctqac1cto
1363 5207 1389 5217 -
1418 5181 1456 5230 lli.
1478 5182 1618 5231 esmomda
1634 5185 1762 5232 stiamsst

436 5260 546 5321 facilitas
563 5264 585 5307 st
602 5257 707 5307 altitudo
724 5257 803 5304 animi
819 5258 918 5305 Nonius
936 5269 961 5319 p.
973 5255 1029 5305 tet.
1050 5280 1076 5289 -
1099 5254 1138 5303 te.
1158 5254 1262 5302 altitudo
1280 5255 1412 5304 sahso:
1433 5255 1542 5305 haitada
1560 5267 1608 5305 οο.
1636 5257 1692 5307 ·ct.
1706 5257 1760 5308 Cia.

437 5334 471 5384 ad
490 5332 570 5385 tamil.
590 5333 635 5391 ΙΙΙ,
650 5331 690 5387 ra,
704 5332 743 5380 to.
774 5331 938 5392 significetur
955 5332 1044 5379 autem
1062 5343 1114 5379 non
1133 5342 1244 5391 magnus
1262 5332 1380 5389 animus,
1399 5330 1447 5380 sed
1465 5330 1626 5395 profundus,
1645 5332 1692 5395 qui
1708 5344 1760 5382 noa

437 5407 512 5459 facile
530 5409 654 5456 mouetur
673 5409 718 5455 aut
735 5407 773 5455 ira
796 5406 987 5455 effervescente
1010 5408 1155 5454 exaestuat.
1191 5407 1258 5454 Part.
1278 5408 1344 5454 orat.
1365 5404 1437 5468 573:
1465 5405 1570 5453 audam
1588 5406 1761 5456 enimtestts

436 5482 562 5544 capiendis
578 5481 739 5531 incommodis
755 5485 777 5530 et
793 5482 906 5530 maxime
921 5481 1029 5529 iniuriis.
1064 5478 1167 5530 Sallust,
1186 5480 1244 5542 lug.
1263 5480 1309 5529 95:
1328 5480 1433 5530 abdado
1449 5482 1542 5544 inarari.
1577 5480 1633 5530 Liv.
1651 5480 1717 5539 xxi,
1730 5480 1760 5536 8:

436 5560 491 5607 atta
507 5557 608 5606 tndobs.
643 5557 704 5605 Tac.
724 5557 788 5606 Hist.
808 5555 921 5617 lV,86.»
948 5557 1025 5605 huso.
1051 5581 1077 5590 -
1106 5555 1147 5604 20.
1166 5554 1367 5615 impardeatcrc
1395 5580 1420 5589 -
1449 5555 1491 5603 22.
1509 5557 1639 5604 caessara
1664 5580 1692 5591 -
1719 5552 1760 5605 dl.

435 5646 514 5695 seque
530 5633 563 5682 ad
579 5634 645 5692 eim,
669 5633 713 5692 qai
732 5632 837 5693 panitur
858 5632 966 5694 aliquem
985 5629 1066 5680 ambis
1087 5629 1192 5692 (stipat,
1217 5630 1259 5678 ssd
1280 5630 1313 5678 ad
1335 5630 1373 5679 ret
1392 5628 1508 5691 publicas
1523 5630 1656 5678 alditatem
1672 5630 1763 5691 relsrri

436 5709 535 5757 Nonius
552 5721 577 5771 p.
588 5706 645 5757 lli,
661 5733 687 5742 -
705 5709 811 5769 positar
827 5708 941 5756 Nonius:
958 5706 1030 5767 pacit
1046 5717 1077 5760 ας
1094 5707 1181 5766 puniet
1196 5703 1313 5753 Allllbo
1333 5729 1359 5738 -
1378 5704 1485 5766 castigat
1502 5704 1537 5753 C:
1556 5704 1647 5766 {stipat
1664 5716 1680 5754 ο
1697 5716 1762 5754 cum

436 5783 530 5842 Nonio,
550 5779 608 5831 coll.
628 5780 746 5844 111573.
767 5807 794 5817 -·
818 5779 1236 5836 26.r·sacma13b:tisdemtts,
1256 5778 1519 5839 praematuram
1541 5803 1569 5814 -
1595 5779 1637 5829 st.
1655 5779 1763 5840 iraprs-

436 5858 525 5905 arma
542 5856 609 5913 aar,
628 5857 669 5904 oc
686 5857 842 5919 assaraco
860 5854 889 5906 θ’
907 5879 935 5893 -
955 5856 996 5908 ao.
1009 5845 1104 5905 orirer
1120 5865 1201 5904 omo
1219 5878 1247 5889 -
1268 5853 1499 5916 alamanno,
1517 5853 1590 5905 arsa
1607 5854 1639 5916 u,
1657 5854 1763 5918 stac

439 5957 465 5970 -
486 5930 525 5982 33.
545 5931 662 5981 dicantar
678 5932 710 5985 ll.
