4342 7459
719 1273 787 1335 un.
809 1271 862 1334 m.
892 1272 966 1336 cn».
987 1268 1192 1332 xix-xx.
1220 1265 1267 1351 §s
1289 1262 1432 1329 u-ee.
1671 1253 1728 1328 eol

409 1432 531 1518 aliquid
554 1431 716 1496 videamus
739 1440 771 1495 et
793 1431 866 1495 cibi.
906 1431 991 1493 llaec
1013 1428 1140 1492 tandem
1162 1429 1247 1492 hona
1269 1434 1360 1503 sunt,
1384 1425 1498 1511 quihus
1520 1422 1735 1508 aegritudines

407 1529 612 1612 gravimimae
641 1526 864 1601 detrahantur:
892 1533 926 1587 tu
954 1525 1038 1587 enim
1068 1525 1164 1607 paulo
1187 1531 1260 1586 ante
1282 1544 1323 1586 ne
1345 1521 1530 1604 intellegere
1553 1519 1682 1605 quidem
1704 1524 1735 1578 te

406 1621 469 1685 alta
496 1620 564 1683 ulla
593 1620 731 1684 dicebas.
771 1621 924 1683 Revoceri
952 1620 1049 1702 igitur
1078 1625 1225 1701 oportere
1246 1637 1265 1679 a
1287 1635 1429 1679 maerore
1452 1615 1493 1678 ad
1515 1614 1736 1698 cogitationem

406 1715 562 1779 bonorum
585 1715 768 1777 conveniret
789 1714 865 1776 mihi
888 1734 960 1775 cum
982 1714 1132 1794 Epicuro,
1155 1712 1181 1774 si
1206 1710 1281 1795 quid
1304 1719 1389 1774 esset
1408 1711 1527 1773 bouum
1541 1705 1736 1771 conveniret.

490 1808 563 1870 XX.
587 1809 679 1872 Dicet
699 1809 832 1892 aliquis:
858 1805 944 1882 Quid
967 1808 1066 1888 ergo‘l
1089 1813 1122 1869 tn
1144 1806 1312 1887 Epicurum
1336 1804 1497 1867 existimas
1517 1803 1578 1866 ista
1599 1800 1761 1865 voluisset

407 1909 460 1966 aut
480 1900 669 1965 libidinosas
692 1904 761 1965 eius
782 1902 881 1965 fuisse
904 1901 1097 1964 sententias?
1121 1900 1188 1981 Ego
1210 1918 1285 1961 nero
1308 1900 1451 1972 minime:
1475 1897 1568 1960 rideo
1591 1896 1675 1959 enim
1696 1893 1737 1956 ab

408 2016 446 2059 eo
468 1993 531 2058 dici
553 1995 651 2058 multa
673 2016 797 2070 severe,
825 1996 922 2058 multa
943 1994 1118 2077 praeclare.
1157 1995 1284 2076 ltaque,
1312 2000 1348 2055 ut
1369 2012 1464 2074 saepe
1487 1991 1572 2065 dixi,
1602 1989 1642 2052 de
1664 2007 1739 2052 acu·

408 2090 492 2151 mine
514 2090 620 2170 agitur
641 2093 728 2163 eins,
750 2110 814 2152 non
838 2088 877 2151 de
892 2089 1050 2162 moribus;
1073 2088 1217 2170 quamvis
1234 2092 1362 2168 spernat
1376 2086 1555 2168 voluptates
1571 2103 1635 2159 eas,
1658 2101 1738 2165 quas

408 2181 501 2246 modo
523 2182 678 2258 laudavit,
702 2204 762 2265 ego
784 2192 890 2246 tamen
912 2182 1087 2246 meminero
1111 2180 1196 2266 quo'd
1213 2180 1358 2243 videatur
1380 2180 1410 2243 ei
1432 2197 1587 2242 summum
1609 2177 1738 2239 bonum.

407 2277 477 2339 Non
500 2277 587 2341 euim
609 2277 706 2340 verbo
730 2277 831 2340 solum
861 2278 970 2359 posuit
991 2276 1203 2358 voluptatem,
1231 2274 1286 2337 scd
1309 2274 1489 2358 explanavit
1510 2270 1588 2356 quid
1611 2269 1777 2334 dicereteo

411 2371 613 2453 «Saporem»
649 2372 754 2454 inquit
784 2378 839 2433 cet
866 2391 1032 2454 corporum
1060 2369 1262 2452 complexum
1292 2375 1323 2430 et
1345 2368 1437 2430 ludos
1459 2373 1554 2450 atque
1576 2368 1741 2428 cantuset

408 2464 525 2528 formas
548 2485 618 2539 eas,
641 2466 756 2549 quibus
775 2464 859 2527 oculi
876 2464 1011 2527 iucunde
1028 2473 1242 2526 moveantur.»
1278 2464 1359 2524 Num
1374 2458 1470 2545 lingo,
1492 2481 1568 2523 num
1583 2458 1741 2521 mentiort

410 2558 508 2643 Cupio
530 2557 652 2634 refelli:
678 2558 759 2649 'qnid
783 2560 866 2620 enim
896 2557 1006 2620 laboro
1028 2558 1090 2619 nisi
1115 2565 1152 2618 ut
1173 2558 1288 2619 veritas
1310 2555 1343 2618 in
1367 2557 1453 2618 omni
1476 2554 1664 2638 quaestione
1686 2570 1742 2614 ex·

408 2652 563 2737 pliceturf
598 2650 648 2715 ti.
670 2655 711 2716 At
732 2651 818 2715 idem
841 2652 885 2714 ait
906 2672 969 2713 non
993 2670 1135 2713 crescere
1157 2651 1352 2732 voluptatem
1375 2649 1485 2712 dolore
1500 2648 1642 2711 detracto
1658 2666 1743 2710 sum·

409 2766 557 2831 mamque
587 2746 780 2829 voluptatem
814 2744 894 2807 nihil
926 2745 1043 2808 dolere.
1091 2744 1203 2807 Paucis
1231 2743 1334 2806 verbis
1367 2743 1428 2806 tria
1459 2762 1572 2825 magna
1603 2747 1780 2826 peccata-io

409 2840 526 2915 Unum,
557 2840 642 2925 quod
670 2860 776 2902 secum
804 2839 873 2921 ipse
902 2848 1034 2922 pugnat.
1068 2840 1165 2901 Modo
1196 2839 1281 2901 enim
1312 2856 1352 2899 ne
1375 2838 1532 2920 suspicari
1555 2838 1683 2920 quidem
1708 2856 1742 2900 se

410 2935 581 3018 quicquam
604 2934 737 3007 bonum,
766 2932 827 2996 nisi
851 2954 962 2996 sensns
986 2932 1076 3015 quasi
1100 2932 1305 2994 titillarentur
1326 2930 1505 3012 voluptate:
1530 2951 1614 2994 nunc
1636 2937 1742 2994 autem

409 3048 564 3091 summam
585 3027 782 3110 voluptatem
807 3048 877 3090 esse
893 3027 1002 3089 dolore
1022 3046 1139 3089 carere.
1173 3027 1321 3087 Potestne
1344 3025 1442 3106 magis
1464 3044 1572 3087 secum
1594 3025 1662 3110 ipse
1685 3045 1743 3108 pu·

410 3125 530 3206 guarel
563 3121 704 3209 Alterum
720 3128 900 3206 peccatum,
923 3119 1019 3203 quod,
1043 3141 1115 3182 cum
1130 3120 1162 3181 in
1178 3127 1289 3181 natura
1304 3119 1362 3181 tria
1379 3119 1457 3192 sint,
1479 3138 1578 3181 unum
1593 3117 1742 3202 gaudere,

410 3215 541 3278 alterum
564 3214 688 3287 dolere,
711 3216 837 3278 tertium
860 3234 919 3277 nec
942 3214 1080 3296 gaudere
1102 3234 1162 3276 nec
1185 3212 1306 3286 dolere,
1328 3213 1381 3275 hic
1402 3213 1540 3295 primum
1562 3220 1593 3275 et
1614 3212 1780 3285 tertiumeo

410 3318 499 3392 putat
520 3310 608 3373 idem
631 3328 701 3372 esse
724 3329 782 3371 nec
805 3308 1010 3390 distinguite
1033 3327 1097 3370 non
1119 3305 1256 3370 dolendo
1272 3306 1475 3390 voluptatem.
1508 3306 1647 3369 Tertium
1670 3324 1744 3388 pec·

410 3412 514 3467 catum
545 3424 713 3466 commune
742 3423 828 3465 cum.
845 3401 1051 3484 quibusdam,
1080 3400 1165 3484 quod
1195 3420 1265 3461 cnm
1289 3400 1387 3463 virtus
1417 3400 1554 3465 maxime
1576 3407 1744 3484 expetatur

411 3497 544 3579 duaque
567 3494 793 3579 adipiscendae
816 3515 912 3558 causa
933 3495 1134 3578 philosophia
1155 3494 1300 3577 quaesita
1322 3495 1378 3569 sit,
1405 3494 1459 3557 ille
1480 3515 1499 3558 a
1520 3495 1636 3559 rirtme
1658 3513 1743 3558 sum·

410 3611 495 3653 mum
519 3592 638 3653 bonnm
661 3590 827 3674 separavit.
862 3585 913 3651 l8.
929 3596 969 3651 lt
983 3589 1091 3652 laudat
1105 3594 1200 3672 saepe
1215 3590 1374 3651 virtutem.
1397 3590 1438 3652 lit
1452 3586 1581 3672 quidem
1597 3590 1631 3654 C.
1647 3589 1743 3653 Grac-

410 3683 502 3759 chus,
537 3704 609 3746 cum
641 3683 824 3765 largitiones
858 3684 1010 3745 maximas
1037 3683 1167 3747 fecisset
1189 3693 1220 3748 et
1243 3685 1409 3749 effudisset
1436 3687 1607 3762 aerarium,
1637 3676 1780 3754 verbices

409 3785 515 3842 tamen
530 3776 726 3841 defendebat
740 3778 907 3841 aerarium.
942 3777 1027 3852 Quid
1042 3779 1137 3841 verba
1152 3780 1293 3853 audiam,
1316 3800 1387 3842 cum
1402 3779 1484 3843 facta
1499 3780 1648 3845 rideam?
1669 3781 1741 3844 Piso

408 3871 462 3935 ille
483 3871 580 3954 Frugi
608 3892 733 3956 semper
754 3881 861 3935 contra
891 3872 991 3955 legem
1013 3872 1250 3936 frumentariam
1271 3874 1405 3937 dixerat.
1439 3875 1470 3937 ls
1492 3875 1562 3959 lege
1583 3876 1646 3940 lata
1668 3894 1743 3938 con·

409 3966 520 4030 enlarm
548 3965 588 4028 ad
617 3967 811 4031 frumentum
841 3966 1060 4050 accipiundum
1083 3976 1222 4031 venerat.
1256 3969 1402 4032 Animum
1424 3969 1560 4033 advertit
1581 3970 1742 4033 Gracchus

411 4061 444 4123 in
466 4060 617 4123 contione
640 4063 784 4124 Pisonem
807 4068 960 4136 stantem:
983 4062 1108 4146 quaerit
1127 4061 1276 4125 audiente
1298 4063 1417 4145 populo
1438 4064 1581 4127 Romano
1604 4065 1660 4147 qui
1682 4063 1741 4128 sihi

411 4162 547 4229 constet,
570 4176 639 4217 cum
662 4175 700 4218 ea
714 4155 784 4237 lege
800 4154 989 4217 frumentum
1006 4163 1108 4237 petat,
1133 4175 1226 4239 quarn
1243 4155 1437 4220 dissuaserit.
1471 4159 1613 4221 «Nolim»
1638 4159 1779 4241 inquitao

413 4269 499 4313 «mea
522 4250 623 4324 bona,
647 4248 801 4321 Graccho,
826 4246 883 4311 tibi
907 4249 1024 4311 viritim
1041 4249 1182 4311 dividere
1205 4250 1315 4324 libeat,
1338 4250 1410 4325 sed,
1433 4252 1461 4314 si
1482 4252 1595 4327 facias,
1617 4260 1741 4336 partem

413 4351 544 4424 petam.»
579 4344 734 4406 Parumne
759 4343 931 4406 declaravit
952 4344 1000 4405 vir
1022 4346 1124 4426 gravis
1148 4351 1180 4407 et
1201 4344 1328 4427 sapiens
1350 4346 1420 4426 lege
1437 4346 1624 4430 Sempronia
1646 4349 1742 4434 patri·

414 4437 551 4499 monium
574 4437 738 4520 publicum
762 4434 947 4518 dissupari‘l
975 4438 1060 4520 Lege
1083 4438 1241 4500 orationes
1264 4438 1415 4502 Gracchi:
1438 4448 1606 4522 patronum
1628 4444 1742 4507 aerarii

416 4549 481 4593 ease
509 4529 605 4593 dices.
654 4527 704 4592 te.
733 4533 835 4613 Negat
860 4532 1015 4613 Epicurus
1046 4531 1183 4593 iucunde
1211 4552 1306 4615 posse
1335 4533 1400 4595 rivi
1433 4535 1494 4597 nisi
1527 4556 1597 4599 cum
1627 4539 1743 4601 virtute

419 4622 549 4697 vivatur,
579 4631 676 4706 negat
707 4623 804 4686 ullam
833 4624 865 4685 in
896 4625 1071 4706 sapientem
1096 4626 1158 4687 vim
1181 4645 1251 4689 esse
1279 4626 1441 4701 fortunae,
1474 4634 1601 4693 tenuem
1624 4632 1781 4695 victumae

421 4716 546 4780 antefert
575 4717 720 4801 copioso,
749 4724 844 4800 negat
871 4717 969 4779 ullum
992 4737 1062 4780 esse
1085 4725 1209 4802 tempus
1232 4740 1296 4803 quo
1318 4720 1445 4804 sapiens
1467 4741 1531 4784 non
1552 4724 1665 4789 heatus
1687 4726 1743 4789 sit:

427 4810 521 4872 onnia
543 4808 735 4893 philosopho
759 4811 869 4892 digna,
893 4809 949 4873 sed
972 4832 1042 4873 cum
1064 4811 1227 4895 voluptate
1249 4813 1431 4897 pugnantia.
1463 4816 1533 4878 Non
1555 4818 1646 4881 istam
1669 4818 1745 4882 dicit

425 4900 615 4986 uoluptatem.
658 4904 749 4966 Dicat
777 4903 970 4987 quamlibet:
1002 4924 1117 4988 nempe
1145 4926 1214 4968 eam
1244 4907 1333 4981 dicit,
1367 4908 1401 4969 in
1425 4927 1489 4991 qua
1510 4910 1635 4975 virtutis
1657 4912 1745 4975 nulla

428 5009 487 5071 pers
506 4997 591 5061 insit.
631 4999 713 5079 Age,
743 4997 770 5059 si
793 4998 989 5080 voluptatem
1011 5018 1076 5060 non
1099 5000 1330 5083 intellegimus,
1362 5020 1404 5064 ne
1427 5000 1570 5065 dolorem
1593 5004 1745 5088 quidem?

436 5134 1744 5168 κ--ῄ--ῄψ

433 5217 500 5273 Won
514 5227 653 5276 ducentae
671 5226 705 5283 C:
729 5227 895 5289 addocemus,
918 5228 1068 5289 tedvclrom
1087 5232 1258 5292 intendamus,
1285 5230 1413 5280 :catanam
1433 5232 1572 5283 clanculae
1589 5234 1608 5283 0
1626 5234 1747 5296 (Scaeuo

433 5301 521 5358 nocer
540 5302 670 5364 originem
696 5302 739 5361 (eu
757 5302 840 5362 scuto)
864 5314 985 5352 acerram
1009 5306 1096 5366 potius
1119 5319 1200 5369 qnam
1221 5305 1347 5369 poculum
1364 5307 1512 5370 significare
1530 5308 1644 5371 videtur,
1670 5311 1748 5372 tedu-

433 5364 503 5447 ,⁶⁵³⁰
521 5379 611 5426 antem
635 5376 700 5425 turis
718 5378 820 5437 genus.)
841 5403 867 5412 -
893 5377 1032 5426 dutncntoe
1044 5381 1221 5429 --ctdcomna
1241 5382 1392 5432 Priscianus
1409 5383 1456 5442 lll,
1475 5384 1500 5444 a,
1519 5383 1550 5433 30
1568 5386 1595 5433 et
1611 5385 1673 5434 Lex.
1692 5388 1745 5435 vet.

434 5448 457 5487 Ν
468 5444 509 5497 Pal
523 5449 606 5501 Closs.
620 5452 694 5499 Anet.
708 5448 761 5498 Vlll
780 5463 805 5512 p.
820 5450 876 5500 465.
892 5476 918 5486 -
938 5452 962 5500 2.
982 5453 1080 5513 quidem
1097 5459 1121 5503 tc
1136 5455 1296 5506 Lambinus:
1315 5462 1339 5506 te
1350 5457 1448 5518 quiden
1460 5459 1521 5518 C0;
1542 5458 1590 5509 «cf.
1605 5458 1747 5509 decadem

434 5518 537 5582 rffl't:
554 5538 585 5574 aa
601 5524 726 5586 suspicari
744 5525 842 5586 quidem
858 5538 899 5582 re:
918 5526 952 5574 de
971 5527 1025 5577 Flu.
1044 5528 1075 5587 ll,
1095 5529 1118 5577 7.
1138 5529 1178 5579 30.
1198 5532 1227 5579 N.
1247 5533 1279 5581 D.
1298 5532 1318 5591 1,
1337 5531 1411 5582 tlt.»
1429 5533 1472 5582 W.
1494 5559 1520 5569 -
1546 5533 1570 5583 3.
1589 5533 1651 5596 etto]
1668 5534 1749 5584 mutto

435 5584 487 5662 c·-
502 5604 593 5660 oportet
609 5612 640 5649 co
656 5612 755 5649 merore
771 5600 790 5649 C
811 5625 837 5635 -
859 5599 882 5650 l.
902 5612 952 5650 erac
970 5602 999 5649 (3¹
1019 5628 1046 5637 —
1065 5604 1089 5652 o.
1109 5603 1169 5653 dicit
1186 5606 1256 5654 G1-
1277 5607 1407 5657 catcttmos
1421 5608 1568 5658 Manutius:
1587 5608 1749 5659 existimatos

436 5657 463 5708 C·
476 5665 531 5722 Vide
548 5671 582 5723 ed
599 5673 610 5721 1
634 5673 707 5737 335.
729 5699 757 5708 -
781 5673 804 5723 8.
823 5679 925 5735 sponoe
949 5675 1027 5737 (corr.
1046 5690 1079 5726 ex
1104 5682 1231 5741 spernant)
1250 5680 1285 5729 B:
1307 5686 1428 5742 :ponant
1451 5683 1524 5741 (ΜΗ
1547 5688 1648 5744 speum
1670 5681 1699 5733 G*
1719 5711 1746 5720 -

435 5730 554 5800 ⁹·ttldlt
579 5773 605 5783 -
634 5745 674 5796 tl.
699 5759 871 5810 mmmamoue
893 5762 943 5799 case
967 5751 1119 5813 voloptctam
1145 5766 1237 5818 mergo
1261 5756 1354 5806 Lamb.
1380 5784 1407 5793 -
1435 5758 1476 5807 22.
1500 5763 1648 5820 expectetur
1671 5757 1701 5809 G¹
1719 5785 1746 5796 -

435 5805 468 5861 2¹-
480 5818 561 5873 tune
575 5830 599 5874 n
615 5834 687 5885 saona
704 5823 724 5872 o
740 5851 766 5859 -
785 5826 826 5875 re.
846 5826 988 5886 efferatae
1005 5828 1054 5876 cu
1072 5852 1099 5862 -
1119 5828 1161 5877 rs.
1179 5829 1207 5879 c.
1221 5831 1276 5880 uso
1288 5831 1349 5881 eoa.
1362 5831 1515 5881 vaticanus.
1532 5858 1558 5867 -
1578 5831 1618 5882 re.
1637 5834 1750 5884 nemen

436 5883 524 5945 *cn
538 5898 573 5948 e:
597 5898 711 5949 amam
729 5899 839 5949 acuero
856 5901 920 5959 on;
944 5900 1126 5952 commemo
1143 5902 1162 5951 o
1181 5927 1209 5939 -
1234 5904 1275 5956 ao.
1294 5903 1449 5956 namma:
1465 5905 1496 5955 οι
1516 5929 1542 5942 -
1564 5903 1605 5956 aa.
1621 5906 1750 5971 mom

435 5954 1269 6041 &acaemetensium-copreae.
