4342 7459
712 1279 779 1341 aa.
801 1275 841 1340 n.
871 1245 947 1340 esi.
967 1276 1197 1340 xvm-xx.
1225 1272 1272 1359 §s
1293 1271 1442 1338 ra-aa.
1679 1269 1743 1336 tta

408 1439 473 1503 duo
495 1438 561 1503 sint
582 1456 700 1521 genera
721 1437 879 1510 siderum,
900 1456 1036 1519 quorum
1059 1436 1193 1499 alterum
1219 1436 1331 1517 spatiis
1353 1432 1591 1498 inmutabilibus
1613 1433 1653 1496 ab
1675 1439 1746 1497 ortu

407 1535 448 1597 ad
478 1553 626 1597 occasum
656 1551 838 1595 commeans
868 1531 993 1594 nullum
1019 1550 1171 1614 umquam
1198 1550 1309 1594 cursus
1332 1530 1382 1592 sui
1404 1528 1570 1611 vestigium
1596 1529 1745 1603 inflectat,

407 1628 542 1691 alterum
573 1633 680 1690 autem
714 1626 882 1688 continuas
912 1625 1137 1688 conversiones
1165 1625 1244 1687 duas
1274 1623 1376 1704 isdem
1400 1623 1513 1705 spatiis
1536 1623 1746 1704 cursibusque

408 1721 572 1795 conficiat,
595 1740 637 1782 ex
658 1727 793 1802 utraque
815 1738 850 1781 re
873 1727 906 1782 et
927 1718 1039 1780 mundi
1054 1717 1253 1792 volubilitas,
1275 1737 1356 1800 quae
1375 1717 1438 1780 nisi
1452 1717 1485 1778 in
1500 1716 1631 1798 globosa
1645 1716 1746 1779 forma

409 1836 567 1879 essenon
590 1821 714 1898 posset,
737 1820 771 1875 et
791 1812 955 1875 stellarum
978 1811 1106 1874 rutundi
1129 1812 1266 1875 ambitus
1281 1817 1525 1893 cognoscuntur.
1556 1812 1770 1894 Primusqueb

409 1910 475 1985 sol,
498 1910 555 1992 qui
576 1917 734 1972 astrorum
756 1913 844 1969 tenet
865 1905 1093 1989 principatum,
1124 1906 1168 1967 ita
1190 1914 1349 1979 movetur,
1371 1912 1423 1980 ut,
1445 1927 1516 1968 curn
1537 1913 1638 1968 terras
1659 1905 1747 1988 larga

408 2002 479 2067 luce
501 2001 723 2086 compleverit,
746 1998 874 2063 easdem
897 1999 992 2061 modo
1017 1999 1083 2073 bis,
1106 1998 1202 2061 modo
1225 1999 1289 2062 illis
1306 2020 1347 2062 ex
1361 2001 1506 2083 partibus
1521 2005 1654 2083 opacet;
1676 2001 1748 2081 ipsa

409 2097 494 2161 enim
518 2097 630 2160 umbra
652 2101 755 2157 terrae
778 2092 839 2155 soli
854 2092 1000 2155 officiens
1022 2101 1149 2170 noctem
1166 2092 1275 2157 efficit.
1307 2096 1538 2159 Nocturnornm
1554 2101 1660 2157 aulem
1676 2113 1748 2176 spa·

408 2192 524 2254 tiorum
554 2188 667 2253 eadem
696 2194 746 2250 est
775 2185 983 2269 aequabilitas
1005 2206 1086 2268 quae
1109 2186 1310 2262 diurnorum,
1340 2188 1550 2271 eiusdemque
1577 2190 1656 2252 solis
1679 2198 1747 2252 tum

408 2303 554 2348 accessus
583 2284 720 2354 modici,
751 2289 817 2344 tum
846 2300 990 2343 recessus
1013 2289 1044 2342 et
1068 2280 1198 2362 frigoris
1220 2290 1253 2344 et
1273 2281 1388 2345 caloris
1410 2282 1539 2346 modum
1560 2290 1786 2366 temperantto

409 2378 599 2442 circumitus
622 2377 709 2440 enim
731 2374 810 2438 solis
833 2374 957 2436 orbium
978 2394 1000 2435 v
1021 2380 1053 2436 et
1074 2395 1117 2437 nx
1139 2383 1172 2437 et
1194 2394 1250 2437 cue
1273 2383 1384 2458 quarta
1404 2376 1472 2439 iere
1494 2376 1558 2440 diei
1580 2384 1672 2459 parte
1692 2377 1748 2441 ad·

409 2472 476 2535 dita
497 2472 739 2535 conversionem
762 2465 935 2531 conficiunt
964 2486 1118 2544 annuam,
1147 2470 1311 2533 inlleotens
1333 2478 1439 2534 autem
1462 2470 1509 2533 eol
1531 2490 1657 2534 cursum
1679 2477 1748 2535 tum

410 2564 450 2629 ad
473 2566 724 2649 septentriones,
751 2569 818 2625 tum
841 2560 882 2624 ad
909 2562 1073 2625 meridiem
1096 2572 1232 2627 aestates
1254 2571 1288 2627 et
1307 2563 1429 2628 hiemes
1451 2562 1548 2629 efficit
1569 2573 1601 2628 et
1622 2586 1661 2629 ea
1682 2564 1747 2628 duo

410 2665 568 2742 tempora,
598 2678 734 2743 quornm
756 2657 890 2719 alterum
915 2655 1014 2718 hiemi
1038 2659 1216 2720 senescenti
1237 2658 1423 2721 adiunctum
1445 2667 1507 2732 est,
1535 2659 1669 2724 alterum
1694 2679 1748 2723 ae·

410 2754 495 2817 stati.
532 2753 579 2815 lta
601 2772 643 2815 ex
665 2757 817 2835 quattuor
837 2756 1017 2831 temporum
1039 2752 1269 2815 mutationibus
1291 2754 1449 2828 omnium,
1472 2773 1555 2837 quae
1576 2762 1660 2818 terra
1682 2764 1786 2818 matt

409 2847 502 2931 rique
524 2847 714 2929 gignuntur,
736 2844 827 2907 initia
849 2862 1027 2927 causaeque
1045 2843 1215 2907 ducuntur.
1251 2843 1303 2907 50.
1325 2847 1390 2909 lam
1406 2847 1482 2911 solis
1497 2867 1622 2911 annuos
1636 2867 1747 2912 cursus

411 2940 522 3023 spatiis
544 2938 715 3002 menstruis
736 2938 814 3001 luna
834 2937 1054 3019 consequitur,
1076 2938 1167 3001 cuius
1188 2940 1410 3003 tenuissimum
1428 2940 1535 3004 lumen
1549 2941 1625 3005 iacit
1639 2942 1748 3025 proxi-

411 3054 481 3096 mus
504 3052 651 3096 accessus
666 3032 706 3095 ad
721 3032 830 3105 solem,
852 3030 1014 3112 digressus
1028 3039 1134 3093 autem
1149 3031 1354 3114 longissimus
1367 3034 1503 3118 quisque
1518 3036 1747 3119 plenissimum.

410 3129 525 3210 Neque
547 3127 651 3189 solum
673 3125 743 3188 eius
765 3126 887 3208 species
908 3144 945 3185 ac
966 3122 1067 3185 forma
1090 3132 1231 3189 mutatur
1247 3135 1314 3189 tum
1329 3127 1513 3203 crescendo,
1534 3136 1603 3192 tum
1618 3129 1748 3193 delecti·

412 3220 472 3284 bus
494 3222 528 3283 in
550 3221 642 3283 initia
664 3216 873 3291 recurrendo,
903 3215 958 3280 sed
982 3218 1078 3280 etiam
1101 3218 1203 3299 regio,
1231 3238 1314 3302 quae
1336 3228 1402 3284 tum
1425 3228 1473 3283 est
1493 3221 1656 3303 aquilonia
1678 3229 1786 3285 tumst

411 3314 569 3377 australis.
605 3314 678 3375 lade
699 3314 732 3375 in
755 3311 849 3374 lunae
872 3330 1001 3394 quoque
1024 3331 1120 3373 cursu
1142 3320 1192 3374 est
1212 3320 1244 3376 et
1257 3312 1389 3376 brumae
1402 3313 1559 3398 quaedam
1574 3322 1607 3378 et
1621 3316 1748 3379 solstitii

411 3408 602 3481 similitudo,
624 3407 788 3487 multaque
810 3404 849 3468 ab
873 3424 912 3468 ea
933 3411 1063 3467 manant
1084 3412 1118 3467 et
1138 3406 1255 3480 duunt,
1277 3407 1395 3489 quibus
1417 3415 1449 3470 et
1469 3408 1645 3471 animantes
1658 3408 1748 3472 alau-

410 3508 464 3565 tur
476 3509 711 3584 augescantque
726 3507 760 3561 et
773 3499 947 3582 pubescant
962 3498 1239 3582 maturitatemque
1253 3499 1481 3584 adsequantur,
1501 3521 1584 3587 quae
1600 3504 1749 3567 oriuntur

411 3604 546 3659 eterra.
589 3596 660 3657 XX.
684 3588 737 3654 bl.
759 3595 907 3655 blaxume
930 3613 1004 3656 vero
1027 3600 1102 3655 sunt
1123 3594 1325 3657 admirabiles
1347 3604 1452 3659 motus
1474 3616 1584 3660 earum
1602 3598 1747 3683 quinque

411 3689 591 3763 stellarum,
613 3707 696 3770 quae
718 3687 800 3750 tatso
823 3696 977 3751 vocantur
997 3694 1149 3750 errantes.
1182 3688 1267 3751 Nihil
1289 3690 1375 3753 enim
1390 3699 1489 3767 errat,
1512 3692 1598 3775 quod
1612 3694 1645 3755 in
1660 3694 1786 3757 omnin

411 3785 597 3846 aeternitate
618 3788 786 3845 conservat
806 3799 992 3863 progressus
1008 3788 1039 3843 et
1053 3798 1215 3861 regressus
1230 3782 1437 3867 reliquosque
1454 3795 1558 3849 motus
1574 3788 1747 3853 constantis

412 3883 445 3938 et
470 3883 568 3940 ratos.
606 3875 702 3951 Quod
729 3895 768 3938 eo
798 3884 846 3938 est
874 3875 1091 3938 admirabilius
1114 3876 1147 3938 in
1168 3875 1220 3937 bis
1241 3876 1358 3951 stellis,
1387 3898 1467 3961 quas
1488 3879 1640 3955 dicimus,
1671 3883 1748 3964 quia

412 3979 480 4034 tum
502 3974 715 4045 occultantur,
737 3979 804 4033 tum
826 3990 935 4033 rursus
953 3969 1147 4051 aperiuntur,
1168 3977 1236 4032 tum
1250 3970 1386 4045 adeunt,
1408 3980 1474 4036 tum
1489 3975 1656 4051 recedunt,
1678 3984 1747 4040 tum

413 4066 621 4138 antecedunt,
650 4074 716 4127 tum
747 4070 852 4126 autem
874 4064 1124 4146 subsequuntur,
1150 4071 1217 4127 tum
1239 4065 1375 4129 celerius
1396 4075 1573 4142 moventur,
1595 4077 1663 4132 tum
1683 4078 1748 4133 tar·

414 4158 504 4234 dius,
533 4169 599 4223 tum
624 4161 753 4222 omnino
780 4179 821 4220 nc
844 4164 1012 4219 moventur
1033 4157 1178 4237 quidem,
1201 4159 1257 4220 sed
1279 4159 1320 4220 ad
1342 4161 1502 4241 quoddam
1524 4170 1650 4244 tempus
1671 4164 1785 4227 insi-ao

411 4261 508 4315 stunt.
550 4253 691 4327 Quarum
722 4274 762 4314 ex
792 4251 974 4334 disparibus
1001 4251 1193 4313 motionibus
1223 4271 1370 4333 magnum
1393 4274 1510 4317 annum
1533 4257 1747 4321 mathematici

411 4348 669 4421 nominaverunt,
693 4349 749 4429 qui
772 4356 837 4408 tum
861 4343 1010 4418 efficitur,
1033 4365 1106 4407 cum
1125 4346 1201 4407 solis
1217 4355 1247 4409 et
1262 4347 1355 4409 lunae
1371 4356 1403 4410 et
1418 4351 1559 4432 quinque
1575 4352 1747 4415 errantium

411 4442 451 4504 ad
481 4443 614 4505 eandem
644 4444 725 4504 iuter
757 4462 792 4504 se
819 4441 1088 4523 comparationem
1118 4439 1271 4503 confectis
1297 4443 1440 4506 omnium
1462 4445 1574 4527 spatiis
1596 4454 1645 4509 est
1665 4445 1749 4509 iacta

412 4538 588 4599 conversio.
632 4534 684 4597 52.
709 4537 798 4611 Quae
828 4555 924 4619 quam
953 4535 1048 4616 longa
1077 4536 1136 4608 sit,
1168 4554 1281 4615 magna
1310 4538 1453 4619 quaestio
1482 4547 1546 4613 est,
1578 4560 1649 4603 esse
1671 4561 1746 4604 vero

412 4638 529 4693 certam
559 4639 591 4693 et
616 4628 779 4694 definitam
808 4650 938 4693 necesse
965 4638 1024 4692 est.
1067 4632 1146 4693 Nam
1174 4651 1226 4705 ea,
1255 4651 1338 4714 quae
1369 4633 1495 4696 Saturni
1517 4635 1611 4699 stella
1632 4634 1786 4699 diciturst

478 4930 503 4979 2.
522 4943 614 4979 curras
632 4927 662 4976 V¹
682 4955 709 4964 -
727 4928 752 4977 3.
771 4929 834 4977 duos
851 4941 904 4977 om.
924 4929 992 4977 P-
1009 4927 1033 4978 4.
1052 4929 1175 4991 coofeeiot
1192 4930 1238 4990 (iot
1254 4930 1280 4979 in
1298 4943 1351 4981 ras.
1370 4944 1407 4981 m.
1424 4932 1490 4992 seo.)
1508 4936 1543 4989 A:
1567 4936 1694 4998 coemat
1709 4936 1744 4996 a,

413 5008 537 5066 coufortat
554 5006 573 5055 C
584 5005 630 5055 ΕΡ
643 5019 648 5062 ;
667 5005 780 5065 confecto
797 5004 818 5052 V
838 5030 866 5039 -
885 5006 909 5053 5.
926 5009 1006 5065 potest
1023 5004 1082 5054 cod.
1098 5003 1287 5067 Glogaviensis.
1304 5032 1330 5039 —
1350 5006 1374 5056 6.
1393 5012 1456 5057 terret
1473 5020 1541 5058 corr.
1561 5023 1594 5059 ex
1610 5013 1670 5061 teuit
1682 5012 1704 5060 V
1717 5038 1745 5050 -

413 5081 438 5129 ’4.
457 5080 501 5143 iris]
519 5082 550 5129 iis
567 5081 588 5129 V
606 5104 634 5115 -
653 5081 677 5129 8.
698 5080 806 5142 officiens
823 5091 893 5128 corr.
912 5093 945 5127 ex
962 5079 1069 5141 efficiens
1086 5079 1107 5127 V
1126 5105 1153 5113 -
1173 5079 1197 5128 9.
1217 5080 1357 5140 aequalitas
1375 5082 1518 5146 (superscr.
1537 5084 1569 5146 bil
1588 5086 1608 5136 C
1627 5114 1654 5123 -
1674 5090 1747 5138 etur.

412 5169 503 5205 norum
520 5169 589 5205 corr.
609 5168 640 5204 ex
658 5156 806 5204 dioraorum
823 5155 874 5204 AV
894 5180 921 5190 -
942 5155 981 5203 ib.
999 5154 1091 5203 modici
1107 5159 1160 5202 taem
1175 5167 1284 5204 recessus
1300 5169 1354 5205 orn.
1374 5157 1394 5207 C
1414 5186 1441 5194 -
1463 5173 1521 5209 cum
1537 5159 1569 5208 V¹
1589 5190 1616 5199 -
1635 5164 1675 5213 tt.
1694 5166 1748 5213 oir-

412 5232 520 5279 cumttss
535 5234 554 5279 A
567 5231 584 5279 B
596 5232 613 5279 P
624 5229 661 5275 V:
680 5230 800 5277 circuitus
812 5231 831 5279 C
843 5230 861 5278 E
871 5229 900 5279 0.
920 5229 960 5278 Cl.
979 5227 994 5289 5
1012 5230 1068 5277 455.
1084 5254 1111 5264 -
1131 5229 1240 5290 quinque
1255 5236 1278 5279 et
1293 5233 1428 5294 serapiaca
1444 5237 1468 5283 et
1483 5237 1585 5285 trecenti
1601 5238 1653 5287 lac.
1667 5238 1747 5288 Cuia-

413 5307 470 5355 cius
482 5318 487 5352 :
508 5306 618 5366 quinque
634 5308 656 5351 et
673 5306 808 5366 resupinis
824 5309 847 5354 et
864 5309 1030 5353 trecentorum
1042 5304 1091 5352 AB
1101 5303 1123 5351 V
1133 5317 1140 5361 ;
1159 5307 1268 5367 quinque
1278 5307 1411 5369 defectibus
1421 5315 1445 5359 et
1460 5313 1595 5374 sexectute
1611 5318 1634 5361 et
1650 5317 1747 5363 trecea-

412 5386 496 5429 torum
513 5381 550 5438 C;
569 5381 678 5441 quiaque
694 5380 825 5439 defectibus
841 5380 977 5442 sesoqirsto
993 5384 1016 5428 et
1032 5378 1196 5428 trieeatorum
1207 5380 1243 5438 Ε;
1262 5384 1371 5443 quinque
1387 5384 1518 5446 defectibus
1530 5393 1566 5436 est
1578 5392 1602 5436 et
1613 5391 1748 5452 sexectute

412 5462 436 5506 et
451 5460 617 5505 trecentorum
634 5458 652 5506 P
673 5483 700 5492 -
719 5456 759 5505 43.
777 5457 952 5517 septentriones
968 5455 1006 5503 V:
1024 5455 1208 5516 septemtriones
1227 5468 1289 5505 cum
1306 5458 1403 5506 ceteris
1420 5458 1449 5507 0.
1470 5459 1509 5509 Ci.
1524 5459 1556 5523 §g
1574 5461 1630 5510 409.
1645 5464 1701 5511 444.
1717 5488 1743 5498 -

414 5531 454 5582 44.
472 5532 538 5580 ibero
555 5533 698 5593 (superscr.
718 5530 744 5578 in
762 5529 815 5579 fine
832 5532 848 5591 i)
867 5533 888 5580 A
902 5557 930 5568 -
949 5531 990 5579 45.
1009 5529 1169 5589 omniumque
1183 5535 1254 5579 uero
1271 5530 1302 5578 V¹
1315 5558 1343 5568 —
1362 5532 1403 5581 46.
1422 5534 1539 5583 dicuntur
1556 5536 1586 5585 C¹
1605 5562 1632 5573 -
1652 5535 1692 5585 49.
1705 5550 1747 5586 so-

413 5606 461 5655 ient
478 5605 508 5654 V¹
525 5632 558 5642 -
574 5619 606 5654 oo
622 5618 691 5654 corr.
711 5617 743 5653 ox
759 5605 795 5653 cd
811 5606 861 5654 AB
880 5629 907 5641 -
926 5611 980 5654 tum
996 5604 1128 5665 defectibus
1145 5605 1171 5653 is
1189 5605 1262 5654 initio
1277 5608 1429 5656 recurrendo
1447 5608 1472 5659 h.
1485 5607 1503 5658 l.
1517 5613 1628 5674 margini
1645 5612 1745 5677 addita,

414 5681 481 5731 inlra
492 5692 519 5729 v.
531 5680 559 5728 at
581 5681 650 5729 inter
666 5692 743 5728 corsae
760 5682 788 5728 et
804 5685 839 5729 est
855 5680 955 5729 inserta
974 5684 1000 5730 et
1017 5679 1104 5730 deleta
1117 5679 1228 5730 habetB
1244 5707 1269 5717 -
1283 5682 1324 5731 ab.
1337 5684 1468 5745 oqudoaio
1480 5685 1540 5735 eod.
1555 5683 1744 5749 Glogaviensis:

414 5753 600 5817 opulentet&
622 5755 817 5816 oquitoeoriso
843 5780 870 5789 —
892 5761 945 5804 trem
966 5756 1005 5804 V:
1032 5760 1078 5810 suf
1100 5756 1236 5806 ABCEP
1262 5783 1289 5793 -
1312 5759 1354 5808 il.
1372 5760 1429 5809 tado
1449 5758 1495 5823 firi)
1516 5773 1582 5810 nos:
1610 5774 1664 5812 om.
1682 5760 1744 5813 tto.

415 5829 482 5879 Vide
499 5829 715 5880 Schoemannum
736 5830 803 5878 Dies.
822 5830 855 5878 444
878 5842 903 5893 p.
922 5831 947 5891 8,
966 5831 1012 5894 qut
1029 5829 1162 5895 supplevit
1177 5832 1222 5880 ito.
1244 5857 1271 5868 -
1294 5834 1335 5884 at.
1353 5834 1381 5883 tn
1397 5835 1419 5883 is
1436 5836 1484 5885 AB
1501 5862 1534 5872 -
1554 5836 1659 5885 dicimus
1675 5850 1745 5888 corr.

416 5903 613 5953 exdieimarV
632 5930 660 5943 -
680 5905 720 5955 28.
740 5905 833 5954 odeum
850 5905 975 5955 Ursinus:
993 5905 1085 5956 obeant
1102 5904 1125 5958 tl
1145 5932 1172 5941 -
1190 5906 1231 5957 ab.
1249 5913 1404 5960 amonem.
1423 5909 1443 5959 0
1462 5935 1489 5946 -
1508 5910 1549 5961 40.
1567 5911 1696 5964 4444444440
1716 5938 1744 5953 -

416 5976 458 6029 eb.
476 5991 555 6044 eoque
569 5983 618 6030 set.
635 5980 657 6030 A
676 6004 703 6016 -
720 5979 820 6030 rotarat
836 5981 898 6031 ante
914 5992 1036 6033 rasuram
1053 5981 1131 6034 unius
1146 5979 1249 6036 litterae
1266 5983 1335 6046 nv,
1352 5985 1465 6037 eurardi
1478 5988 1514 6049 A,
1530 5986 1648 6039 musio
1663 5985 1720 6040 CR.
