4342 7459
760 1247 828 1311 ns.
843 1247 867 1309 1.
901 1243 1378 1331 cn.n-x11.s§as-as.
1668 1245 1730 1315 ses

409 1407 581 1490 discrepat,
610 1407 776 1471 sententiis
805 1428 993 1490 congruens.
1043 1411 1109 1473 Nec
1136 1416 1185 1473 est
1213 1408 1383 1493 quisquam
1409 1409 1511 1492 gentis
1532 1409 1648 1487 ullius,
1675 1414 1731 1496 qui

407 1501 522 1565 ducem
542 1510 686 1563 acturam
707 1511 819 1565 nactus
839 1502 879 1565 ad
902 1502 1049 1567 virtutem
1072 1504 1238 1587 pervenire
1261 1523 1326 1567 non
1348 1503 1457 1587 possit.

494 1590 622 1658 x1.3t.
644 1597 709 1658 Nec
730 1596 834 1659 solum
856 1597 889 1658 in
911 1598 1024 1671 rectis,
1046 1597 1103 1661 sed
1126 1598 1219 1662 etiam
1241 1600 1275 1660 in
1297 1598 1505 1680 pravitatibus
1525 1599 1660 1682 insignis
1682 1609 1733 1665 est

406 1690 537 1755 bomani
567 1691 692 1771 generis
719 1688 905 1753 similitudo.
948 1692 1027 1754 Nam
1057 1700 1089 1754 et
1117 1691 1278 1774 voluptate
1300 1692 1468 1775 capiuntur
1488 1712 1616 1767 omnes,
1649 1714 1731 1778 quae

407 1785 467 1848 etsi
501 1793 550 1847 est
583 1782 741 1847 inlecebra
771 1782 994 1868 turpitudinis,
1027 1795 1134 1849 mmen
1163 1786 1259 1850 babet
1285 1785 1435 1869 quiddam
1464 1786 1567 1850 simile
1597 1790 1755 1852 naturalis

407 1878 512 1953 bono;
541 1877 677 1941 levitatis
699 1879 784 1941 enim
806 1886 837 1941 et
859 1879 1023 1942 suavitatis
1045 1879 1063 1914 '⁶
1080 1881 1099 1914 *
1117 1880 1135 1913 ³*
1155 1880 1333 1953 delectans,
1362 1880 1408 1943 sic
1429 1880 1469 1942 ab
1491 1899 1598 1945 errore
1619 1884 1733 1947 mentis

407 1979 566 2054 umquam
592 1972 731 2035 salutare
760 1971 880 2055 aliquid
909 1971 1113 2047 adsciscitur,
1137 1973 1298 2056 similique
1319 1974 1487 2036 inscientia
1508 1993 1593 2037 mors
1613 1972 1733 2058 fugitur

409 2067 498 2149 quasi
530 2065 699 2129 dissolutio
730 2076 879 2141 naturae,
909 2068 974 2130 vita
1001 2069 1180 2150 expetitur,
1211 2068 1285 2150 quia
1312 2087 1371 2131 nos
1395 2068 1428 2130 in
1450 2086 1513 2151 quo
1536 2069 1601 2132 nati
1624 2089 1732 2133 sumus

407 2161 557 2234 eontinet,
580 2160 674 2223 dolor
696 2161 729 2223 in
752 2161 896 2224 maximis
919 2162 1011 2225 malis
1033 2162 1168 2236 ducitur,
1190 2181 1260 2224 cum
1283 2180 1341 2224 sua
1361 2161 1543 2243 asperitate,
1564 2169 1631 2225 tum
1645 2161 1732 2245 quod

406 2263 538 2318 naturae
565 2255 711 2319 interitus
740 2254 867 2317 videtur
896 2256 1008 2339 sequi:
1053 2251 1104 2317 32.
1135 2264 1329 2338 propterque
1356 2254 1534 2318 honestatis
1560 2265 1592 2319 et
1612 2257 1771 2339 gloriaest

408 2348 649 2413 similitudinem
679 2348 763 2411 beati
793 2349 848 2431 qui
869 2347 1015 2413 bonorati
1038 2357 1112 2412 sunt
1133 2346 1300 2421 videntur,
1327 2349 1435 2411 miseri
1455 2356 1562 2414 autem
1584 2351 1735 2434 quisunt

407 2442 546 2526 inglorii.
589 2443 765 2516 Molestius,
787 2442 937 2516 laetitiae,
959 2442 1161 2526 cupiditates,
1182 2442 1311 2506 timores
1332 2441 1476 2505 similiter
1490 2442 1631 2507 omnium
1646 2463 1733 2507 men·

407 2545 455 2600 tes
476 2544 702 2620 pervagantur,
732 2555 815 2609 nec,
838 2536 865 2598 si
894 2536 1061 2619 opiniones
1092 2536 1173 2600 aliae
1202 2544 1277 2599 sunt
1302 2535 1386 2619 apud
1409 2535 1506 2609 alios,
1535 2534 1653 2601 idcirco
1676 2538 1734 2621 qui

407 2648 517 2692 canem
548 2638 581 2693 et
609 2628 724 2693 faelem
746 2637 782 2692 ut
804 2628 880 2693 deos
903 2629 1026 2704 colunt,
1058 2649 1123 2693 non
1145 2628 1257 2693 eadem
1279 2630 1506 2712 superstitione
1526 2648 1589 2715 qua
1610 2639 1733 2694 ceterae

408 2732 518 2806 gentes
540 2724 771 2787 conflictantur.
816 2722 906 2798 Quae
928 2730 1033 2786 autem
1055 2726 1142 2786 natio
1164 2744 1230 2786 non
1252 2724 1447 2796 comitatem,
1470 2743 1534 2787 non
1555 2724 1771 2807 benignita-ts

407 2824 481 2890 tem,
505 2836 570 2879 non
592 2825 715 2897 gratum
737 2817 878 2880 animum
900 2825 932 2881 et
953 2813 1098 2880 beneficii
1121 2837 1292 2881 memorem
1314 2816 1440 2900 diligiti
1463 2836 1546 2900 quae
1568 2814 1733 2902 superbos,

408 2929 490 2991 quae
512 2910 687 2985 maleficos,
711 2929 793 2994 qnae
815 2909 962 2984 crudelis,
985 2930 1067 2994 quae
1089 2912 1231 2993 ingratos
1252 2930 1317 2973 non
1338 2918 1536 2994 aspernatur,
1557 2930 1622 2974 non
1645 2911 1733 2975 oditt

408 3003 526 3086 quibus
548 3024 590 3067 ex
611 3004 707 3067 rebus
734 3025 806 3067 cum
835 3023 930 3067 omne
952 3024 1052 3086 genus
1075 3005 1238 3068 bominum
1260 3004 1412 3068 sociatum
1434 3004 1518 3067 inter
1538 3023 1573 3067 se
1594 3023 1665 3068 esse
1685 3005 1734 3068 iu·

408 3096 586 3179 tellegatur,
607 3095 687 3160 illud
703 3105 884 3160 ‘exuemum
906 3104 969 3169 est,
991 3098 1078 3181 quod
1102 3109 1186 3161 recte
1208 3097 1335 3161 vivendi
1357 3098 1438 3161 ratio
1460 3098 1607 3162 meliores
1629 3095 1733 3161 efficit.

409 3189 500 3265 Quae
522 3191 549 3254 si
572 3189 772 3273 adprobatis,
794 3210 923 3274 pergam
946 3190 987 3253 ad
1009 3192 1152 3275 reliqua:
1175 3195 1224 3256 sin
1247 3191 1324 3276 quid
1345 3192 1518 3276 requiritis,
1540 3191 1573 3255 id
1595 3191 1772 3275 explico-st

407 3304 478 3348 mus
500 3285 596 3369 prius.
639 3285 701 3347 Att.
723 3286 788 3347 Nos
811 3304 885 3347 vero
908 3285 1006 3359 nibil,
1028 3295 1064 3349 ut
1084 3305 1142 3368 pro
1165 3293 1302 3369 utroque
1324 3283 1543 3368 respondeam.

491 3379 565 3442 xli.
595 3374 647 3441 33.
676 3379 719 3442 Μ.
748 3379 897 3463 Sequitur
925 3378 1022 3461 igitur
1049 3380 1089 3444 ad
1116 3378 1369 3463 participandum
1391 3380 1488 3444 alium
1510 3379 1573 3443 alio
1595 3398 1735 3446 commu·

406 3473 639 3556 nicandumque
667 3473 752 3536 inter
778 3493 889 3536 omnes
918 3473 968 3536 ius
996 3493 1055 3537 nos
1084 3482 1197 3537 natura
1226 3492 1296 3536 esse
1325 3472 1436 3536 iactos.
1484 3476 1589 3557 Atque
1615 3477 1675 3541 boc
1700 3477 1735 3541 in

473 3673 497 3723 i.
520 3671 645 3734 dicem
666 3672 705 3721 ti:
732 3672 865 3733 ammosa
884 3667 968 3728 A¹B¹;
1000 3670 1169 3733 isuspresqae
1189 3674 1225 3721 est
1245 3669 1334 3719 mes&
1353 3668 1452 3729 oraio,
1478 3669 1561 3720 cobis
1581 3671 1734 3736 maus,

406 3747 531 3797 misultis
551 3758 691 3810 cosam
713 3746 750 3803 ος
775 3744 827 3796 vid.
847 3746 917 3797 Betae
939 3746 975 3797 ad
996 3746 1069 3797 hunc
1090 3743 1188 3797 iocum.
1216 3770 1244 3781 -
1275 3745 1300 3796 2.
1317 3749 1439 3795 saturam
1460 3757 1514 3797 om.
1534 3746 1571 3807 C,
1597 3746 1647 3797 sed
1668 3747 1695 3798 in
1712 3748 1735 3799 Η

408 3834 503 3873 manus
522 3822 661 3872 recensio
681 3821 800 3885 margins
822 3822 963 3887 adscripsit
989 3850 1016 3860 -
1042 3825 1123 3885 posset
1139 3821 1190 3871 ΑΒ
1213 3847 1241 3858 -
1268 3819 1293 3871 i.
1311 3821 1428 3872 maist
1454 3845 1481 3857 -
1510 3821 1535 3873 d.
1552 3822 1668 3873 ittooebm
1684 3823 1736 3874 Mo

409 3921 438 3934 -
456 3896 570 3947 saturali
586 3896 649 3946 bono
666 3897 702 3946 M:
727 3901 823 3947 nauem
838 3896 952 3947 librariae
968 3896 1006 3956 13¹,
1029 3896 1157 3946 naturalis
1173 3894 1231 3946 boni
1247 3893 1277 3946 Β*
1293 3898 1321 3945 et
1337 3899 1371 3957 Α,
1395 3894 1444 3946 sed
1463 3895 1489 3946 ln
1506 3895 1558 3946 hoc
1576 3900 1617 3948 est
1633 3896 1736 3949 liabent

406 3975 434 4024 tn
451 3986 503 4024 ras.
523 3996 550 4008 -
570 3971 595 4022 6.
612 3972 722 4023 haduis
737 3973 803 4022 ssim
819 3980 843 4023 st
858 3973 994 4023 assumtis
1004 3982 1062 4013 m
1079 3974 1101 4022 Α
1118 3971 1188 4036 (post
1202 3984 1276 4021 was.
1295 3972 1344 4021 tria
1361 3970 1417 4021 tere
1434 3970 1563 4022 vocabule
1576 3985 1651 4023 erasa
1663 3976 1735 4035 suot,

407 4052 469 4101 sats
485 4048 552 4098 ssim
569 4049 612 4097 est
627 4060 686 4111 sup.
700 4045 744 4097 lin.
764 4048 820 4108 esti:
839 4047 948 4097 imitatis
963 4053 998 4098 est
1014 4049 1081 4097 caim
1097 4054 1121 4098 st
1136 4046 1271 4096 mattam
1288 4046 1306 4096 B
1325 4046 1390 4109 tsine
1404 4044 1517 4108 lacuna),
1535 4046 1656 4096 mistis
1670 4050 1737 4099 ssim

407 4130 431 4176 st
445 4123 589 4173 maimo.
608 4128 643 4173 est
659 4124 726 4174 suin
740 4127 765 4174 st
779 4125 907 4174 multata
923 4124 959 4184 H,
981 4124 1082 4174 tenuate
1098 4124 1165 4173 eoin
1179 4126 1203 4173 st
1218 4121 1343 4172 suauitate
1359 4121 1388 4172 0.
1416 4122 1484 4173 cum
1501 4120 1646 4185 Madvigius
1663 4120 1735 4172 idem

407 4234 519 4287 lacunae
535 4232 677 4295 indicium,
699 4233 772 4298 quod
794 4247 843 4285 nos
865 4247 898 4284 ex
921 4235 1104 4298 optineam
1122 4232 1211 4284 iucem
1228 4230 1416 4297 produximus,
1439 4232 1467 4282 in
1483 4231 1576 4283 codice
1593 4233 1736 4284 Haunteost

408 4313 566 4372 invenisset,
590 4322 654 4360 vere
677 4308 710 4358 de
732 4306 784 4357 loci
806 4308 938 4372 scriptura
955 4309 994 4358 sic
1011 4307 1150 4358 iudicavit:
1179 4309 1340 4368 «Genitivos,
1364 4309 1409 4371 qul
1426 4306 1546 4372 pendent
1561 4321 1577 4357 a
1595 4307 1734 4369 vocabulo,

408 4387 481 4452 quod
498 4385 608 4447 excidit,
631 4385 715 4435 ceteri
738 4385 818 4435 etiam
841 4383 949 4434 codices
972 4386 1127 4443 servarunt,
1151 4382 1263 4435 lacunae
1280 4383 1407 4434 indicium
1422 4380 1595 4433 sustulerunt.
1630 4384 1736 4434 Frustra

407 4463 499 4526 igitur,
524 4474 587 4512 cum
603 4472 667 4525 pars
683 4460 832 4511 sententiae
852 4458 994 4520 exciderit,
1016 4458 1134 4511 editores
1155 4473 1188 4510 er
1210 4461 1242 4511 tis
1264 4472 1333 4523 quae
1356 4462 1502 4523 supersunt
1521 4458 1616 4522 integri
1638 4457 1736 4522 aliquid

408 4536 516 4587 efficere
534 4539 691 4586 conantur.»
725 4536 784 4586 Non
805 4533 905 4584 audivit
926 4532 1076 4598 prudenter
1092 4537 1247 4586 monentem
1265 4531 1436 4598 Feldhuegel,
1461 4534 1487 4582 tn
1505 4535 1579 4586 cuius
1597 4547 1736 4586 commen-

408 4612 474 4661 tario
492 4609 553 4662 vids
570 4612 606 4661 sis
623 4607 736 4659 infelicis
754 4610 908 4660 criticorum
926 4611 1065 4660 conamina
1084 4608 1195 4660 deloco
1213 4609 1355 4673 desperato
1373 4606 1492 4659 collecta.
1513 4633 1541 4645 -
1558 4617 1651 4661 meotes
1665 4606 1735 4661 8¹-

408 4684 434 4736 t.
451 4687 519 4736 adso.
539 4686 576 4736 C:
603 4684 694 4734 osc.0
723 4710 750 4720 -
777 4684 909 4736 indeuia
925 4682 1084 4735 Lambinus:
1109 4686 1209 4735 inscitia
1226 4685 1293 4743 003
1319 4697 1344 4734 v.
1363 4682 1475 4747 Madvig.
1494 4683 1528 4735 ud
1546 4686 1600 4735 Cic.
1619 4685 1654 4737 de
1671 4686 1735 4738 tion.

407 4773 434 4825 p.
447 4761 488 4811 95.
516 4785 544 4796 -
571 4761 597 4810 8.
614 4760 802 4809 aadmmsssit
831 4787 859 4798 -
887 4760 910 4810 9.
930 4761 1022 4810 aletur
1038 4756 1070 4810 A¹
1097 4786 1124 4798 -
1151 4759 1276 4811 cambii
1293 4758 1439 4822 trumba:
1462 4760 1579 4811 tanao
1599 4787 1624 4799 -
1644 4767 1696 4812 trau
1714 4762 1736 4814 ii

408 4847 478 4885 corr.
496 4847 530 4885 ex
546 4846 603 4883 casa
629 4857 656 4869 -
684 4834 725 4883 ⁴0.
744 4834 863 4883 uidemur
879 4835 901 4884 Η
920 4860 949 4871 -
971 4840 1076 4899 propter
1092 4847 1158 4899 qaas
1173 4836 1204 4885 1³¹
1213 4834 1254 4896 tu,
1276 4839 1380 4899 propter
1396 4847 1474 4896 qaam
1489 4830 1599 4897 an²fl²,
1620 4836 1670 4887 sed
1687 4834 1739 4903 qai

407 4912 435 4961 in
452 4913 472 4960 Α
491 4912 532 4960 est
547 4908 575 4959 in
592 4921 645 4959 ras.
677 4935 704 4945 -
734 4908 871 4959 bomtatss
887 4911 945 4961 sa¹
975 4937 1002 4948 -
1033 4912 1073 4961 tt.
1092 4910 1292 4961 similitudiseii
1322 4936 1350 4947 ·-
1381 4909 1425 4973 qst
1439 4910 1485 4960 ΑΒ
1503 4922 1572 4960 corr.
1592 4924 1625 4961 er
1642 4925 1689 4975 qus
1707 4939 1734 4950 -

407 4986 501 5037 sossii
518 4986 547 5045 B,
565 4984 614 5035 sed
631 4996 657 5035 ss
673 4985 700 5035 in
719 4997 771 5037 res.
792 5012 820 5022 -
838 4991 898 5035 sust
913 4987 984 5049 (ante
1001 4985 1074 5050 ingl.)
1092 4998 1146 5036 om.
1160 4986 1301 5046 Manutius,
1319 4987 1383 5036 item
1401 4982 1489 5036 Feldb.
1505 4984 1624 5048 stlilota,
1643 4987 1692 5038 sed
1709 4988 1737 5040 bi

409 5073 500 5110 errore
517 5071 660 5124 operarum
688 5083 716 5096 -·
744 5061 784 5111 ta.
803 5061 906 5125 inpure
922 5062 942 5111 B
961 5063 984 5124 υ
1001 5062 1027 5111 in
1045 5063 1119 5123 ras),
1137 5061 1248 5126 isauria
1264 5063 1285 5111 Α
1304 5087 1337 5098 -
1362 5061 1417 5111 laos
1432 5061 1559 5111 motatiao
1574 5062 1671 5113 Davtes
1687 5065 1737 5115 ad-

408 5135 519 5186 modum
537 5132 710 5199 probabiliter
737 5161 765 5172 ·
795 5136 836 5186 tt.
854 5149 885 5187 as
900 5137 922 5186 st
939 5137 958 5187 B
976 5162 1008 5173 ·-
1025 5140 1088 5199 apat
1104 5138 1125 5187 A
1145 5161 1172 5172 -
1191 5135 1363 5199 nassonem
1379 5135 1409 5195 0,
1427 5138 1455 5185 st
1471 5148 1497 5187 v.
1515 5135 1584 5186 Bake
1602 5138 1630 5187 et
1646 5134 1736 5187 Feldb.

410 5236 438 5247 -
458 5209 860 5272 tt.tastsma:teomuu0;
880 5209 1182 5275 assumpseras.
1212 5236 1238 5247 -
1266 5211 1307 5260 tt.
1325 5207 1533 5273 quosuttateusit¹
1551 5235 1579 5247 -
1607 5210 1646 5261 46.
1665 5210 1738 5263 ὁσω-

406 5284 467 5348 ficia
483 5280 513 5334 B*
540 5309 567 5322 -
596 5284 682 5348 ellipse
697 5283 766 5335 A¹B¹
793 5309 820 5321 ·-
849 5286 889 5336 tt.
907 5286 1018 5337 mactes
1034 5285 1116 5337 auo
1140 5312 1168 5322 -
1193 5285 1233 5337 ts.
1252 5284 1341 5347 quibus
1357 5284 1478 5335 sanias
1494 5298 1551 5335 eun
1567 5286 1737 5338 tuadiatetti-

407 5364 498 5422 patu,
525 5371 603 5422 pesas
622 5360 750 5411 mnam
769 5361 835 5411 ister
856 5373 882 5411 ss
903 5363 1027 5412 mam
1046 5373 1110 5422 esis,
1143 5362 1209 5424 quoa
1229 5364 1372 5411 maenam
1393 5364 1443 5418 ast,
1464 5365 1530 5411 recte
1549 5361 1647 5411 monas
1669 5363 1738 5413 ratio

407 5433 522 5482 mdwrss
537 5432 613 5496 efficit
628 5434 809 5496 wytteubsch
827 5436 896 5486 coni.
925 5460 952 5471 -
979 5437 1136 5487 satiamus
1164 5461 1192 5472 -
1220 5436 1260 5486 ts.
1277 5434 1418 5486 awendiii
1444 5460 1472 5471 -
1498 5433 1603 5485 maltm:
1629 5436 1739 5487 matoes

407 5508 522 5558 msitms
538 5510 578 5570 eff.
599 5533 625 5547 -
650 5509 692 5558 2⁰.
710 5510 783 5572 wari
798 5510 859 5560 litii
878 5535 906 5546 -
929 5510 1074 5573 approbatis
1090 5510 1149 5562 stis
1165 5509 1228 5573 (sed
1244 5510 1271 5560 tn
1287 5512 1309 5559 Α
1325 5508 1348 5559 is
1363 5509 1391 5558 in
1408 5507 1487 5570 rasi:
1515 5507 1681 5571 adprobantes
1697 5511 1735 5573 B¹,

408 5582 575 5646 approbantes
592 5583 613 5633 M
633 5608 660 5620 -
680 5584 764 5635 Bate:
785 5597 848 5648 «pro
863 5598 970 5649 pergam
986 5598 1039 5636 non
1052 5583 1248 5649 repudiandum
1266 5595 1327 5634 esse
1344 5584 1409 5649 poto
1424 5595 1567 5646 popm,
1586 5582 1658 5648 quod
1675 5583 1737 5636 olim

409 5658 436 5708 in
452 5660 473 5709 A
491 5657 572 5708 tuisse
589 5659 712 5721 suspicor
728 5662 837 5724 propter
854 5672 931 5711 erasa
948 5660 1001 5710 duo
1018 5657 1178 5711 elementa·
1204 5660 1264 5723 ipse
1283 5661 1347 5708 ers
1365 5657 1415 5707 boc
1426 5655 1515 5708 solam
1526 5660 1640 5719 enotavi,
1654 5661 1739 5710 totum

408 5732 523 5784 verbum
538 5747 644 5797 perpasti
660 5747 723 5784 cum
740 5733 842 5797 syllaba
858 5737 891 5786 tis
908 5736 947 5798 ter
960 5734 1140 5800 praecedente
1151 5734 1305 5797 adnotatis)
1323 5735 1348 5785 in
1360 5732 1418 5783 loco
1435 5744 1513 5783 eraso
1528 5745 1608 5783 manu
1620 5734 1739 5784 secunda

408 5808 507 5873 scripta
525 5820 594 5859 esse.
625 5834 652 5847 -
678 5811 720 5861 st.
738 5810 820 5861 altrea
835 5811 887 5861 atio
903 5814 937 5861 A:
956 5811 1036 5862 diuo
1052 5811 1084 5861 ab
1101 5810 1152 5860 atio
1168 5809 1260 5869 Bito,
1277 5807 1326 5860 sed
1343 5808 1375 5859 ab
1391 5808 1419 5857 tn
1435 5807 1455 5856 B
1473 5810 1643 5871 punctatum
1668 5806 1738 5859 cont.

409 5882 532 5947 Madvigii
550 5885 647 5948 opusc.
666 5886 698 5947 11,
712 5884 754 5937 stt
777 5910 805 5923 -
824 5886 865 5937 tt.
883 5888 945 5952 post
960 5886 1026 5936 ister
1042 5887 1068 5936 tn
1085 5888 1107 5937 Δ
1124 5897 1151 5936 ss
1167 5896 1226 5949 sup.
1240 5882 1286 5935 lin.
1304 5884 1370 5934 mi
1386 5880 1508 5933 additum
1524 5885 1574 5934 est.
1594 5906 1621 5920 -
1640 5883 1680 5933 isa
1695 5894 1741 5933 sos

408 5958 522 6009 sttes:
549 5957 627 6009 taos
643 5960 679 6024 C,
702 5960 868 6013 mmet
883 5961 904 6014 0
921 5972 984 6013 eom
1001 5960 1157 6012 Gosrsnste

473 6059 563 6108 oeno
582 6058 661 6110 nn.
1505 6047 1547 6114 55
