4342 7459
340 1215 403 1283 334
666 1221 989 1289 caecutientium
1010 1224 1341 1291 nisauuarlotttiii

422 1384 475 1446 iv.
497 1376 548 1444 10.
577 1382 643 1445 Neo
670 1397 753 1450 vero¹
770 1382 963 1467 Pythagoras
988 1381 1129 1448 nominis
1152 1385 1256 1450 solum
1284 1386 1445 1460 inventor,
1471 1384 1529 1450 sed
1558 1404 1663 1451 rerum

338 1477 433 1541 etiam
455 1476 593 1561 ipsarum
615 1472 823 1560 amplificator
841 1476 911 1540 luit.
945 1477 1093 1553 Quicum·
1108 1478 1280 1561 posthunc
1295 1478 1467 1543 Phliasium
1483 1496 1662 1545 sermonem

337 1572 370 1637 in
391 1571 511 1635 ltaliam
534 1570 689 1643 venisset,
718 1571 885 1635 exornavit
907 1589 976 1633 earn
999 1570 1175 1645 Graeciam,
1204 1593 1284 1654 quae
1306 1592 1419 1656 magna
1442 1573 1525 1638 diota
1547 1583 1610 1650 est,
1634 1582 1667 1638 et

337 1665 485 1747 privatim
518 1672 550 1726 et
580 1662 706 1746 publice
737 1664 1014 1749 praestantissimis
1044 1673 1075 1728 et
1107 1665 1260 1750 institutis
1283 1674 1315 1730 et
1339 1667 1478 1731 artibus:
1511 1669 1602 1732 euius
1624 1668 1665 1732 de

314 1756 504 1842 edisciplina
525 1755 612 1839 aliud
634 1764 759 1839 tempus
781 1756 877 1821 luerit
897 1757 1031 1821 fortasse
1049 1758 1187 1822 dicendi.
1222 1760 1286 1824 Sed
1309 1761 1350 1824 ah
1371 1762 1503 1846 antiqua
1524 1761 1666 1845 philoso-

337 1852 414 1935 phia
427 1868 530 1934 4444444
544 1849 586 1913 ad
602 1850 772 1926 Socratem,
787 1853 843 1935 qni
857 1851 1057 1926 Archelaum,
1072 1856 1279 1936 Anaxagorae
1294 1853 1495 1938 discipulum,
1513 1854 1666 1929 audierat,

338 1944 460 2008 numeri
482 1949 651 2028 motusque
673 1945 889 2008 tractabantur
910 1953 942 2009 et
959 1946 1044 2009 unde
1059 1946 1166 2009 omnia
1180 1955 1346 2011 orerentur
1360 1968 1463 2033 quove
1477 1948 1666 2023 reciderent,

338 2037 541 2120 studioseque
562 2037 601 2100 ab
620 2037 661 2100 iis
675 2036 813 2101 44444444
829 2038 1073 2121 magnitudines,
1095 2040 1271 2116 intervalla,
1293 2061 1404 2105 cursus
1418 2042 1667 2127 anquirebantur

339 2141 371 2197 et
384 2139 494 2196 cuncta
510 2130 668 2198 caelestia
691 2131 842 2207 ¹Socrates
857 2142 962 2196 autem
978 2135 1097 2216 primum
1111 2133 1347 2219 philosophiam
1363 2134 1529 2199 devocavit
1542 2158 1560 2199 4
1576 2137 1665 2200 caelo

302 2235 373 2291 4444
392 2227 426 2290 in
448 2225 580 2289 urbibus
600 2224 779 2288 conlocavit
801 2235 834 2289 et
862 2226 895 2289 in
918 2227 1030 2291 domus
1052 2227 1146 2291 etiarn
1165 2228 1342 2291 introduxit
1363 2236 1395 2292 et
1415 2232 1518 2312 coegit
1539 2232 1579 2295 de
1602 2231 1666 2295 vita

339 2331 371 2386 et
393 2320 532 2384 moribus
554 2317 713 2402 rebusque
735 2318 827 2383 bonis
849 2327 882 2383 et
903 2320 995 2383 malis
1018 2340 1182 2404 quaerere.
1217 2318 1267 2384 ll.
1291 2321 1388 2386 Cuius
1402 2324 1570 2407 multiplex
1584 2324 1666 2388 ratio

337 2414 522 2501 disputandi
541 2432 709 2498 rerumque
731 2413 867 2476 varietas
889 2421 921 2477 et
942 2414 1060 2496 ingenii
1083 2414 1279 2497 magnitudo,
1302 2416 1442 2479 Platonis
1465 2418 1616 2481 memoria
1634 2429 1666 2482 et

299 2587 303 2601 Ι
337 2510 450 2576 litteris
472 2514 669 2579 consecrata,
695 2506 787 2589 plura
808 2525 925 2588 genera
951 2508 1054 2571 4114444
1075 2508 1326 2573 dissentientium
1349 2509 1665 2594 philosophorum,e

338 2604 454 2689 quihus
475 2622 533 2665 nos
555 2600 587 2663 id
610 2599 808 2683 potissimum
831 2602 994 2664 consecuti
1016 2622 1143 2675 sumus,
1166 2621 1229 2685 quo
1252 2603 1410 2666 Socratem
1426 2624 1518 2666 usum
1533 2604 1665 2669 arbitra·

301 2699 458 2771 4444444444,
479 2704 516 2759 44
535 2702 673 2757 nostram
697 2693 756 2777 ipsi
780 2694 969 2757 sententiam
990 2702 1176 2777 tegeremus,
1204 2715 1311 2759 errore
1334 2694 1413 2760 alios
1436 2696 1611 2763 levaremus
1633 2707 1666 2763 et

337 2794 371 2857 in
401 2791 486 2855 omni
513 2788 727 2872 disputatione
755 2787 833 2871 quid
862 2796 948 2851 esset
973 2788 1168 2861 simillimum
1198 2790 1262 2852 veri
1285 2810 1520 2874 quaereremus.
1562 2792 1666 2869 Quem

338 2902 457 2953 morem
479 2901 548 2945 444444
572 2880 749 2944 Carneades
775 2881 959 2943 acutissime
981 2882 1268 2967 copiosissimeque
1289 2885 1457 2959 tenuisset,
1479 2883 1611 2950 fecimus
1633 2896 1665 2950 et

337 2980 418 3044 alies
439 2996 535 3060 saepe
557 2980 590 3038 et
610 2994 713 3058 nuper
734 2974 766 3036 in
790 2974 981 3049 Tusculano,
1003 2985 1039 3038 ut
1060 2976 1099 3039 ad
1123 2996 1190 3040 eam
1214 2976 1472 3043 consuetudinem
1488 2980 1665 3064 disputare-

339 3093 419 3139 mus.
456 3071 496 3133 Et
525 3067 695 3153 quadridui
722 3067 852 3151 quidem
882 3087 1059 3133 sermonem
1090 3070 1307 3153 superioribus
1332 3072 1372 3134 ad
1395 3081 1426 3136 te
1454 3074 1664 3157 perscriptum

301 3168 426 3231 selibris
456 3163 614 3236 misimus,
643 3162 756 3246 quinto
784 3170 890 3225 autem
919 3162 986 3236 die,
1011 3183 1081 3226 cum
1113 3163 1224 3228 eodem
1250 3163 1283 3227 in
1306 3165 1377 3228 loco
1399 3167 1664 3242 consedissemus,

337 3260 385 3324 sie
405 3266 454 3323 est
474 3257 672 3341 propositum
694 3255 734 3317 de
757 3275 820 3339 quo
842 3254 1085 3339 disputaremus.

421 3353 458 3415 V.
482 3347 531 3414 ti.
555 3350 591 3413 A.
612 3352 681 3413 Non
705 3349 781 3412 mihi
804 3349 929 3413 videtur
949 3350 989 3412 ad
1012 3351 1104 3413 beate
1122 3352 1291 3416 vivendum
1306 3354 1381 3418 satis
1396 3372 1490 3437 posse
1506 3355 1663 3419 virtutem.

336 3448 379 3512 dd.
401 3448 442 3510 at
462 3444 590 3509 hercule
611 3446 708 3506 Bruto
730 3462 801 3506 meo
823 3441 958 3516 videtur,
979 3444 1069 3507 euius
1091 3464 1151 3528 ego
1170 3445 1332 3521 iudicium,
1356 3465 1432 3530 pace
1446 3455 1500 3510 tua
1514 3447 1661 3524 dixerim,

337 3541 430 3623 longe
452 3546 613 3622 antepono
634 3546 699 3600 tuo.
737 3538 773 3599 Α.
795 3538 864 3599 Non
888 3536 1009 3611 dubito,
1031 3557 1090 3601 nec
1111 3540 1144 3603 id
1165 3559 1249 3602 nunc
1264 3541 1377 3623 agilan
1400 3549 1434 3604 tu
1455 3540 1544 3605 illum
1558 3555 1662 3625 qnan-

300 3640 403 3699 ntum
425 3646 529 3703 ames.
551 3631 608 3694 sed
629 3631 703 3704 hoa,
725 3630 810 3713 quod
834 3630 909 3693 mihi
930 3629 998 3692 dixi
1023 3631 1123 3695 rideri
1142 3633 1236 3715 quale
1258 3633 1314 3708 sit,
1336 3633 1376 3695 de
1391 3654 1456 3717 quo
1471 3654 1490 3698 a
1504 3643 1536 3699 ta
1551 3635 1662 3719 dispue

336 3728 395 3792 tari
423 3725 507 3789 volo.
551 3726 596 3788 Μ.
619 3725 739 3806 Nempe
765 3742 862 3805 negas
890 3722 929 3786 ad
957 3723 1048 3786 beate
1079 3726 1250 3788 vivendum
1271 3726 1347 3790 satis
1370 3746 1465 3809 posse
1487 3729 1663 3792 virtutem?

234 3803 241 3825 '
293 3891 297 3902 ,
335 3819 373 3885 Δ.
394 3821 527 3882 Psorsus
547 3836 639 3899 nego.
674 3815 843 3892 dionidi
865 3815 1021 3890 adnecte,
1042 3818 1193 3892 14444444,
1217 3819 1425 3894 laudabiliter,
1443 3821 1663 3904 postremoad

335 3913 416 3978 hene
438 3911 607 3976 vivendum
629 3909 748 3973 satisne
768 3917 819 3972 est
838 3909 988 3995 praesidii
1009 3911 1042 3973 in
1057 3911 1196 3975 virtute?
1228 3912 1265 3975 A.
1281 3912 1373 3976 Certe
1388 3913 1476 3978 satis.
1509 3916 1551 3979 lt.
1566 3914 1663 3979 Putes

335 4008 432 4091 igitur
451 4014 520 4081 aut,
544 4025 637 4090 quem
660 4003 741 4066 bene
755 4003 887 4077 fateare,
909 4024 981 4068 eum
996 4024 1112 4087 negare
1128 4007 1219 4069 beate
1234 4007 1364 4070 viveret
1401 4007 1437 4070 Α.
1453 4006 1572 4084 Quidni
1588 4028 1663 4092 pos·

297 4101 415 4166 eesimi
437 4100 515 4162 Nam
539 4099 632 4162 etiam
654 4098 686 4161 in
708 4098 872 4161 tormentis
895 4107 989 4174 recte,
1011 4100 1154 4174 honeste,
1177 4100 1376 4164 laudabiliter
1399 4111 1430 4166 et
1452 4103 1494 4165 ob
1508 4122 1577 4166 eam
1592 4123 1661 4165 rem

334 4195 416 4258 hene
440 4191 504 4256 riri
525 4201 644 4276 potest,
667 4192 743 4254 dum
764 4191 860 4254 modo
875 4191 1040 4275 intellegas
1057 4193 1136 4277 quid
1153 4213 1236 4257 4444
1251 4195 1352 4258 dicam
1368 4195 1459 4259 hene.
1481 4196 1559 4259 Dico
1576 4196 1661 4258 enim

335 4294 525 4360 constanter,
547 4287 692 4370 graviter,
715 4285 884 4370 sapienter,
906 4285 1038 4350 fortiter.
1076 4287 1163 4350 Haec
1185 4291 1277 4352 etiam
1299 4288 1332 4350 in
1356 4289 1500 4353 eculeum
1524 4290 1662 4354 coiciun-

340 4458 932 4472 Ι......................-....---...----...---
945 4460 1000 4466 ,--

333 4571 510 4634 cognitione
533 4573 558 4618 et
578 4568 764 4628 amdmotione,
787 4579 906 4629 rerum,
930 4568 1012 4628 quatu
1032 4574 1067 4618 eet
1089 4567 1240 4631 mirologia,
1267 4580 1331 4629 quae
1355 4562 1517 4637 θεωρητικὴ
1543 4574 1659 4618 meatu.

332 4645 460 4696 Videmus
476 4657 491 4693 a
509 4643 637 4693 Cicerone
655 4641 689 4692 de
707 4654 739 4691 ea
756 4655 785 4691 re
802 4654 912 4705 semper
929 4640 980 4691 dici
997 4641 1172 4703 contemplatio
1189 4640 1238 4705 (vel
1249 4642 1423 4711 ameideratiot
1439 4655 1526 4693 44444444
1542 4647 1566 4693 et
1582 4644 1661 4707 (quae

334 4721 395 4773 inde
412 4722 505 4780 oritur)
521 4717 628 4781 cognitio
647 4716 693 4779 (ei.
712 4715 746 4766 de
763 4716 837 4767 04444.
856 4718 881 4777 i,
901 4717 948 4767 454
965 4717 1061 4772 omnia.
1084 4731 1149 4779 quae
1165 4718 1350 4781 cognitione
1366 4719 1444 4782 digna
1460 4723 1529 4779 aunt,
1542 4744 1579 4756 ··
1591 4733 1663 4769 eou-

334 4797 450 4846 eideret
470 4800 498 4847 44
516 4792 756 4854 contempletur.
785 4790 832 4842 454
849 4792 1077 4855 contemplanti
1093 4806 1133 4843 res
1149 4793 1330 4856 cognitione
1345 4794 1511 4857 dignissimos.
1538 4793 1570 4841 45
1586 4793 1662 4842 inda·

333 4872 403 4935 gotio
418 4875 494 4932 etque
511 4892 538 4905 -
557 4880 626 4933 quae
644 4880 676 4917 ex
695 4867 862 4929 indagatione
880 4868 996 4918 nascitur
1014 4893 1040 4903 -
1060 4867 1169 4918 inventio
1185 4869 1238 4917 ceri
1254 4886 1284 4913 =
1301 4865 1331 4916 ti
1345 4868 1520 4931 perspicientia
1536 4866 1600 4929 ceri)
1617 4871 1663 4917 aut

333 4945 472 5009 cognitio
491 4954 578 4994 rerern
599 4945 645 4991 aut
664 4942 839 5004 contemptatio
854 4955 953 5003 renen,
978 4954 1124 5005 numquam
1143 4955 1230 5005 neque
1247 4942 1420 5003 contemplatio
1435 4954 1522 4991 44444444
1538 4946 1561 4992 44
1577 4942 1662 5005 cogi·

333 5020 416 5070 tatio
433 5031 520 5081 neque
537 5018 693 5080 cogitatio
709 5030 802 5067 rerum.
831 5018 879 5078 Qui
896 5019 919 5070 si
936 5019 962 5067 h.
981 5017 997 5068 1.
1017 5017 1080 5077 duo,
1102 5030 1170 5081 quae
1188 5016 1265 5081 plana
1283 5016 1354 5067 idem
1371 5016 1558 5080 significarent,
1577 5028 1662 5079 oopu-

333 5092 389 5145 1444
405 5092 545 5153 voluisset,
564 5094 659 5156 potius,
678 5096 707 5142 ut
723 5091 804 5143 acad.
823 5094 854 5152 14,
870 5093 916 5142 tar
934 5093 1108 5157 (consideratio
1124 5091 1344 5154 contemplatioque
1354 5097 1474 5146 natum:
1493 5090 1525 5141 44.
1539 5089 1660 5140 (1404444.

333 5167 359 5229 1,
377 5167 449 5229 4534,
470 5179 519 5232 pro
538 5168 751 5230 cognitionemque
771 5170 905 5232 posuisset
926 5169 1202 5231 considerationemque.
1233 5169 1308 5218 Nunc
1325 5166 1431 5217 duobus
1453 5166 1503 5218 illis
1518 5168 1661 5218 4444444444·-

330 5242 497 5305 perspicerent
513 5242 581 5292 haee
591 5241 644 5293 duo
655 5244 886 5305 metenpiationem
896 5257 981 5294 renen
992 5245 1204 5308 cognitionemque
1215 5242 1328 5293 alterum
1339 5242 1414 5293 414444
1425 5243 1475 5293 rite
1486 5243 1660 5308 respondent.

334 5318 419 5379 04444
441 5329 521 5382 parva
539 5317 662 5369 codicum
684 5320 710 5369 in
728 5319 874 5383 eognuionic
890 5323 917 5369 et
932 5320 1090 5383 cogitationis
1106 5319 1229 5378 vocibus,
1252 5330 1321 5381 quae
1339 5316 1478 5368 simillimis
1495 5318 1661 5383 compendiis

333 5391 528 5454 scribebantur,
547 5394 689 5443 4444444444
707 5394 752 5452 sit,
772 5397 863 5444 notum
881 5396 936 5451 est;
955 5394 989 5444 ci.
1008 5395 1050 5454 lv,
1069 5396 1110 5444 et.
1129 5395 1198 5445 orat.
1219 5394 1237 5453 4,
1257 5393 1296 5442 40.
1319 5391 1443 5442 (1401444.
1463 5393 1481 5451 i,
1496 5391 1535 5442 44.
1549 5392 1606 5443 tea.
1626 5390 1660 5442 de

333 5465 387 5516 444.
402 5467 485 5525 411,44
507 5466 561 5529 (ubi
574 5462 646 5518 44444
659 5467 775 5532 iladvig:
796 5468 891 5520 4414144
907 5472 996 5519 tamen
1014 5471 1120 5534 saepius
1136 5468 1255 5531 cogitatio
1271 5479 1320 5531 pro
1337 5466 1476 5530 cognitione
1492 5465 1662 5517 substituitur

334 5552 416 5604 quam
436 5544 562 5605 contras).
585 5542 617 5602 ii,
635 5542 676 5593 58.
703 5542 784 5593 acad.
804 5545 839 5605 44,
858 5543 931 5595 tiis
949 5545 992 5595 W.
1012 5570 1038 5580 -
1062 5546 1087 5595 4.
1106 5543 1256 5605 manicatos
1277 5544 1298 5591 G
1321 5566 1347 5577 -
1371 5542 1395 5592 1.
1414 5543 1542 5591 orirentur
1561 5542 1611 5592 440
1631 5567 1657 5578 -

332 5616 509 5667 mcedermtc
533 5644 560 5655 -
587 5618 612 5669 8.
629 5616 662 5667 ab
682 5618 785 5669 bieco
807 5644 833 5654 -
862 5615 1044 5670 4444444401-
1071 5617 1328 5681 antiquirebanturti
1348 5643 1374 5654 -
1403 5616 1442 5666 40.
1461 5615 1611 5666 4444444440
1632 5639 1657 5654 -

333 5688 375 5740 43.
392 5690 468 5754 444444
484 5693 504 5743 c
523 5717 550 5729 -
569 5692 611 5743 i'i.
628 5705 754 5742 monerem
770 5691 874 5756 (deletis
891 5693 983 5744 14444444
999 5693 1040 5754 uel
1058 5694 1079 5743 0
1098 5720 1124 5729 -
1145 5693 1184 5743 48.
1202 5693 1289 5743 eodem
1306 5689 1408 5753 (deletis
1425 5689 1518 5741 titteris
1535 5690 1572 5750 de)
1592 5690 1611 5740 a
1630 5715 1658 5728 -

334 5764 1375 5828 4444444444ιό-44444-40.4444444444444444404-44.44444444440
1396 5765 1658 5828 depraedato.

331 5842 425 5901 44444444
442 5842 462 5894 a
478 5869 511 5882 -
527 5842 569 5894 34.
587 5842 728 5893 minantur
743 5843 777 5894 B:
800 5845 936 5895 4444444444
952 5844 1015 5903 (tiu
1037 5842 1205 5894 coniiciuntur
1221 5843 1250 5894 0.
1274 5843 1314 5894 cl.
1333 5841 1485 5893 Lachmann
1501 5839 1536 5891 ad
1553 5840 1659 5891 Luccei.
