4342 7459
701 1252 768 1315 nn.
790 1251 830 1324 n.
857 1197 1158 1314 cm'nx-nxn
1184 1245 1231 1332 sq
1253 1243 1440 1310 tls-tet.
1529 1196 1532 1205 ’
1671 1237 1735 1306 sse

405 1418 481 1499 iuga
502 1415 701 1499 inponimus3
729 1431 788 1476 nos
812 1409 1053 1492 elephantorum
1075 1408 1275 1473 acutissumis
1296 1408 1455 1483 sensibus,
1481 1426 1541 1473 nos
1561 1409 1735 1494 sagacitate

407 1530 519 1575 canum
549 1508 588 1571 ad
617 1507 784 1570 utilitatem
814 1514 953 1569 nostram
984 1505 1163 1579 abutimur;
1193 1524 1252 1567 nos
1280 1525 1298 1569 e
1326 1514 1429 1569 terrae
1451 1503 1595 1569 catomis
1613 1505 1735 1570 terrum

407 1605 567 1676 elicimus,
597 1621 661 1664 rem
688 1601 728 1663 ad
750 1599 903 1662 colendos
925 1619 1017 1681 agros
1040 1599 1268 1675 necessariam
1291 1618 1350 1662 nos
1372 1598 1472 1672 acris,
1500 1599 1637 1682 argenti,
1664 1601 1735 1664 auri

406 1717 504 1761 venas
526 1697 652 1778 penitus
674 1694 797 1758 abditas
818 1694 997 1757 invenimus
1019 1700 1051 1755 et
1071 1693 1111 1755 ad
1133 1713 1225 1755 usum
1247 1702 1337 1775 aptas
1359 1701 1392 1755 et
1411 1692 1452 1756 ad
1475 1702 1620 1757 ornatum
1643 1695 1737 1760 deco-

405 1811 476 1867 ras3
508 1792 657 1854 arborum
688 1795 794 1851 autem
823 1790 1023 1850 consertione
1050 1787 1201 1870 omnique
1231 1788 1362 1851 materia
1386 1795 1420 1850 et
1440 1787 1525 1850 culta
1547 1796 1579 1851 et
1600 1787 1761 1852 silvestris

406 1886 520 1969 partim
549 1883 588 1946 ad
617 1878 834 1945 calficiendum
861 1900 977 1964 corpus
1007 1882 1073 1962 igni
1103 1880 1243 1944 adhibito
1270 1889 1301 1944 et
1327 1882 1368 1944 ad
1397 1879 1602 1964 mitigandum
1632 1882 1738 1945 cibum

406 1980 541 2053 utimur,
562 1977 677 2059 partim
698 1975 739 2038 ad
761 1971 1004 2049 aedificandum,
1034 1981 1070 2037 ut
1092 1975 1183 2037 tectis
1204 1975 1306 2056 saepti
1326 1974 1444 2058 frigora
1466 1976 1650 2060 caloresque
1671 1977 1739 2061 pel-

408 2074 521 2136 lamus.
565 2065 637 2132 toi.
661 2073 791 2151 Magnos
812 2088 890 2132 vero
912 2088 990 2132 usus
1011 2067 1112 2131 adfert
1134 2067 1174 2130 ad
1196 2069 1323 2150 navigia
1338 2067 1497 2144 facienda,
1519 2091 1655 2155 qnorum
1668 2092 1739 2135 cur-

408 2169 496 2232 sibus
522 2163 766 2248 subpeditantur
795 2180 905 2227 omnes
935 2163 1075 2245 undiquc
1098 2162 1138 2224 ad
1160 2163 1257 2226 vitam
1279 2163 1405 2246 copiae,
1434 2184 1578 2249 quasque
1599 2185 1651 2229 res
1672 2166 1741 2229 vio-

408 2258 599 2324 lentissimas
620 2265 732 2320 natura
755 2255 881 2338 genuit,
904 2275 1013 2318 earum
1028 2256 1275 2319 moderationem
1297 2277 1355 2321 nos
1378 2258 1438 2321 soli
1453 2259 1620 2335 habemus,
1643 2261 1778 2323 marisii

408 2361 503 2437 atque
525 2359 704 2424 venturum,
731 2357 862 2433 propter
882 2350 1078 2412 nauticarum
1100 2369 1206 2413 rerum
1229 2350 1393 2415 scientiam
1415 2352 1624 2438 plurimisque
1646 2353 1741 2416 mari·

408 2448 493 2511 timis
513 2447 609 2509 rebus
630 2442 765 2507 fruimur
786 2450 883 2526 atque
904 2443 1031 2505 utimur.
1061 2444 1270 2507 Terrenorum
1293 2445 1370 2509 item
1385 2447 1623 2511 commodorum
1638 2448 1740 2511 omnis

410 2550 458 2605 est
478 2542 513 2604 in
535 2540 663 2602 homine
679 2537 878 2601 dominatus:
900 2557 958 2599 nos
973 2537 1109 2619 campis,
1132 2556 1189 2599 uos
1204 2539 1363 2602 montibus
1376 2538 1530 2617 fruimur3
1553 2542 1654 2605 nostri
1668 2548 1743 2605 sunt

411 2654 533 2708 amnes,
555 2635 654 2696 nostri
677 2633 782 2707 lacus;
804 2650 864 2694 nos
885 2630 992 2712 fruges
1014 2631 1164 2705 serimus,
1185 2652 1244 2695 nos
1266 2633 1412 2710 arbores3
1436 2655 1494 2700 nos
1516 2655 1670 2720 aquarum
1692 2637 1742 2700 in-

412 2727 615 2794 ductionibus
637 2726 729 2789 terris
750 2724 976 2788 fecunditatem
999 2723 1130 2798 damus3
1151 2744 1210 2788 nos
1232 2727 1363 2790 humina
1384 2747 1542 2806 arcemus,
1564 2729 1779 2813 diripuisti

411 2824 601 2897 avertimus3
632 2822 750 2883 nostris
773 2819 914 2903 denique
938 2819 1081 2883 manibus
1103 2819 1137 2882 in
1159 2839 1265 2883 rerum
1287 2829 1400 2885 natura
1422 2823 1514 2907 quasi
1535 2824 1670 2888 alteram
1685 2844 1743 2888 na·

413 2927 514 2982 turam
538 2917 665 2981 efficere
687 2933 847 2978 conamur.

499 3012 582 3074 th.
604 3004 676 3071 t53.
707 3007 793 3082 Quid
815 3010 914 3071 verol
941 3004 1102 3069 bominum
1128 3007 1209 3070 ratio
1230 3026 1296 3071 nun
1322 3009 1356 3071 in
1378 3009 1499 3073 caelum
1520 3031 1623 3096 usque
1645 3032 1744 3094 pone·

413 3106 527 3171 travit?
562 3103 628 3166 Soli
650 3103 734 3164 enim
759 3121 800 3164 ex
821 3100 1032 3164 animantibus
1052 3118 1113 3162 nos
1134 3107 1291 3163 astrorum
1313 3108 1416 3177 orins,
1439 3103 1543 3168 obitus
1565 3126 1743 3191 cursusque

413 3198 636 3283 eognovimus3
668 3196 708 3259 ab
730 3196 894 3259 hominum
917 3213 1032 3276 genere
1053 3191 1161 3258 linitus
1183 3202 1232 3257 cst
1252 3194 1336 3271 dies,
1358 3198 1493 3273 mensis,
1514 3219 1633 3275 annus,
1656 3198 1781 3263 iere-n

413 3296 534 3358 mones
555 3292 633 3355 solis
655 3299 688 3353 et
708 3289 802 3352 lunae
825 3290 968 3371 cognitae
989 3287 1233 3372 praedictaeque
1254 3289 1286 3351 in
1309 3309 1402 3354 omne
1424 3299 1585 3375 posterum
1607 3302 1744 3379 tempus,

414 3407 513 3472 quas,
535 3392 689 3470 quantae,
711 3383 841 3466 quando
862 3382 989 3445 futurae
1011 3384 1082 3445 sint.
1121 3381 1210 3456 Quae
1232 3391 1386 3447 contuens
1414 3386 1538 3450 animus
1561 3388 1684 3452 accedit
1703 3388 1745 3452 ad

415 3480 630 3563 cognitionem
653 3478 801 3551 deorum,
824 3497 842 3540 e
864 3496 927 3560 qua
949 3477 1051 3540 oritur
1070 3476 1187 3559 pietas,
1209 3477 1260 3540 cui
1276 3479 1446 3542 coniuncta
1466 3480 1587 3545 iustitia
1603 3490 1651 3546 est
1671 3481 1747 3546 reli·

415 3593 562 3660 quaeque
584 3573 731 3646 virtutes,
754 3591 773 3634 e
795 3571 911 3655 quibus
933 3572 996 3634 vita
1018 3570 1111 3632 beata
1126 3570 1233 3633 existit
1251 3591 1307 3655 par
1322 3579 1355 3634 et
1369 3571 1480 3636 similis
1495 3573 1637 3650 deorum,
1658 3576 1746 3639 nulla

415 3668 478 3732 alia
499 3687 534 3730 re
556 3667 618 3729 nisi
640 3664 882 3739 inmortalitate,
906 3684 988 3748 quae
1010 3663 1090 3725 nihil
1113 3662 1152 3725 ad
1172 3663 1255 3727 bene
1269 3664 1438 3729 vivendum
1453 3667 1607 3750 pertinet,
1629 3670 1784 3733 cedenstt

416 3762 617 3827 caelestibus.
654 3760 777 3835 Quibus
798 3759 893 3820 rebus
915 3757 1068 3840 expositis
1085 3758 1161 3820 satis
1176 3757 1325 3821 docuisse
1339 3759 1459 3836 videor,
1482 3761 1619 3826 bominis
1633 3772 1748 3827 natura

416 3864 537 3942 quanto
566 3855 669 3917 omnis
697 3853 832 3916 anteiret
859 3852 1044 3915 animantes.
1090 3851 1139 3912 Ex
1161 3872 1226 3935 quo
1248 3852 1343 3915 debet
1371 3853 1513 3936 intellegi
1534 3874 1594 3918 nec
1614 3852 1747 3939 figuram

417 3954 576 4035 situmque
605 3948 817 4011 membrorum
846 3965 904 4008 nec
931 3945 1050 4026 ingenii
1077 3947 1256 4029 mentisque
1282 3946 1346 4009 vim
1373 3949 1468 4010 talem
1496 3947 1580 4013 effici
1606 3952 1748 4035 potuisse

416 4046 554 4110 fortuna.
592 4038 664 4105 tol.
687 4044 796 4104 Restat
817 4049 852 4103 ut
873 4040 1004 4103 doceam
1026 4045 1123 4121 atque
1145 4038 1317 4122 aliquando
1339 4061 1500 4122 perorem,
1520 4045 1643 4117 omnia,
1665 4063 1748 4127 quae

418 4141 536 4203 sintin
558 4139 620 4201 hoc
643 4136 777 4209 mundo,
800 4135 919 4218 quibus
940 4140 1072 4196 utantur
1093 4132 1255 4209 homines,
1277 4134 1444 4199 hominum
1458 4155 1553 4199 causa
1575 4136 1657 4200 lacta
1678 4147 1786 4199 esseio

419 4244 450 4298 et
494 4240 590 4296 aram.

471 4254 600 4388 pLilll.
622 4321 781 4404 Principio
808 4322 878 4404 ipse
901 4321 1037 4384 mundus
1059 4322 1190 4383 deorum
1212 4319 1439 4406 hominumque
1461 4343 1557 4387 cansa
1578 4324 1679 4389 factus
1701 4333 1750 4390 est

420 4419 580 4505 [quaeque
602 4420 635 4480 in
661 4438 699 4482 eo
722 4426 810 4489 sunt,
840 4436 877 4478 en
905 4422 1013 4499 parata
1042 4414 1081 4477 ad
1104 4415 1239 4478 iructum
1261 4414 1427 4478 hominum
1450 4426 1482 4480 et
1502 4419 1630 4482 inventa
1652 4417 1748 4503 sunt].

418 4517 477 4578 Est
506 4516 590 4577 enirn
617 4512 753 4575 mundus
779 4511 870 4594 quasi
897 4510 1072 4571 communis
1101 4508 1232 4571 deorum
1256 4518 1352 4592 atque
1378 4510 1540 4576 hominum
1562 4512 1675 4576 domus
1696 4522 1751 4577 aut

420 4608 495 4671 urbs
517 4616 736 4689 utrorumque.
772 4605 838 4666 Soli
861 4604 943 4664 enim
958 4605 1082 4666 ratione
1096 4611 1221 4665 utentes
1236 4604 1305 4666 iure
1320 4623 1356 4666 ac
1371 4604 1441 4685 lege
1455 4606 1576 4668 vivunt.
1598 4607 1638 4670 Ut
1652 4608 1788 4690 igiturte

420 4703 560 4765 Athenas
583 4709 614 4762 et
637 4699 907 4762 Lacedaemonem
922 4698 1163 4760 Atheniensium
1182 4696 1568 4782 Lacedaemoniorumque
1584 4698 1678 4764 causa
1692 4722 1751 4784 pu·

422 4795 553 4859 tandum
583 4800 632 4855 est
653 4791 797 4855 conditas
819 4811 905 4865 esso,
933 4792 1119 4874 omniaque,
1149 4810 1232 4875 quae
1254 4791 1370 4855 sintin
1392 4793 1442 4855 his
1463 4793 1612 4869 urbibus,
1640 4815 1752 4859 eorum

420 4890 615 4972 populorum
637 4896 722 4949 reete
744 4906 814 4949 esse
836 4886 999 4960 dicuntur,
1027 4887 1087 4959 sic,
1116 4904 1337 4969 quaecumque
1360 4894 1433 4948 sunt
1459 4887 1492 4948 in
1515 4888 1601 4950 omni
1623 4887 1752 4964 mundo,

490 5205 514 5257 3.
534 5207 632 5269 arpenti
649 5210 673 5253 et
689 5204 748 5253 anri
765 5205 784 5254 C
805 5229 832 5239 -
856 5206 881 5253 5.
900 5203 1051 5252 connectione
1068 5196 1115 5250 W:
1137 5201 1287 5264 coniectione
1308 5202 1327 5251 B
1339 5216 1344 5260 ;
1366 5202 1542 5265 cmssctionsm
1556 5206 1607 5256 lc
1617 5206 1637 5256 Ε
1646 5208 1666 5257 Ρ
1674 5202 1706 5254 V¹
1725 5230 1752 5243 -·

422 5283 540 5343 omnique
563 5286 585 5329 et
607 5280 716 5328 matario
737 5280 756 5328 B
776 5303 802 5313 -
828 5279 852 5327 o.
873 5278 1044 5341 calficiendum
1061 5277 1187 5327 ACPV:
1211 5277 1252 5326 cai
1267 5276 1409 5339 [edendum
1426 5278 1462 5334 li:
1484 5279 1679 5340 cohsccimdmn
1695 5281 1754 5331 EO.

423 5357 562 5421 (catinum
586 5356 666 5403 ctiam
690 5354 750 5403 cod.
770 5351 904 5402 Mediceus
922 5352 955 5401 ad
975 5350 1062 5401 famil.
1083 5351 1147 5410 vttl,
1165 5350 1190 5409 ti,
1209 5349 1239 5410 l;
1261 5350 1399 5401 sedidem
1416 5352 1511 5416 enices
1526 5354 1592 5414 XVI,
1611 5356 1652 5417 ⁴8,
1670 5356 1705 5416 ἱ.)
1722 5380 1756 5392 -

424 5433 450 5484 7.
465 5436 563 5496 purtim
580 5438 603 5482 ci
615 5434 649 5481 ad
660 5431 785 5480 ACEPV
800 5457 826 5467 -
846 5431 885 5479 it.
905 5429 1117 5491 nantipnrnmh;
1140 5428 1212 5475 nauti
1228 5440 1317 5476 sonim
1334 5440 1404 5479 corr.
1422 5442 1458 5479 m.
1477 5441 1534 5479 sec.
1552 5431 1577 5479 in
1594 5432 1756 5479 nauticum

426 5509 448 5557 V
468 5534 495 5543 -
518 5510 556 5557 lb.
575 5508 709 5571 diripimus
725 5520 794 5556 corr.
814 5519 845 5555 er
863 5506 998 5568 deripimus
1013 5504 1032 5553 B
1048 5528 1074 5536 -
1095 5502 1135 5551 ld.
1148 5503 1286 5551 auertimnr
1303 5515 1372 5552 corr.
1385 5516 1417 5552 er
1429 5504 1620 5554 odneriimnrv
1634 5531 1660 5542 -
1675 5506 1715 5556 ts.
1728 5506 1756 5555 in

425 5586 488 5633 ente
507 5596 627 5633 rasurum
645 5583 759 5632 duarum
776 5579 922 5630 litterarum
940 5583 959 5628 Α
980 5605 1007 5613 -
1031 5578 1072 5626 st.
1090 5578 1300 5640 praedicansque
1316 5575 1339 5628 il
1357 5602 1385 5612 -
1404 5582 1500 5640 imnptrs
1516 5580 1657 5643 (superscr.
1675 5593 1756 5629 manu

426 5659 505 5707 teriia
523 5658 607 5720 penus)
626 5657 646 5703 V
665 5682 692 5692 -
712 5657 753 5705 ti.
772 5655 867 5704 accedit
883 5655 917 5703 ud
932 5654 1096 5718 coercitionem
1113 5653 1233 5703 Davisius
1251 5654 1305 5716 (qui
1317 5657 1407 5704 tamen
1419 5656 1477 5718 ipse
1489 5654 1514 5703 in
1526 5653 1630 5716 vulgata
1643 5652 1755 5704 lectione

428 5729 587 5796 adquieviil:
606 5732 696 5793 occipit
713 5731 747 5778 od
763 5730 927 5792 occultiorem
943 5728 975 5779 Δι
984 5729 1002 5777 Β
1012 5730 1031 5778 C
1043 5726 1146 5787 EPV¹;
1165 5728 1255 5790 occipit
1271 5731 1435 5792 coercitionem
1446 5727 1493 5785 A²;
1512 5729 1603 5791 occipit
1618 5729 1650 5778 cb
1666 5730 1698 5778 iis
1713 5742 1758 5779 co·

427 5806 564 5870 pnitioncm
581 5806 628 5863 V²;
648 5807 739 5867 occipit
756 5803 788 5854 ab
804 5806 842 5852 iis
857 5805 1020 5867 coqnitionem
1036 5804 1056 5853 0
1075 5804 1174 5864 (occidit
1190 5804 1224 5852 nd
1239 5805 1404 5867 copnitionem
1421 5804 1552 5865 Pithoeus)
1570 5830 1596 5842 -
1615 5804 1657 5855 23.
1676 5818 1689 5855 s
1705 5817 1758 5865 quc

429 5880 585 5930 ecurt:
604 5894 687 5943 oemio
704 5885 741 5936 A:
761 5893 794 5930 ex
811 5893 862 5941 qno
878 5881 899 5930 0
916 5906 943 5916 -
961 5881 1004 5929 29.
1022 5880 1152 5942 aliquanto
1170 5881 1188 5930 P
1208 5905 1235 5915 —
1255 5879 1296 5930 ³3.
1315 5880 1659 5943 comem-insertam
1675 5880 1758 5931 lleln-

430 5955 516 6006 dortio
533 5959 642 6007 ductore
659 5954 767 6007 seclusi.
787 5982 814 5991 -
832 5960 890 6005 mni
905 5955 991 6005 ornnio
1004 5960 1102 6017 parnis
1118 5956 1137 6005 P
1154 5979 1182 5992 -
1202 5953 1243 6006 88.
1261 5954 1330 6006 onsti
1346 5955 1489 6019 (superior.
1506 5952 1560 6017 hoc)
1577 5953 1609 6007 V.
