4342 7459
847 1246 921 1313 cm.
943 1248 1043 1311 xvu.
1070 1244 1117 1331 ss
1138 1244 1289 1313 ss-co.
1670 1241 1733 1310 sos

409 1404 471 1469 sibi
492 1406 668 1469 natationes
690 1410 787 1488 atque
809 1425 940 1470 cursus:
972 1408 1064 1471 nobis
1091 1408 1221 1472 senibus
1244 1408 1292 1473 bx
1318 1403 1495 1471 lusionibus
1523 1407 1630 1471 multis
1652 1406 1734 1471 talos

408 1499 594 1582 relinquant
616 1506 648 1561 et
668 1508 825 1563 tesseras:
853 1499 886 1562 id
908 1500 1014 1583 ipsum
1037 1509 1141 1565 utrum
1163 1502 1294 1576 iubebit,
1316 1502 1466 1586 quoniam
1489 1503 1559 1566 sine
1579 1500 1621 1563 iis
1641 1500 1734 1564 beata

409 1611 480 1656 esse
502 1600 649 1656 acuemus
670 1600 785 1676 potest.

496 1687 597 1749 xvtt
628 1683 680 1748 59.
708 1686 825 1749 Multas
852 1685 892 1749 ed
922 1707 973 1751 res
1003 1690 1155 1770 perutiles
1182 1689 1404 1773 Xenophontis
1431 1688 1502 1753 libri
1528 1696 1619 1762 sunt,
1652 1705 1735 1770 quos

410 1780 523 1863 legite,
554 1798 691 1862 quaeso,
717 1780 874 1853 studiose,
904 1791 940 1844 ut
966 1781 1080 1846 tacitis.
1124 1783 1228 1859 Quam
1250 1783 1381 1869 copiose
1402 1783 1442 1846 ab
1464 1802 1502 1846 eo
1525 1782 1759 1865 agricultural

408 1874 556 1938 laudatur
582 1876 615 1937 in
637 1893 678 1937 eo
700 1873 796 1948 libro,
827 1876 882 1958 qui
905 1885 953 1938 est
975 1876 1014 1940 de
1036 1877 1153 1941 tuenda
1174 1899 1209 1941 re
1231 1877 1396 1951 familiari,
1426 1877 1481 1960 qui
1504 1875 1736 1939 Oeconomicus

409 1967 602 2032 inscribitur.
655 1972 758 2050 litque
786 1974 822 2030 ut
849 1969 1039 2052 intellegatis
1060 1971 1140 2033 nihil
1164 1973 1193 2034 ei
1216 1981 1279 2033 tam
1302 1971 1408 2053 regale
1430 1969 1531 2032 rideri
1553 1988 1648 2053 quam
1670 1975 1737 2030 stu-

409 2062 496 2125 dium
518 2061 585 2143 agri
609 2060 747 2134 colendi,
770 2060 915 2124 Socrates
936 2064 970 2126 in
992 2083 1031 2125 eo
1054 2064 1136 2132 libro
1158 2064 1299 2148 loquitur
1320 2084 1391 2127 cum
1416 2063 1596 2126 Critobulo:
1620 2061 1736 2145 Cyrum

407 2156 581 2229 minorem,
611 2156 776 2218 Persarum
805 2173 931 2238 regem,
959 2166 1171 2242 praestantem
1197 2158 1326 2239 iugenio
1355 2166 1452 2241 atque
1480 2156 1606 2239 imperii
1628 2154 1737 2237 gloria,

408 2249 480 2313 dum
503 2248 666 2336 Lysander
690 2246 981 2325 Lacedaemonius,
1012 2252 1060 2313 rir
1085 2270 1227 2315 summae
1253 2251 1398 2324 vidutis,
1431 2252 1571 2313 venisset
1595 2250 1634 2313 ad
1663 2269 1736 2339 eum
1745 2253 1775 2300 ⁴⁰

366 2373 370 2383 ·
409 2342 516 2405 Sardis
544 2343 639 2426 eique
666 2342 751 2405 dona
777 2361 796 2404 a
825 2344 919 2406 sociis
942 2345 1126 2419 adtulisset,
1155 2352 1187 2407 et
1209 2346 1323 2408 ceteris
1344 2345 1378 2407 in
1400 2341 1495 2408 rebus
1517 2364 1639 2407 comem
1662 2361 1738 2425 erga

409 2436 606 2520 Lysandrum
634 2444 731 2519 atque
759 2437 932 2499 humanum
960 2437 1059 2502 fuisse
1086 2447 1119 2502 et
1145 2441 1174 2502 ei
1205 2438 1363 2523 quendam
1392 2447 1598 2520 consaeptum
1626 2453 1737 2519 agrum

409 2530 580 2612 diligenter
609 2532 765 2607 consitum
794 2530 983 2595 ostendisse.
1034 2531 1112 2595 Cum
1143 2542 1248 2596 autem
1275 2531 1486 2596 admiraretur
1515 2530 1678 2615 Lysander
1706 2536 1737 2593 et

408 2622 611 2707 proceritates
632 2625 782 2686 arborum
804 2629 836 2685 et
858 2622 997 2687 directos
1019 2626 1053 2688 in
1075 2627 1284 2708 quincuncem
1307 2625 1436 2689 ordines
1458 2633 1490 2688 et
1511 2625 1644 2688 humum
1663 2624 1739 2687 sub·

408 2725 509 2780 actam
535 2724 632 2800 atque
659 2737 768 2801 puram
796 2726 829 2781 et
855 2718 1041 2782 suavitatem
1064 2720 1216 2795 odorum,
1244 2721 1299 2803 qui
1321 2719 1514 2782 adderentur
1534 2738 1575 2782 ex
1597 2717 1737 2791 duribus,
1746 2724 1776 2771 tt

409 2818 475 2873 tum
497 2832 570 2875 eum
592 2812 711 2875 dixisse
733 2811 841 2875 mirari
863 2831 898 2875 se
920 2833 984 2875 uon
1007 2814 1103 2876 modo
1126 2814 1340 2895 diligentiam,
1367 2812 1423 2875 sed
1446 2812 1540 2875 etiam
1563 2811 1737 2874 sollertiam

408 2904 496 2978 sius,
517 2924 535 2968 a
557 2923 624 2987 quo
646 2913 753 2968 esseut
773 2905 828 2968 illa
851 2906 993 2970 dimensa
1014 2915 1112 2990 atque
1134 2906 1301 2989 discripta,
1324 2915 1356 2969 et
1379 2907 1495 2990 Cyrum
1518 2904 1738 2993 respondisses

410 2999 525 3081 «Atqui
553 3017 612 3082 ego
636 2998 699 3063 ista
728 3020 797 3063 snm
827 2999 933 3063 omnia
961 3000 1146 3075 dimensus;
1180 3001 1242 3063 mei
1266 3007 1340 3062 sunt
1361 2998 1506 3071 ordines,
1537 3017 1606 3061 mea
1628 2998 1739 3062 discri-

407 3092 489 3174 ptio,
511 3091 629 3156 multae
651 3093 746 3156 etiam
769 3094 899 3156 istarum
922 3093 1069 3156 arborum
1093 3113 1161 3156 mea
1176 3113 1271 3156 manu
1287 3099 1360 3156 sunt
1375 3101 1491 3156 satae.»
1523 3094 1603 3156 Tum
1618 3093 1739 3176 Lysan-

408 3185 499 3248 drum
520 3185 695 3249 intuentem
718 3206 888 3270 purpuram
912 3187 981 3250 eius
996 3196 1029 3251 et
1043 3188 1180 3250 nitorem
1196 3188 1336 3268 corporis
1351 3194 1562 3268 ornatumque
1577 3186 1776 3248 Persicum„

407 3278 508 3342 multo
535 3298 614 3342 auro
641 3280 812 3362 multisque
841 3282 972 3362 gemmis
999 3282 1139 3343 dixisse:
1170 3282 1286 3343 allecte
1307 3299 1383 3343 vero
1404 3287 1453 3354 te,
1484 3279 1581 3364 Cyre,
1609 3279 1738 3343 beatum

408 3375 533 3446 ierunt,
556 3374 706 3456 quoniam
736 3374 844 3437 virtuti
874 3382 948 3436 tuae
978 3374 1105 3438 fortuna
1120 3376 1304 3437 coniuncta
1332 3381 1409 3436 est.»
1467 3371 1519 3435 60.
1548 3374 1615 3436 llac
1641 3373 1739 3455 igitur

407 3466 534 3530 ionuna
562 3466 624 3530 irui
653 3467 725 3530 licet
754 3464 903 3542 senibus,
933 3487 991 3531 nec
1021 3477 1109 3532 aetas
1139 3468 1272 3549 impedit
1294 3488 1358 3551 quo
1382 3470 1485 3531 minus
1507 3475 1540 3531 et
1561 3475 1736 3530 ceterarum

407 3580 511 3624 renim
544 3569 577 3624 et
606 3562 779 3643 inprimis
806 3563 873 3645 agri
903 3562 1030 3625 colendi
1059 3562 1165 3625 studia
1193 3570 1360 3626 teneamus
1387 3580 1491 3644 usque
1521 3561 1560 3626 ad
1590 3562 1737 3625 ultimum

408 3662 533 3735 tempus
554 3656 737 3717 senectutis.
780 3658 821 3719 Μ.
844 3655 973 3739 quidem
996 3657 1156 3719 Valerium
1178 3657 1313 3719 Corvum
1336 3656 1519 3737 accepimus
1540 3653 1581 3718 ad
1603 3654 1776 3718 centeri-so

408 3768 493 3810 mum
515 3766 633 3810 aunum
654 3750 858 3832 perduxisse,
881 3771 953 3813 cum
975 3759 1060 3814 esset
1080 3757 1152 3812 acta
1173 3751 1234 3813 iam
1257 3757 1361 3812 aetate
1382 3750 1415 3812 in
1437 3749 1519 3831 agris
1541 3767 1663 3831 eosque
1684 3765 1740 3810 co-

409 3844 510 3907 leret:
555 3843 647 3906 cuius
676 3842 759 3906 inter
784 3844 919 3925 primum
952 3851 984 3908 et
1011 3852 1135 3907 sextum
1162 3843 1359 3907 consulatum
1387 3861 1445 3905 sex
1471 3850 1504 3905 et
1530 3841 1738 3925 qnadraginta

409 3937 483 4000 anni
506 3936 727 4001 interfuerunt.
764 3938 808 4001 lta
833 3946 985 4021 quantum
1009 3938 1146 4021 spatium
1168 3938 1282 4001 aetatis
1305 3933 1440 4000 maiores
1462 3936 1564 3999 nostri
1586 3933 1626 3998 ad
1648 3952 1740 3997 seua·

409 4031 503 4094 ctutis
531 4030 658 4094 initium
687 4050 758 4094 esse
788 4032 977 4106 voluerunt,
1009 4039 1116 4095 tantus
1144 4031 1192 4094 illi
1219 4051 1330 4095 cursus
1352 4029 1509 4095 bonorum
1530 4030 1609 4093 tuis:
1642 4036 1739 4112 atque

473 4357 496 4405 t.
515 4354 627 4405 nationes
644 4358 672 4413 Ρ,
691 4354 741 4405 sed
758 4361 786 4404 tc
803 4354 862 4404 ead.
876 4367 912 4406 nr.
927 4368 1061 4420 superscr.
1080 4384 1113 4393 -
1130 4369 1164 4405 ec
1179 4356 1264 4405 multis
1280 4354 1416 4405 lusionibus
1432 4357 1442 4406 l
1459 4356 1520 4420 post
1536 4359 1641 4405 aneas
1657 4353 1740 4405 habet

410 4459 436 4469 -
450 4432 511 4482 tutes
524 4429 552 4482 Ρ1
565 4457 591 4468 -
611 4430 635 4479 2.
649 4432 838 4492 relinquentes
848 4433 982 4481 minari)
997 4458 1024 4469 -
1043 4436 1130 4481 utrum
1146 4432 1257 4482 usus:
1275 4444 1355 4481 unum
1371 4432 1423 4487 ΙΡ;
1446 4436 1579 4492 munique
1595 4432 1638 4482 W.
1649 4432 1739 4482 Nauck

410 4532 438 4544 -
457 4506 487 4555 iis
502 4507 561 4558 PS:
580 4506 616 4555 eis
633 4505 661 4563 Ε,
679 4505 717 4553 bis
732 4506 822 4556 iiiito
841 4533 868 4543 -
889 4509 914 4557 s.
931 4507 1016 4568 tucius
1031 4507 1073 4555 uei
1089 4509 1174 4557 scintis
1191 4507 1210 4557 Ε
1230 4533 1255 4542 -
1276 4507 1299 4557 6.
1319 4509 1362 4568 qui
1379 4506 1423 4570 est]
1440 4520 1512 4569 quens
1530 4507 1549 4556 E
1570 4532 1597 4543 -
1614 4507 1741 4569 {omilim-i

408 4594 436 4631 re
453 4582 462 4630 i
482 4606 509 4617 -
534 4580 559 4629 7.
578 4580 697 4629 maur
714 4581 733 4631 E
753 4606 780 4616 -
805 4586 881 4642 utque
897 4583 974 4630 etiem
990 4588 1018 4631 ut
1034 4583 1119 4643 BPS,
1137 4588 1213 4644 utque
1228 4588 1258 4633 ut
1274 4584 1351 4633 atium
1368 4584 1377 4632 i
1397 4608 1424 4618 -
1448 4594 1604 4645 numnquam
1619 4579 1648 4633 Ρι
1667 4607 1694 4619 -
1713 4581 1738 4633 8.

409 4660 469 4720 post
484 4654 548 4705 libro
565 4653 628 4705 add.
641 4669 690 4717 quo
708 4657 732 4705 in
752 4658 770 4705 P
787 4668 869 4706 mauu
886 4656 911 4705 2.
931 4682 958 4693 -
984 4658 1102 4707 critobole
1118 4655 1201 4709 BEP'
1218 4683 1245 4695 -
1268 4659 1363 4707 circum
1378 4670 1512 4707 memorem
1529 4657 1548 4706 lt
1567 4683 1594 4693 -
1621 4657 1645 4707 9.
1657 4670 1741 4721 reem

406 4744 539 4796 personum
556 4731 603 4780 lto
618 4754 653 4768 -
670 4732 709 4780 tt.
723 4731 852 4781 edium
868 4744 922 4780 orn.
937 4732 957 4781 E
975 4757 1002 4768 -
1022 4746 1116 4783 menon
1132 4732 1198 4784 dett.
1212 4735 1304 4797 pauci:
1322 4746 1476 4783 communem
1493 4733 1557 4790 C0;
1576 4732 1680 4795 iladvig
1697 4731 1740 4793 (ad

409 4808 462 4857 Cic.
480 4806 514 4856 de
531 4805 595 4855 fluu.
613 4806 649 4866 ll,
666 4805 739 4868 580.
767 4806 811 4854 ubi
831 4808 890 4855 est:
918 4808 975 4867 qun
990 4808 1061 4857 ilium
1077 4813 1153 4872 neunt
1169 4813 1193 4858 et
1210 4809 1301 4859 dcam
1316 4811 1401 4857 uirum
1416 4813 1440 4858 et
1456 4821 1550 4858 comnis
1566 4808 1742 4858 estrumentum

406 4882 506 4945 taient)
525 4881 641 4930 «vereor
658 4895 691 4932 ne
709 4882 790 4931 etiarn
808 4883 833 4931 in
850 4883 951 4932 Catone
969 4881 1038 4945 559,
1056 4882 1102 4933 ubi
1123 4897 1193 4934 nunc
1210 4884 1299 4935 editur
1316 4898 1347 4934 er
1365 4884 1481 4948 optumis
1497 4896 1562 4934 sane
1580 4881 1659 4932 codd.
1672 4894 1741 4931 cone

407 4970 507 5007 munem
528 4970 591 5020 erpa
612 4957 769 5016 Lusundrasnr
791 4963 814 5006 et
835 4958 987 5018 bwmnssn,
1011 4956 1126 5017 librarii,
1151 4960 1223 5023 quod
1240 4957 1350 5023 plenum
1369 4960 1441 5008 esset
1462 4960 1585 5020 (comem),
1609 4969 1657 5019 pro
1675 4968 1742 5005 con-

407 5033 505 5097 pendio
526 5032 713 5096 trequentioris
735 5034 808 5083 vocis
831 5034 992 5097 acceperint.
1027 5035 1094 5084 Nam
1112 5032 1161 5082 alis
1180 5038 1221 5085 est
1237 5035 1416 5093 commendas,
1442 5045 1511 5095 quae
1533 5034 1559 5082 in
1578 5030 1664 5081 Laelio
1682 5030 1741 5093 §di

407 5106 570 5172 postulatur,
589 5110 645 5157 tum
664 5121 733 5172 quae
751 5107 823 5172 apud
840 5109 996 5158 Suetonium
1014 5109 1039 5157 in
1058 5108 1255 5172 inperantibus,
1274 5122 1355 5173 quom
1374 5120 1404 5158 se
1421 5109 1518 5158 ceteris
1535 5109 1665 5171 aequent,
1683 5103 1742 5155 lau-

407 5181 511 5233 datur.»
531 5207 558 5219 -
579 5183 618 5232 ta.
637 5183 778 5233 dscndmm
795 5182 823 5235 Ρι
844 5209 871 5220 -
890 5189 968 5245 utque
983 5185 1120 5233 numanum
1137 5186 1222 5234 oms
1242 5210 1269 5222 -
1287 5188 1445 5245 cumminas
1457 5186 1475 5234 Ρ
1489 5208 1515 5217 -
1536 5183 1576 5233 t3.
1589 5186 1742 5232 meuses

409 5302 445 5314 ··
456 5281 532 5337 atque
546 5289 640 5337 purum
656 5279 755 5328 Nonius
773 5291 798 5341 p.
810 5278 867 5335 ido.
883 5277 914 5327 dt
939 5281 975 5313 -’
994 5274 1182 5329 miraretur-13¹
1201 5304 1226 5313 -
1256 5278 1384 5338 iysnnder
1399 5278 1577 5339 proceritatem
1594 5274 1692 5325 Nonius
1712 5299 1738 5310 -

408 5351 449 5401 st.
463 5352 572 5401 derectm
589 5350 669 5410 idem,
687 5356 771 5413 recte,
791 5356 820 5402 ut
831 5352 938 5402 uidetur
952 5380 977 5389 -
998 5356 1183 5415 quinciacensem
1200 5354 1237 5404 El
1257 5379 1283 5388 -
1304 5354 1343 5403 td.
1357 5366 1391 5402 se
1408 5365 1471 5403 uos:
1490 5356 1514 5401 et
1530 5354 1557 5406 P.
1577 5363 1590 5399 e
1607 5348 1742 5399 naisso

410 5451 436 5461 -
457 5425 497 5475 ld.
516 5429 674 5477 euenums
695 5433 733 5465 ¹-
757 5429 873 5477 sedeum
889 5429 1053 5480 solertium?
1081 5456 1107 5465 -
1140 5430 1179 5478 ti.
1198 5429 1373 5490 discriptuB:
1400 5423 1693 5490 deuriptuEiPRSO
1711 5447 1739 5459 -

408 5502 548 5551 etlllPS:
567 5502 666 5563 siEtt,
686 5504 785 5553 ateio
805 5528 830 5540 -
852 5504 891 5554 48.
910 5504 961 5553 istu
978 5518 1033 5553 sum
1049 5505 1136 5554 mnniu
1152 5504 1285 5554 lliill’it:
1303 5504 1354 5552 isto
1370 5505 1456 5553 omnic
1471 5515 1526 5551 neni
1543 5503 1575 5561 S,
1593 5500 1678 5549 omniu
1693 5500 1743 5547 istu

408 5588 463 5625 suns
480 5576 500 5625 0
520 5602 548 5611 -
567 5576 694 5636 disciptio
712 5579 746 5627 P:
766 5578 899 5639 mamutio
915 5578 1055 5629 surnso
1075 5605 1101 5614 -
1123 5580 1161 5629 ts.
1182 5580 1306 5640 &turum
1323 5580 1351 5629 ΡΙ
1371 5605 1397 5616 -
1417 5579 1458 5628 20.
1477 5579 1530 5627 uus
1548 5579 1565 5626 Ρ
1582 5587 1651 5626 corr.
1670 5572 1742 5623 mi

409 5664 440 5701 er
457 5657 536 5701 metus
554 5678 580 5687 -
609 5652 650 5701 tt.
669 5652 881 5702 rectelliilltS:
899 5654 948 5703 rite
965 5654 1011 5703 ΡΟ
1031 5680 1057 5688 -
1082 5668 1144 5704 uero
1161 5655 1247 5704 oms
1266 5681 1293 5690 ·-
1320 5654 1361 5703 22.
1380 5654 1513 5702 conuinctu
1530 5653 1558 5701 Ρί
1579 5675 1602 5685 -
1630 5648 1672 5697 id.
1689 5647 1743 5709 (rut

407 5725 547 5789 {ortunuit
567 5752 593 5761 -
618 5726 713 5787 inpedit
730 5727 741 5776 l
760 5752 786 5762 -
813 5727 855 5778 it.
874 5729 955 5778 studio
972 5734 1101 5778 teneamur
1119 5730 1137 5777 lt
1157 5754 1184 5766 -
1209 5729 1250 5779 id.
1270 5730 1401 5778 coruinum
1418 5727 1545 5785 EIPliS,
1564 5721 1741 5774 conuiuiumli

413 5826 440 5836 -
459 5803 596 5865 mamus
612 5802 631 5851 ii
649 5829 681 5838 -
698 5803 739 5852 to.
755 5803 914 5865 perdurum]
933 5818 959 5855 v.
973 5805 1070 5853 Osann.
1090 5802 1124 5853 ad
1142 5804 1196 5854 Cic.
1216 5803 1250 5853 de
1269 5818 1297 5853 re
1316 5802 1388 5868 publ.
1408 5801 1493 5866 pita
1512 5828 1537 5836 -
1558 5803 1610 5849 ium
1621 5803 1741 5849 micon.

409 5876 444 5936 Ε,
462 5878 515 5926 iuni
531 5881 624 5927 auctu
642 5883 690 5926 uei.
711 5877 787 5928 Oehl.
811 5905 844 5915 -
868 5879 910 5928 tr.
932 5879 1011 5929 ‚xiii
1033 5879 1052 5929 Ε
1077 5903 1102 5914 -
1132 5879 1174 5929 28.
1192 5879 1361 5941 interfuerant
1378 5878 1437 5928 EP:
1461 5876 1595 5938 interfuere
1612 5876 1645 5939 ll,
1663 5874 1743 5926 inter·

410 5952 513 6016 suvant
529 5953 589 6003 Bis
609 5979 636 5990 -
656 5955 735 6005 nostri
752 5957 839 6005 om.P
856 5957 885 6005 st
900 5953 974 6005 0ebl.
994 5979 1022 5992 -
1041 5953 1084 6005 29.
1102 5954 1213 6007 initqu
1231 5979 1258 5991 -
1278 5952 1319 6005 29.
1338 5953 1376 6003 iiii
1392 5952 1426 6003 S:
1444 5952 1486 6003 ilis
1501 5950 1626 6003 BEll‘ll.
