4342 7459
625 1268 695 1334 nn.
715 1267 757 1332 11.
785 1266 862 1333 cn».
883 1263 1237 1332 xxxin-xxxix.
1262 1262 1309 1351 ss
1331 1261 1518 1331 lle-ree.
1691 1257 1733 1324 us

409 1457 564 1524 nmquam
593 1438 764 1514 mundum,
793 1436 882 1522 qnod
910 1436 997 1502 nulla
1022 1435 1119 1501 fuerit
1138 1456 1223 1501 novo
1244 1435 1377 1503 consilio
1396 1437 1476 1505 inito
1497 1446 1562 1505 tam
1582 1437 1746 1522 praeclari,

409 1534 518 1618 operis
551 1534 706 1618 inceptio,
737 1539 770 1597 et
797 1534 842 1597 ita
872 1553 943 1597 esse
970 1552 1043 1596 eum
1068 1530 1214 1615 undique
1242 1538 1368 1615 aptum,
1399 1533 1543 1597 utnulla
1563 1536 1610 1599 vis
1631 1543 1735 1600 tantos

408 1634 507 1712 queat
528 1634 633 1692 motus
654 1626 926 1711 mutationemque
948 1626 1070 1702 moliri,
1100 1625 1189 1689 nulla
1215 1634 1362 1690 senectus
1389 1625 1594 1694 diuturnitate
1616 1638 1737 1715 tempo·

408 1743 481 1786 rum
502 1723 673 1797 exsistere,
694 1728 731 1784 ut
750 1720 805 1784 bio
828 1727 956 1784 ornatus
978 1740 1129 1804 umquam
1144 1718 1285 1802 dilapsus
1307 1718 1439 1785 occidat
1475 1723 1547 1786 Tibi
1568 1724 1630 1789 boo
1643 1745 1738 1808 repu-

409 1817 517 1892 diare,
539 1814 621 1880 illud
642 1822 749 1879 auum
771 1816 931 1898 superius,
956 1816 1039 1878 sicut
1059 1821 1157 1898 caput
1178 1821 1211 1877 et
1230 1813 1344 1879 lamam
1366 1822 1468 1891 mam,
1489 1816 1660 1884 defendere
1681 1824 1761 1883 nas-⁸

409 1930 501 1974 cesse
530 1911 606 1974 erit:
635 1908 713 1972 mibi
739 1928 781 1973 ne
802 1915 838 1971 ut
858 1907 999 1971 dubitem
1022 1907 1152 1993 quidem
1173 1907 1397 1993 relinquatur?
1440 1906 1738 1977 l20.11t0mitum

409 2004 572 2069 levitatem
593 2011 713 2067 temere
734 2000 998 2076 adsentientium,
1020 2002 1131 2085 quanti
1152 2001 1281 2067 libertas
1297 2003 1368 2086 ipsa
1381 2003 1575 2072 aestimanda
1589 2015 1651 2084 est,
1672 2028 1738 2072 non

410 2098 489 2162 inibi
517 2117 649 2162 necesse
672 2115 759 2172 esse,
791 2096 878 2180 quod
907 2095 965 2159 tibi
987 2102 1053 2170 est,
1080 2095 1268 2177 respondere,
1297 2116 1355 2161 cnr
1374 2097 1470 2175 dens,
1503 2101 1609 2166 omnia
1630 2110 1740 2166 nostra

410 2211 507 2257 cansa
535 2212 608 2257 oum
629 2190 812 2254 faceret-
834 2190 881 2253 sio
901 2189 986 2252 enim
1008 2189 1103 2253 vultis
1125 2224 1184 2264 -,
1213 2197 1331 2255 tantm
1354 2192 1418 2256 vim
1440 2196 1595 2261 natricum
1616 2197 1739 2281 vipera·

410 2306 547 2371 rumque
568 2286 705 2349 lecerit?
727 2304 784 2347 cur
805 2290 868 2347 tam
890 2282 988 2347 multa
1009 2282 1161 2366 pestilera
1182 2290 1266 2349 terre
1286 2287 1430 2371 marique
1447 2288 1656 2373 disperserit?
1677 2292 1776 2353 lle-⁴⁰

410 2380 491 2461 gatis
511 2379 591 2443 baec
613 2389 678 2446 tam
698 2379 798 2463 polite
821 2386 948 2463 tamque
970 2378 1130 2443 subtiliter
1152 2374 1234 2442 effici
1256 2382 1400 2462 potuisse
1421 2384 1491 2447 sine
1504 2383 1611 2448 divina
1631 2384 1740 2469 aliqua

411 2472 562 2537 sollertia.
606 2474 703 2538 Cuius
725 2472 854 2557 quidem
875 2492 933 2537 ros
964 2474 1158 2537 maiestatem
1179 2471 1336 2537 deducitis
1361 2495 1463 2561 usqne
1484 2476 1525 2541 ad
1546 2478 1654 2562 apium
1675 2478 1740 2543 lor·

410 2566 629 2652 miserumque
659 2566 902 2651 perlectionem,
928 2573 964 2630 ut
985 2566 1081 2630 etiam
1103 2568 1187 2631 inter
1207 2566 1285 2631 deos
1306 2568 1516 2653 Myrmecides
1537 2571 1652 2656 aliqui,
1681 2572 1740 2636 mi·

412 2670 562 2726 nutorum
584 2661 812 2745 opusculorum
833 2660 1020 2734 fabricator,
1049 2659 1149 2725 fuisse
1171 2660 1325 2725 videatur.
1368 2658 1441 2727 444.
1463 2667 1567 2749 Negas
1587 2668 1657 2730 sine
1677 2667 1739 2731 deo

412 2775 507 2838 posse
535 2756 720 2840 quicquam.
763 2756 845 2819 Ecce
871 2754 930 2818 tibi
958 2775 976 2818 e
998 2762 1179 2819 transverso
1200 2755 1434 2839 Lampsacenus
1457 2759 1579 2835 Strato,
1607 2761 1665 2844 qui
1687 2762 1777 2824 detti

411 2850 464 2913 isti
487 2848 549 2915 dec
570 2850 790 2914 inmunitatem
812 2850 917 2931 magni
938 2846 1067 2931 quidam
1089 2849 1229 2912 muneris
1250 2882 1293 2898 -
1314 2858 1439 2916 etcum
1461 2853 1642 2917 sacerdotes
1664 2854 1740 2918 deo·

412 2964 482 3008 rum
498 2944 699 3008 vacationem
719 2942 873 3017 babeant,
895 2949 1015 3026 quanto
1030 2949 1080 3005 est
1094 2944 1227 3025 aequius
1241 2943 1359 3009 babere
1372 2947 1461 3029 ipsos
1476 2945 1569 3011 deosl
1586 2982 1625 2994 -
1646 2953 1741 3030 negat

414 3057 511 3120 opera
532 3036 668 3101 deorum
689 3057 725 3100 se
746 3038 794 3100 uti
815 3037 855 3100 ad
873 3034 1092 3100 fabricandum
1107 3035 1270 3100 mundum.
1304 3039 1532 3124 Quaecumque
1546 3042 1626 3117 sint,
1648 3040 1741 3106 docet

413 3132 520 3196 omnia
541 3132 655 3196 ellectu
676 3151 746 3195 esse
768 3138 896 3206 natura,
919 3149 996 3206 neo,
1018 3137 1053 3193 nt
1073 3130 1143 3205 ille,
1166 3132 1223 3214 qui
1238 3134 1360 3215 aspmb
1375 3142 1407 3198 et
1423 3135 1547 3199 levibus
1560 3145 1592 3199 et
1604 3136 1739 3199 hamatis

412 3226 637 3310 uncinatisque
659 3224 847 3308 corporibus
861 3232 1009 3288 concreta
1023 3224 1103 3287 baec
1118 3244 1189 3287 esse
1205 3224 1292 3289 dicat
1303 3228 1472 3292 interiecto
1485 3228 1583 3292 inani.
1611 3228 1778 3292 Somnia„

414 3327 522 3383 censet
541 3318 621 3383 baec
644 3340 715 3384 esse
736 3319 922 3394 Democriti,
943 3338 1008 3382 non
1030 3319 1190 3393 docentis,
1213 3319 1269 3383 sed
1292 3322 1440 3404 optantis.
1469 3323 1542 3406 lpse
1555 3329 1661 3386 autem
1676 3322 1741 3385 ain·

414 3413 501 3496 gulas
532 3413 644 3478 mnndi
674 3422 780 3498 partes
808 3432 1020 3497 persequens,
1054 3412 1211 3497 quidquid
1232 3422 1289 3478 aut
1309 3414 1351 3478 sit
1370 3423 1427 3479 aut
1445 3412 1515 3492 flat,
1546 3414 1741 3480 naturalibus

413 3507 481 3571 lieri
513 3515 571 3572 aut
597 3507 715 3572 iactum
748 3526 820 3572 esse
847 3507 940 3572 docet
968 3507 1164 3591 ponderibus
1194 3515 1226 3571 et
1252 3508 1399 3573 motibus.
1441 3511 1489 3574 Ne
1515 3510 1572 3574 ille
1592 3517 1626 3574 ct
1645 3509 1740 3573 deum

414 3621 510 3685 opere
539 3622 655 3686 magno
683 3602 798 3666 liberat
823 3609 855 3665 et
881 3622 932 3665 me
959 3602 1082 3669 timore.
1125 3600 1206 3677 Quis
1233 3602 1317 3665 enim
1343 3610 1460 3688 potest,
1488 3623 1560 3668 cnm
1582 3602 1742 3667 existimet

414 3698 517 3761 cumi
539 3717 575 3760 se
596 3716 616 3760 a
637 3695 716 3771 deo,
747 3716 812 3759 non
835 3704 867 3761 et
888 3694 956 3759 dies
978 3703 1011 3759 ct
1031 3701 1141 3758 noctes
1163 3694 1305 3758 divinum
1325 3716 1443 3761 numen
1464 3697 1614 3761 horreret
1642 3704 1692 3771 et,
1713 3695 1779 3759 siu

415 3791 493 3873 quid
519 3790 646 3856 adversi
674 3789 888 3854 acciderit-
910 3788 998 3873 quod
1027 3789 1079 3853 cui
1104 3809 1168 3853 non
1190 3789 1330 3854 accidit?
1350 3823 1393 3839 -
1420 3793 1624 3856 extimescere
1645 3810 1686 3854 ne
1708 3787 1740 3851 id

416 3885 483 3949 inre
505 3884 670 3950 evenerit?
702 3887 768 3948 Nec
790 3885 930 3948 Stratoni
954 3890 1059 3947 tamen
1080 3884 1260 3959 adsentior,
1281 3904 1341 3948 nec
1359 3905 1435 3951 roro
1455 3885 1530 3950 tibi:
1552 3884 1649 3949 modo
1669 3883 1742 3958 boc,

417 3977 510 4042 modo
530 3979 612 4043 illud
634 3979 829 4063 probabilius
851 3979 986 4042 ridetur.

496 4073 647 4135 XXXIX.
670 4068 742 4136 424.
771 4074 884 4137 Latent
909 4073 970 4136 ista
992 4073 1112 4146 omnia,
1141 4073 1287 4147 Luculle,
1314 4073 1430 4137 crassis
1452 4073 1607 4138 occultata
1629 4080 1661 4138 et
1683 4072 1743 4136 cir·

417 4166 555 4231 cumfuse
584 4167 738 4242 tenebris,
767 4174 804 4230 ut
829 4166 918 4231 nulla
945 4168 1030 4230 acies
1056 4166 1189 4230 humani
1211 4168 1331 4251 ingenii
1352 4174 1440 4232 tanta
1462 4169 1518 4244 ait,
1541 4188 1624 4252 quae
1645 4170 1780 4251 pene-³⁰

481 4478 504 4525 l.
523 4476 586 4525 inito
603 4477 632 4527 Ρ.
651 4474 796 4526 Victorius:
816 4473 889 4524 initio
905 4472 984 4525 codd.
1001 4502 1028 4511 -
1047 4475 1071 4526 4.
1082 4480 1170 4538 optem
1187 4490 1213 4525 r:
1232 4482 1347 4539 opertum
1363 4476 1471 4528 ABEG
1485 4503 1512 4514 -
1530 4478 1555 4529 3.
1573 4478 1661 4530 oiolcri
1671 4480 1701 4529 Βι
1714 4505 1741 4515 -

416 4551 597 4601 ὤιιιιιηιὶωωο
614 4552 711 4601 Davies
727 4578 760 4588 —
782 4549 807 4601 l.
826 4552 932 4601 ecisterc
948 4554 983 4609 Λ,
1007 4551 1103 4613 efficere
1119 4549 1228 4600 Wallier
1243 4555 1331 4614 recte,
1355 4554 1384 4601 ut
1400 4552 1506 4602 videtur
1524 4578 1551 4590 —-
1568 4554 1608 4603 tic
1623 4558 1698 4603 cotos
1713 4558 1745 4603 Α1

417 4653 443 4663 -
462 4630 486 4678 5.
506 4633 569 4691 aput
585 4625 615 4677 B¹
628 4653 655 4662 -
673 4627 770 4688 [omem
787 4627 844 4676 Gr:
861 4628 991 4689 mium
1008 4626 1099 4675 AB-
1119 4625 1143 4674 6.
1162 4627 1307 4687 qsddomE:
1327 4627 1389 4691 quid
1404 4628 1531 4677 ARGrv
1545 4654 1571 4665 -
1589 4628 1745 4692 relinquetur

416 4704 546 4753 manuus
562 4728 596 4739 --
617 4702 643 4751 l.
661 4701 746 4752 utoG
766 4728 793 4737 -
816 4702 841 4751 8.
859 4701 1007 4762 respondere
1029 4713 1078 4751 nos
1096 4699 1260 4753 addidimus:
1287 4715 1341 4752 om.
1360 4701 1438 4752 codd.
1458 4705 1484 4752 et
1501 4704 1530 4752 0.
1561 4702 1599 4753 cl.
1618 4703 1744 4753 Lactantil

416 4779 474 4828 lust.
494 4778 547 4826 div.
561 4777 620 4837 Vll,
639 4774 668 4836 l,
688 4777 732 4825 ll:
750 4777 952 4839 lieapmtdmdaen
969 4782 1004 4825 cst
1019 4777 1064 4825 boc
1081 4777 1134 4825 loco
1149 4777 1298 4839 philosoplis
1313 4778 1473 4841 moceiowque
1488 4778 1613 4838 Ciceroni,
1631 4778 1676 4843 qui
1692 4777 1744 4827 ott:

416 4853 468 4903 Cer
483 4855 542 4903 dou
553 4878 567 4889 ·
575 4878 590 4889 -
601 4849 752 4913 diepam
777 4848 861 4913 Vulgo
878 4849 1047 4913 distinguitur
1063 4850 1089 4899 in
1108 4851 1162 4900 Cic.
1180 4850 1253 4902 loco:
1273 4852 1340 4916 quod
1350 4851 1393 4901 tibi
1404 4857 1447 4902 est.
1466 4853 1517 4903 Cur
1528 4853 1588 4903 deus
1596 4880 1611 4891 -
1622 4882 1637 4892 -
1648 4854 1745 4916 duper-

416 4934 506 4992 aeritt,
525 4932 551 4980 tn
569 4941 622 4992 qna
639 4926 764 4976 orationis
781 4925 865 4976 torma
884 4925 1042 4975 coniunctivl
1059 4926 1144 4976 vitiosi
1162 4930 1231 4978 sunt.
1253 4954 1274 4962 -
1298 4927 1378 4976 cosm
1394 4928 1444 4977 EG
1462 4929 1488 4977 et
1505 4927 1604 4991 aliquot
1620 4930 1746 4982 Lactanllt

417 5006 494 5055 codd.
516 5030 543 5040 -
563 5003 587 5052 9.
606 5000 642 5050 sic
657 5000 771 5049 otim·-
781 5000 868 5061 feccrit
884 5000 961 5049 affert
978 5001 1077 5049 Nonius
1094 5014 1120 5063 p.
1140 5002 1180 5050 55.
1201 5029 1228 5038 -
1246 5001 1374 5050 caticum
1390 5002 1461 5051 Lacl.
1481 5004 1508 5051 et
1523 5003 1636 5054 Nonius:
1654 5004 1746 5054 metri·

416 5094 472 5129 m
488 5078 597 5130 ABEG
616 5101 642 5110 -
663 5075 703 5123 lo.
722 5079 775 5123 tom
790 5074 871 5123 mutto
885 5075 1004 5136 pestifero
1015 5077 1179 5126 Lactantius:
1200 5077 1332 5139 mortifero
1348 5082 1402 5126 tom
1418 5077 1499 5127 mutto
1512 5079 1655 5140 pernicioso
1668 5079 1745 5130 codd.

416 5156 482 5213 Cic..
500 5152 633 5214 mortifero
649 5155 701 5199 tom
717 5150 811 5209 muto,
830 5156 883 5199 tom
899 5151 979 5200 mutto
994 5153 1090 5214 pomis.
1104 5151 1208 5213 bamb,
1226 5153 1358 5215 mortifero
1371 5159 1423 5202 tom
1433 5154 1514 5203 muto
1525 5153 1585 5216 (del.
1597 5156 1746 5218 ponioioaol

417 5230 526 5286 Davies;
546 5225 605 5276 lort.
624 5230 676 5274 tom
692 5225 773 5274 mutto
789 5225 935 5287 mortifero,
954 5231 1006 5275 tom
1022 5228 1103 5276 multo
1116 5240 1189 5288 pern.
1210 5253 1237 5262 -
1257 5228 1297 5275 44.
1315 5227 1417 5277 solertia
1433 5228 1482 5277 ΑΒ
1503 5256 1530 5265 -
1549 5229 1589 5279 43.
1607 5230 1706 5294 αὶίᾳιιίἀ
1716 5228 1745 5288 B,

415 5304 508 5367 ctiqms
525 5302 587 5352 A²0
606 5325 632 5337 -
658 5301 698 5349 45.
718 5302 853 5363 mmm
870 5312 920 5349 esee
937 5300 1033 5352 Devies
1052 5329 1079 5338 -
1104 5303 1144 5351 46.
1163 5306 1185 5351 st
1203 5303 1335 5352 Goerenz:
1356 5304 1399 5353 scd
1416 5302 1494 5353 codd.
1514 5305 1578 5353 eto
1598 5331 1624 5341 -
1645 5306 1685 5355 49.
1703 5317 1747 5354 occ

415 5385 491 5428 au·-
503 5391 553 5428 esse
570 5375 637 5424 dicct
653 5373 737 5424 habet
754 5374 853 5424 Nonius
869 5388 896 5439 p.
916 5376 973 5425 489.
993 5402 1020 5411 -
1040 5377 1151 5427 locutbos
1167 5379 1187 5427 0
1206 5404 1233 5413 -—
1253 5379 1347 5427 comus
1362 5380 1412 5429 ΑΒ
1426 5404 1453 5415 -
1472 5379 1513 5429 40.
1530 5381 1683 5442 corpusculis
1694 5381 1747 5429 No-

417 5454 475 5503 nius
493 5478 520 5488 -
540 5452 582 5501 44.
601 5449 728 5512 ορὲηαιιίἰι
744 5448 787 5499 ed.
807 5450 898 5510 lietu,
917 5452 944 5499 at
961 5449 1031 5501 bene
1049 5450 1135 5501 attulit
1152 5453 1247 5501 Davies
1264 5451 1370 5503 Tuscul.
1384 5454 1418 5513 11,
1438 5452 1510 5516 530:
1530 5460 1618 5516 optare
1633 5456 1678 5505 boc
1689 5454 1748 5519 qus·-

416 5530 471 5578 dcm
487 5533 537 5588 est,
561 5540 612 5576 nou
628 5527 722 5575 docere.
748 5552 774 5561 -
801 5525 842 5574 44.
861 5526 1001 5575 morabot
1017 5523 1046 5575 B¹
1067 5551 1094 5562 -
1121 5526 1162 5575 43.
1180 5526 1235 5575 Noc
1252 5528 1284 5585 0,
1306 5526 1342 5576 sic
1357 5524 1427 5577 ΑΨ
1442 5554 1476 5564 -
1500 5526 1541 5578 44.
1560 5544 1637 5591 opero
1652 5544 1748 5594 mopoo

417 5603 520 5664 camb„
542 5615 617 5652 om
637 5614 729 5665 moeno
752 5601 934 5659 llermannus;
958 5604 985 5650 at
1005 5600 1130 5652 stabilivit
1151 5614 1213 5663 opto
1229 5601 1263 5651 de
1281 5615 1310 5652 re
1327 5615 1441 5665 operosa
1458 5605 1486 5652 et
1502 5606 1590 5667 magni
1607 5603 1748 5655 moliminis

417 5680 517 5731 dictum
531 5680 716 5730 lachmannus
728 5677 762 5727 nd
775 5678 931 5739 Lucretvl,
941 5679 989 5727 teo
1001 5690 1027 5741 p.
1036 5677 1098 5735 3903
1117 5676 1179 5727 add.
1192 5679 1268 5727 Auci.
1281 5676 1314 5727 ad
1328 5678 1389 5727 ller.
1403 5679 1445 5736 lv,
1459 5691 1483 5727 c.
1497 5679 1527 5728 44
1540 5679 1605 5727 extr.
1619 5706 1651 5715 -
1667 5679 1708 5729 45.
1722 5693 1748 5730 se

416 5757 505 5806 moesi
521 5757 541 5805 0
565 5753 667 5818 [sorori
687 5766 712 5803 se
734 5752 815 5803 babet
833 5754 912 5803 etiam
930 5754 994 5812 EG3
1018 5754 1107 5803 umen
1130 5754 1255 5803 mentitus
1273 5755 1314 5803 est
1330 5756 1449 5804 Goerenz
1468 5754 1493 5803 in
1510 5754 1565 5803 suis
1582 5753 1706 5804 omnibns
1722 5768 1747 5804 se

416 5832 505 5881 mori
522 5830 581 5893 legi)
601 5857 627 5867 -
647 5842 736 5878 nomen
753 5830 782 5878 1³¹
801 5854 827 5863 -
846 5830 888 5878 ul.
907 5842 986 5891 cepte
997 5854 1034 5865 ·-
1045 5839 1125 5891 oeque
1142 5829 1203 5876 G-
1222 5828 1262 5877 49.
1283 5828 1418 5878 tamin
1429 5828 1534 5878 tenebris
1550 5827 1627 5878 atlert
1641 5830 1746 5880 Martia-

418 5919 468 5955 nus
490 5903 598 5971 Capella
616 5904 650 5966 ν,
673 5905 688 5967 5
705 5905 753 5954 etr
777 5917 803 5967 p.
822 5901 870 5954 ltt
893 5903 936 5954 ed.
961 5904 1043 5967 Kopp.
1065 5929 1091 5940 -
1118 5900 1218 5967 mcertis
1239 5901 1372 5953 circem
1393 5900 1514 5965 Capella3
1542 5902 1576 5952 ct.
1595 5901 1629 5953 ad
1650 5902 1744 5967 fragm.

418 5980 477 6032 libri
494 5981 537 6031 lV.
