4342 7459
445 1267 511 1337 ”8
1003 1267 1217 1335 etcamms

446 1428 543 1510 idque
582 1446 621 1490 ex
658 1425 831 1490 inordinate
866 1427 899 1488 in
936 1404 1077 1487 ordinem
1114 1422 1260 1500 adduxit3
1298 1423 1355 1484 hcc
1386 1422 1486 1483 enlm.
1510 1420 1677 1485 iudicabat
1709 1439 1789 1484 asae

441 1524 665 1603 praestantius.
701 1524 763 1583 liae
782 1529 885 1583 autem
905 1538 965 1581 nec
979 1527 1032 1580 est
1045 1536 1110 1580 nec
1128 1534 1276 1598 umquam
1295 1517 1352 1578 init
1367 1515 1609 1596 quicquamnisi
1624 1514 1788 1596 pulcher·

447 1617 557 1676 almum
589 1617 691 1682 iacere
723 1616 771 1685 ci,
801 1615 854 1693 qui
886 1622 972 1674 esset
1000 1619 1156 1692 optumus.
1198 1612 1276 1673 Cum
1303 1610 1455 1672 rationem
1480 1610 1572 1688 igitar
1591 1608 1788 1685 habuisset,

446 1708 624 1788 reperiebat
641 1707 716 1770 nihil
735 1724 807 1768 esse
820 1724 951 1783 eurum,
978 1723 1060 1785 quae
1079 1712 1189 1767 natura
1210 1712 1428 1779 cernerentur,
1448 1699 1671 1781 inintellegens
1685 1701 1790 1768 iutel-

418 1801 568 1881 elegante
596 1804 628 1864 in
656 1811 720 1864 tete
749 1818 864 1881 genere
888 1800 1110 1879 praestantius.
1151 1798 1303 1871 Quocirca
1328 1796 1570 1875 intellegentiam
1600 1796 1632 1857 in
1658 1798 1787 1875 enimc,

446 1897 581 1957 animum
606 1895 730 1958 inclusit
751 1896 784 1957 in
810 1912 952 1973 corpore.
988 1893 1044 1954 ·Src
1068 1900 1154 1955 ratus
1178 1900 1228 1952 est
1246 1908 1325 1970 opus
1345 1890 1420 1953 illud
1439 1889 1586 1952 emnam
1607 1906 1686 1951 esse
1702 1889 1786 1970 pnl-

446 1991 641 2054 cherrimum.
681 1992 780 2063 Quam
805 1988 850 2050 eb
878 2006 1004 2050 causam
1034 2006 1096 2048 ncn
1119 1994 1169 2047 est
1195 1986 1403 2050 cunctandum
1435 1985 1588 2065 profiteri,
1615 1985 1651 2047 ai
1685 1983 1786 2046 medo

444 2084 622 2162 investigari
641 2083 759 2163 aliquid
779 2083 955 2144 coniectura
974 2090 1091 2163 potest,
1112 2081 1194 2143 hunc
1213 2078 1364 2142 mundum
1383 2080 1496 2143 animal
1515 2097 1587 2143 esee
1605 2078 1709 2159 idque
1729 2080 1783 2142 in·

438 2175 596 2255 tellegens
617 2185 649 2238 et
667 2175 769 2240 divina
789 2173 983 2257 providentia
1003 2176 1213 2238 ecnen'tutum.
1253 2175 1302 2236 tv.
1336 2174 1400 2235 iicc
1418 2174 1519 2255 podio
1533 2172 1786 2254 qncdnqultm*

401 2267 614 2331 *uidendum
632 2278 699 2344 est,
720 2270 881 2331 cuiusnam
895 2269 1096 2331 animantium
1111 2269 1190 2329 deus
1204 2268 1237 2328 in
1250 2265 1395 2346 lingendo
1409 2265 1526 2328 munde
1541 2265 1782 2329 similitudinem

445 2370 573 2424 mcuws
591 2363 640 2424 sit.
680 2360 799 2423 Nullius
820 2362 958 2442 proiecte
970 2360 1003 2422 id
1022 2359 1171 2441 quidem,
1191 2377 1272 2439 quae
1292 2368 1366 2422 sunt
1385 2357 1475 2421 nebia
1497 2366 1570 2421 num
1586 2359 1781 2437 aimeutin

438 2465 519 2517 eunt
537 2457 618 2517 enim
636 2457 739 2518 omnia
758 2455 791 2517 iu
810 2454 964 2534 quaedam
983 2474 1099 2535 genera
1123 2455 1235 2536 partlte
1254 2463 1308 2517 aut
1328 2453 1491 2527 inchoata,
1512 2451 1595 2515 nulla
1616 2469 1657 2514 ex
1685 2462 1782 2533 parte

439 2549 599 2629 periecta3
619 2550 799 2630 imperfecte
817 2556 921 2611 autem
939 2566 1001 2610 nec
1025 2548 1169 2611 absolute
1190 2546 1291 2610 simile
1308 2546 1471 2629 pulchrum
1485 2545 1643 2608 assenihil
1658 2553 1778 2627 puteat.

445 2642 542 2703 Cuius
571 2659 645 2719 erge
677 2660 770 2703 cmne
799 2641 913 2704 animal
945 2644 1035 2722 quasi
1055 2640 1205 2723 particule
1228 2640 1383 2723 quaedam
1406 2648 1472 2718 eat,
1498 2641 1566 2702 sire
1589 2641 1622 2701 in
1644 2639 1781 2719 sing*

400 2744 436 2789 -ea
446 2736 512 2795 sive
536 2735 568 2796 in
597 2736 742 2798 universo
770 2754 886 2816 genere
916 2745 1081 2813 cernatur,
1115 2737 1182 2798 eius
1204 2735 1335 2798 similem
1354 2734 1505 2797 mundum
1526 2749 1600 2798 esee
1620 2730 1779 2797 dicamus.

438 2830 564 2890 ⁴Omnes
591 2829 700 2906 igitur,
730 2830 784 2909 qui
815 2831 917 2892 anime
949 2838 1121 2892 cernuntur
1150 2837 1182 2890 et
1212 2830 1332 2891 ratione
1357 2827 1579 2907 intellegumur
1597 2828 1780 2891 animantes

440 2921 600 3003 misae
617 2924 746 2986 raticm's
765 2933 797 2986 et
815 2924 1061 3004 intellegentiae,
1082 2926 1164 2987 sicut
1182 2924 1342 3001 hemines,
1364 2924 1422 2984 hoe
1443 2922 1560 2985 munde
1580 2929 1613 2984 et
1631 2921 1779 3003 pecude

447 3024 479 3077 et
494 3017 607 3092 omnia,
628 3035 713 3098 quae
731 3018 790 3080 suh
813 3027 976 3098 aspectum
995 3018 1123 3095 cadunt,
1142 3016 1449 3097 conprehendantur.
1487 3015 1580 3091 Quod
1599 3016 1688 3079 enim
1701 3015 1778 3097 pnl-

446 3108 631 3171 chemimum
657 3112 689 3173 in
711 3129 817 3173 rerum
837 3119 948 3174 natura
970 3110 1107 3190 intellegi
1127 3118 1231 3191 petest
1250 3118 1282 3171 et
1299 3111 1386 3190 quod
1405 3110 1544 3172 exomni
1564 3118 1658 3191 pane
1679 3110 1779 3173 abac·

401 3201 630 3265 eclureamum
649 3213 716 3282 est,
736 3212 762 3263 et
777 3223 849 3267 cum
869 3203 949 3267 deus
969 3205 1101 3268 similem
1121 3203 1406 3267 muudumeiilcere
1419 3203 1528 3281 vellet,
1547 3203 1663 3267 mmai
1676 3222 1776 3268 uuam

448 3298 656 3375 aspectabile,
670 3299 707 3360 dn
727 3318 790 3380 quc
809 3301 911 3362 omnia
930 3299 1073 3362 ammalia
1093 3300 1343 3376 continerentur,
1364 3298 1475 3360 edecit.
1515 3300 1654 3362 &meuc
1684 3300 1780 3379 igitur

448 3408 542 3452 anum
570 3392 718 3455 numm
738 3392 890 3473 diximus,
911 3412 951 3456 an
971 3394 1026 3455 luit
1039 3393 1152 3473 plures
1170 3401 1225 3455 aut
1242 3389 1487 3455 innumerabiles
1505 3391 1590 3454 dictu
1608 3391 1725 3456 melina
1747 3402 1779 3455 et

443 3485 574 3547 acrius?
602 3487 685 3547 Unas
713 3487 868 3566 proiectu,
893 3488 921 3548 si
948 3487 1075 3568 quidem
1095 3488 1193 3548 iactus
1213 3494 1262 3547 est
1282 3484 1321 3548 ad
1345 3483 1533 3565 exemplum.
1573 3483 1665 3560 Quod
1689 3488 1777 3550 en’nu

448 3578 548 3638 omnis
570 3580 734 3640 animantis
753 3597 823 3657 ecs,
847 3582 901 3659 qui
922 3580 1040 3644 ratione
1061 3578 1300 3660 intelleguntur,
1321 3578 1550 3660 complectitur,
1571 3577 1607 3640 id
1627 3597 1694 3644 nen
1716 3597 1776 3663 pu·

402 3675 510 3732 seat
522 3688 600 3733 esse
618 3690 688 3733 cum
707 3671 815 3735 altero.
851 3674 974 3737 llursus
990 3676 1074 3736 enim
1093 3674 1171 3737 aliua
1190 3675 1350 3752 animans,
1374 3674 1521 3755 quicum
1540 3675 1713 3755 mutinam,
1737 3678 1777 3738 sit

443 3775 658 3843 necesseest,
681 3768 769 3829 cuius
788 3776 894 3848 partae
915 3770 978 3830 aiut
995 3770 1168 3833 animantes
1188 3770 1382 3849 superiores,
1403 3768 1588 3849 caelumque
1602 3769 1777 3834 bcceima·

448 3858 564 3921 lauram
592 3859 674 3923 illius
702 3860 799 3923 ultimi
822 3864 877 3938 ait,
903 3881 965 3925 non
986 3865 1133 3945 proximi.
1170 3866 1310 3939 Quorum
1339 3881 1380 3925 ne
1402 3862 1478 3944 quid
1500 3862 1660 3927 accideret
1680 3875 1777 3948 atque

442 3961 481 4014 ut
501 3952 550 4013 lic
568 3953 702 4017 mundus
722 3965 808 4018 esset
824 3957 970 4020 animanti
992 3956 1135 4021 absolute
1161 3956 1352 4035 simillimus,
1380 3957 1439 4018 hoc
1461 3958 1549 4037 ipse,
1575 3957 1668 4038 pund
1691 3959 1778 4022 solua

441 4054 541 4126 atque
561 4065 641 4109 unus
659 4057 761 4127 esset,
776 4049 897 4112 idcirce
917 4051 1104 4131 singularem
1122 4051 1202 4113 deus
1222 4051 1305 4114 hune
1325 4051 1474 4114 mundum
1494 4060 1589 4132 atque
1609 4054 1777 4132 unigenam

403 4143 631 4220 ”procreavit
1553 4139 1559 4148 ⁷

522 4236 713 4315 Corporeum
742 4248 845 4326 eutem
870 4248 905 4300 et
930 4239 1122 4320 aspectabile
1152 4242 1288 4321 itemque
1315 4240 1479 4303 tractabile
1508 4260 1602 4301 cmne
1636 4260 1777 4303 *necesse

447 4337 609 4405 estesse,
633 4330 717 4410 quod
743 4342 848 4394 netum
868 4344 927 4395 cst.
967 4335 1045 4396 Nihil
1064 4356 1155 4416 porro
1178 4338 1239 4415 igni
1264 4357 1393 4399 vacuum
1421 4338 1517 4416 aspici
1539 4355 1576 4397 ac
1600 4336 1700 4397 videri
1723 4356 1776 4417 pc

512 4670 534 4714 t.
563 4683 598 4718 aa
617 4671 761 4721 inordinato
783 4686 852 4722 cerr.
877 4688 909 4723 ex
926 4675 953 4723 in
968 4677 1120 4725 exordinato
1139 4678 1191 4726 AV
1211 4703 1237 4713 -
1258 4677 1395 4725 adduxerit
1413 4676 1443 4723 V¹
1462 4702 1488 4711 -
1508 4675 1532 4723 3.
1552 4677 1575 4725 ei
1592 4678 1636 4736 cati
1654 4678 1773 4728 stava:

444 4749 466 4789 ct
485 4744 527 4802 cai
545 4743 573 4791 8¹
587 4744 619 4803 E,
638 4757 694 4793 cum
710 4747 753 4807 qui
770 4750 789 4795 G
804 4745 834 4794 V²
849 4773 883 4785 -
898 4749 1048 4800 aerumma
1070 4779 1096 4787 -
1115 4751 1140 4801 l.
1158 4752 1326 4815 inictcucpeas
1343 4753 1412 4801 CG:
1431 4752 1570 4814 intedipm
1588 4751 1620 4807 Ε,
1641 4753 1777 4802 miniat-

444 4818 558 4879 sponso
585 4845 616 4854 -
641 4820 794 4882 intellegente
810 4824 907 4872 ABE:
927 4825 1084 4887 intellipcetie
1101 4829 1135 4884 G,
1157 4827 1338 4890 inteliepentiue
1360 4827 1379 4873 V
1405 4852 1430 4861 -
1456 4828 1481 4875 ll.
1506 4828 1566 4875 Post
1591 4838 1616 4873 ν.
1640 4833 1777 4887 pruden-

444 4894 493 4939 tiua
517 4892 614 4942 desunt
637 4893 719 4943 verba
742 4894 855 4947 Platonis
884 4896 953 4948 νοῦν
978 4892 1049 4950 e’ad
1075 4902 1163 4969 χωρὶς
1188 4900 1290 4967 ψυχῆς
1314 4895 1457 4951 ἀδύνατον
1486 4902 1701 4969 παραγενέσθαι
1725 4916 1775 4968 aq».

445 4979 514 5029 quae
539 4965 581 5015 elii
607 4966 682 5017 aliter
708 4975 908 5034 expresserunt,
939 4975 1137 5038 [inteltipemiam
1158 4983 1242 5026 eadem
1263 4978 1309 5026 ulli
1330 4979 1368 5026 rei
1392 4978 1537 5025 adiunctam
1552 4988 1605 5023 etas
1620 4976 1677 5026 tine
1692 4979 1777 5025 asine

445 5041 515 5100 nefas
531 5040 589 5103 esse]
608 5053 669 5090 cum
688 5044 815 5095 lambino
833 5046 853 5095 0
873 5074 897 5083 -
918 5049 942 5098 6.
959 5050 1060 5099 inclusit
1077 5051 1171 5101 CEG:
1197 5053 1318 5101 emuniit
1341 5052 1361 5099 0
1389 5078 1415 5087 -
1443 5054 1515 5099 retus
1540 5061 1608 5099 corr.
1630 5063 1666 5100 ex
1687 5057 1777 5115 prater

446 5116 511 5166 C-
532 5117 823 5170 ammudamcorr.
843 5135 875 5171 ea
892 5125 1137 5172 canciedenv-
1159 5128 1198 5177 ti.
1217 5128 1243 5176 id
1260 5128 1327 5176 CG:
1345 5126 1433 5176 metr
1450 5126 1484 5181 Ε,
1503 5138 1590 5173 earum
1605 5124 1635 5174 0.
1657 5125 1775 5176 Eandem

444 5189 644 5253 brachylogiam
670 5193 695 5242 in
717 5198 876 5258 pronomine
898 5199 924 5247 id
950 5198 1081 5250 hebemus
1108 5202 1173 5251 inira
1199 5215 1224 5265 p.
1252 5202 1309 5261 999,
1337 5202 1376 5251 30.
1403 5225 1429 5236 -
1455 5205 1514 5248 cote
1538 5201 1775 5249 connexioni

446 5292 473 5303 -
503 5267 530 5315 ta
557 5267 676 5315 inchoate
693 5282 762 5320 corr.
782 5285 814 5321 ex
833 5273 970 5323 incentat
990 5299 1017 5309 -
1040 5274 1081 5323 ⁴3.
1108 5275 1136 5324 ie
1159 5276 1266 5336 perlecto
1292 5276 1345 5324 GV
1374 5300 1402 5310 -
1424 5288 1471 5323 ecc
1496 5286 1566 5322 corr.
1588 5287 1619 5322 ex
1642 5288 1675 5323 ne
1697 5278 1717 5325 t
1744 5299 1771 5312 -

443 5342 522 5391 seluto
547 5341 599 5390 GV
625 5364 653 5378 -
681 5345 720 5392 id.
747 5346 773 5394 in
798 5347 897 5396 diuerso
920 5361 1009 5410 pmcn
1035 5351 1119 5400 CEG
1147 5375 1174 5385 —
1201 5351 1321 5400 decernas
1345 5350 1430 5399 ΔΒΕ
1455 5374 1489 5387 -
1517 5349 1555 5397 47.
1584 5355 1608 5398 ct
1635 5354 1699 5400 ante
1728 5364 1774 5413 pt-

443 5418 517 5467 cudee
533 5415 1656 5487 0m.GV-20.oi1nmbtnus:0m.cssc-at.0poettcorr.e1emcua-
1673 5424 1774 5485 meu

445 5492 542 5542 CEG:
570 5503 623 5539 cm.
651 5497 671 5545 0
698 5520 724 5530 -
750 5495 831 5557 pluris
854 5494 982 5548 AB¹.GV
1005 5523 1032 5533 -
1059 5504 1105 5546 aut
1128 5499 1227 5548 CEG:
1256 5500 1325 5549 eto
1359 5525 1385 5535 -
1409 5500 1647 5548 meracum
1672 5500 1771 5550 CBG:

443 5571 527 5617 uerius
549 5575 572 5618 et
593 5572 680 5620 metius
700 5572 720 5619 0
742 5594 776 5607 -
796 5570 836 5620 il.
865 5574 944 5620 omnis
971 5573 1070 5622 ABG:
1098 5586 1181 5621 munet
1208 5573 1282 5623 EVO
1311 5598 1338 5611 ·-
1369 5565 1506 5623 enimcum
1531 5573 1599 5623 CG:
1631 5575 1772 5625 m

446 5643 502 5692 ΕΟ
529 5668 555 5679 -
583 5646 623 5694 ti.
645 5647 785 5708 superium
806 5658 860 5695 cru.
885 5646 940 5696 GV
968 5672 995 5682 -
1022 5648 1185 5697 meacm
1207 5662 1276 5699 corr.
1301 5649 1568 5699 eremeticam
1590 5674 1617 5684 -
1643 5649 1772 5700 taeter

444 5718 687 5770 ABE:atiurGV
712 5746 737 5757 -
765 5722 1401 5783 mame-menteomexeectccritv
1424 5723 1673 5783 dictamen.
1698 5724 1718 5771 V
1741 5748 1767 5760 -

444 5792 758 5855 ettdenqweee-
778 5794 1143 5861 meusim-iamne
1165 5800 1235 5865 pipat
1257 5799 1339 5851 (ἰεῦ
1362 5823 1389 5836 ·-
1414 5797 1493 5860 ctpiei
1514 5809 1674 5847 mndata
1694 5798 1771 5863 speeie

444 5878 475 5913 ec
492 5868 511 5914 C
526 5868 590 5919 EG:
609 5882 663 5921 cm.
681 5871 742 5920 0-
762 5872 842 5920 uideri
859 5883 929 5921 ccrr.
948 5884 979 5922 ea
996 5874 1083 5924 uidere
1100 5874 1129 5924 c.
