4342 7459
430 1222 501 1290 fflt)
873 1279 875 1281 .
974 1226 1029 1291 llll
1045 1224 1222 1289 omens

433 1386 617 1451 ωοωαω
646 1406 703 1450 seu
732 1407 827 1470 quem
855 1386 953 1449 alium
979 1419 1023 1437 ι·-
1050 1384 1131 1447 nihil
1159 1385 1245 1447 enim
1273 1383 1376 1448 hanso
1399 1389 1530 1467 -prsstn
1555 1381 1699 1447 sudicun
1716 1413 1763 1436 u-

434 1479 591 1543 arbitru
617 1479 748 1568 Nolanis
775 1489 808 1543 et
827 1479 1043 1561 Neapolitanis
1070 1477 1113 1541 tle
1141 1475 1257 1542 finibus
1286 1498 1304 1541 a
1330 1485 1444 1542 senatu
1468 1478 1598 1552 alatum,
1625 1496 1701 1541 um
1721 1477 1763 1541 ad

433 1571 543 1636 locum
564 1574 721 1648 venisset,
748 1593 821 1637 cum
842 1573 987 1656 utrisque
1009 1573 1179 1654 separatim
1201 1572 1361 1647 locomm,
1388 1590 1430 1634 ne
1448 1569 1566 1654 cupide
1589 1571 1667 1655 quid
1686 1590 1764 1654 spe-

433 1673 523 1740 rent,
545 1684 586 1727 ne
607 1665 809 1749 adpetentes,
831 1674 927 1749 atque
949 1673 984 1730 ut
1003 1664 1130 1747 regredi
1153 1684 1250 1748 quam
1269 1666 1420 1748 progredi
1443 1665 1584 1728 mallent.
1632 1665 1669 1728 ld
1690 1685 1764 1730 cum

412 1759 563 1840 tetrique
583 1757 744 1835 iecissent,
765 1760 964 1843 aliquantum
985 1759 1053 1841 agri
1074 1760 1108 1822 in
1130 1760 1235 1822 medio
1257 1759 1400 1822 relictum
1414 1766 1474 1823 est
1508 1760 1622 1842 imque
1636 1758 1764 1823 iflorum

437 1846 509 1917 finis
529 1852 590 1926 sic,
612 1859 648 1916 ut
669 1854 730 1936 ipsi
753 1853 915 1925 dixerant,
937 1852 1132 1916 terminavit:
1158 1853 1192 1914 in
1214 1852 1319 1916 medio
1341 1852 1486 1916 relictam
1509 1854 1594 1936 quod
1618 1860 1688 1918 erat
1705 1872 1766 1937 p·

437 1944 515 2027 pulo
531 1945 673 2011 llomano
696 1946 900 2010 adiudicavit.
933 1948 1087 2029 Decipere
1109 1947 1170 2009 lroc
1191 1946 1324 2029 quidem
1339 1946 1642 2020 estnoniudicane.
1677 1946 1766 2023 Qu·-

434 2038 520 2105 elm
542 2040 576 2101 in
598 2042 684 2106 omni
705 2050 754 2104 eet
774 2061 809 2104 ce
829 2039 981 2123 fugienda
1002 2041 1075 2103 talis
1097 2040 1249 2104 sollertia.

524 2133 578 2197 Xl.
607 2130 659 2197 st.
690 2135 770 2198 Sunt
791 2142 896 2198 autem
918 2133 1074 2216 quaedam
1095 2131 1199 2198 officia
1225 2134 1322 2200 οδω
1344 2136 1497 2199 adversus
1515 2155 1575 2199 eos
1597 2134 1765 2210 uuanda,

401 2237 458 2288 toa
486 2225 603 2308 quibus
631 2228 779 2291 iniuriam
808 2228 977 2311 acceperis.
1026 2229 1084 2291 Est
1105 2229 1190 2291 enim
1212 2229 1385 2292 ulciscendi
1410 2238 1442 2293 et
1463 2229 1618 2311 puniendi
1641 2229 1766 2303 modu,

437 2326 534 2402 etque
558 2320 643 2401 haud
664 2322 732 2385 scio
761 2342 803 2385 an
830 2322 907 2384 setis
929 2322 971 2386 sit
999 2322 1165 2403 cum,·qui
1189 2322 1376 2396 lacessierit,
1399 2323 1534 2386 iniuriae
1559 2340 1635 2385 suae
1654 2322 1767 2404 paeni·

437 2420 523 2490 tere,
552 2422 587 2478 nt
608 2415 730 2498 etipse
753 2436 793 2478 ne
816 2414 892 2498 quid
916 2414 977 2478 tale
1000 2416 1132 2497 posthac
1155 2423 1187 2478 et
1208 2418 1306 2479 ceteri
1329 2419 1393 2480 sint
1413 2415 1453 2479 ad
1475 2416 1624 2481 iniuriam
1647 2414 1767 2478 tardio-

435 2526 501 2571 res.
543 2510 647 2593 Atque
675 2510 708 2571 in
735 2530 769 2572 re
796 2508 925 2593 publica
953 2510 1090 2572 maxime
1118 2510 1336 2573 conservanda
1365 2519 1441 2574 sunt
1467 2513 1536 2573 iura
1557 2507 1642 2573 belli.
1687 2510 1766 2573 llam

437 2619 510 2664 cum
532 2602 596 2665 sint
617 2603 681 2665 duo
703 2622 820 2685 genera
841 2602 1039 2676 decertandi,
1061 2622 1160 2664 unum
1183 2623 1239 2686 per
1260 2604 1532 2686 disceptationem,
1554 2605 1687 2667 alterum
1709 2622 1767 2685 per

402 2694 520 2769 isaim,
542 2715 679 2778 cumque
701 2698 779 2760 illud
803 2696 964 2780 proprium
987 2695 1206 2770 sithominis,
1233 2695 1293 2761 hoc
1315 2698 1496 2771 beluarum,
1518 2695 1766 2780 confugiendum

436 2789 549 2852 estad
571 2791 737 2871 posterius,
758 2790 786 2854 si
808 2792 855 2853 uti
879 2811 944 2853 non
960 2789 1035 2852 licet
1046 2791 1223 2871 superiore.
1267 2788 1320 2853 35.
1342 2791 1415 2866 Qua
1429 2811 1464 2854 re
1477 2790 1683 2873 suscipienda
1696 2789 1768 2873 qui·

439 2879 512 2944 ‹lern
534 2882 619 2945 bella
640 2892 715 2947 sunt
736 2884 777 2947 ob
799 2904 868 2947 eam
891 2902 1035 2957 causam,
1066 2894 1101 2946 ut
1123 2883 1192 2947 sine
1213 2884 1330 2947 iniuria
1352 2886 1385 2948 in
1408 2905 1486 2967 pace
1508 2886 1649 2958 vivetur,
1678 2892 1766 2968 parta

436 2983 543 3041 eutem
565 2977 696 3041 victorie
717 2977 924 3042 conservandi
946 2976 986 3050 ii,
1015 2977 1070 3059 qui
1093 2997 1156 3040 non
1181 2979 1326 3041 crudeles
1347 2980 1380 3041 in
1403 2979 1505 3054 bello,
1534 2998 1600 3041 non
1621 2979 1766 3042 inmanes

438 3067 582 3145 luerunt,
604 3080 639 3136 ut
660 3074 796 3136 maiores
818 3073 919 3136 nostri
942 3072 1158 3146 Tusculanos,
1179 3074 1322 3155 Aequos,
1345 3072 1493 3146 Volscos,
1516 3073 1668 3147 Sabinos,
1688 3073 1767 3135 ller-

398 3164 529 3227 atnicos
551 3166 584 3228 in
606 3166 765 3230 civitatem
788 3168 881 3230 etiarn
904 3174 1104 3248 acceperunt,
1126 3174 1159 3229 at
1181 3164 1403 3248 Karthaginem
1427 3173 1459 3229 ct
1473 3168 1676 3229 Numantiam
1696 3165 1767 3229 fon·

439 3258 526 3321 ditus
547 3260 760 3325 sustulerunt:
783 3260 902 3325 nollem
925 3260 1126 3334 Corinthum,
1149 3260 1205 3322 sed
1228 3260 1325 3323 credo
1346 3258 1468 3343 aliquid
1490 3267 1630 3332 secutos,
1651 3279 1767 3343 oppor·

436 3353 605 3417 tunitatem
628 3356 690 3417 loci
714 3375 872 3428 maxume,
893 3374 935 3417 ne
957 3363 1066 3437 posset
1087 3354 1261 3436 aliquando
1282 3353 1321 3416 ad
1344 3353 1462 3416 trellum
1481 3352 1662 3417 laciendum
1677 3352 1766 3416 lours

440 3445 509 3529 ipse
529 3445 704 3512 adhortari.
750 3451 820 3513 llea
843 3448 972 3532 quidem
995 3448 1153 3511 sententia
1175 3447 1259 3530 paci,
1283 3466 1367 3531 quae
1389 3446 1468 3509 nihil
1489 3447 1634 3510 habitura
1656 3448 1699 3510 sit
1719 3448 1767 3509 is·

438 3540 604 3616 sidiarum,
626 3563 753 3625 semper
775 3551 824 3607 est
846 3542 1087 3605 consulendum.
1122 3543 1158 3604 ln
1180 3561 1245 3624 quo
1268 3543 1295 3604 si
1310 3541 1388 3604 mihi
1404 3549 1490 3604 esset
1504 3549 1766 3623 optemperatum,

402 3636 469 3700 nsi
490 3654 554 3696 non
577 3643 749 3719 optumam,
771 3643 804 3698 at
825 3636 965 3718 aliquam
987 3654 1053 3697 rem
1076 3635 1246 3717 publicam,
1269 3654 1352 3718 quae
1375 3655 1459 3698 nunc
1481 3635 1569 3698 nulla
1590 3643 1649 3709 est,
1672 3636 1767 3699 habe

438 3746 558 3793 semus.
601 3730 732 3792 Etcum
755 3731 812 3803 iis,
837 3749 925 3811 ¹quos
948 3730 978 3791 vi
1001 3729 1173 3803 deviceris,
1203 3729 1434 3792 consulendum
1463 3737 1526 3803 est,
1555 3736 1622 3792 turn
1645 3730 1684 3804 ii,
1714 3729 1766 3813 qui

441 3820 537 3884 urnis
565 3824 677 3905 positis
706 3824 744 3887 ed
773 3825 1000 3905 imperatorum
1028 3820 1121 3885 fidem
1145 3820 1345 3904 confugient,
1373 3823 1518 3906 quamvis
1541 3844 1665 3887 mamm
1687 3827 1767 3888 aries

441 3916 648 3997 percusserit,
676 3916 861 3998 recipiendi.
906 3918 940 3979 ln
964 3937 1028 3999 quo
1051 3925 1138 3979 tsnto
1160 3937 1258 3998 opere
1285 3917 1371 3997 apud
1393 3926 1520 3980 nostros
1542 3917 1662 3982 institia
1687 3919 1768 3984 calta

441 4016 500 4081 est,
521 4016 557 4071 ut
576 4009 611 4082 ii,
632 4011 687 4093 qui
710 4011 852 4073 civitatee
873 4018 927 4073 aut
952 4010 1097 4074 nationes
1120 4010 1260 4073 devictas
1282 4009 1366 4073 bello
1389 4010 1422 4071 in
1444 4009 1540 4073 fidem
1563 4012 1768 4094 recepissent,

402 4118 549 4168 cocorum
580 4106 703 4186 patroni
733 4113 840 4167 carent
870 4125 958 4167 more
986 4104 1151 4166 melorum.
1205 4100 1255 4164 36.
1287 4107 1331 4165 Ac
1360 4104 1435 4166 belli
1467 4104 1596 4185 quidem
1624 4107 1768 4189 aequitas

441 4198 639 4263 sanctissime
661 4198 760 4262 fetiali
785 4200 894 4281 populi
918 4199 1050 4261 llomani
1078 4198 1145 4260 iure
1168 4198 1343 4280 perscripta
1366 4206 1424 4260 est.
1466 4199 1515 4260 Ex
1538 4219 1603 4280 quo
1626 4199 1768 4281 intellegi

441 4298 549 4373 potest
569 4292 691 4354 nullum
714 4293 830 4356 bellum
854 4313 924 4355 esse
947 4294 1065 4355 iustum
1094 4291 1154 4353 nisi
1177 4291 1263 4373 quod
1287 4301 1341 4353 aut
1362 4291 1456 4354 rebus
1479 4292 1622 4374 repetitis
1644 4304 1771 4374 geratur

441 4394 498 4449 eut
519 4386 740 4449 denuntiatum
761 4396 835 4450 ante
858 4388 899 4449 sit
920 4395 952 4449 et
973 4385 1135 4449 indictum.
1183 4382 1336 4469 [Popilius
1355 4386 1527 4468 imperator
1549 4387 1678 4451 tenebat
1700 4408 1770 4471 pro·

509 4578 533 4628 t.
552 4593 582 4628 ne
599 4580 637 4630 C:
660 4585 767 4630 utneo
793 4606 819 4616 -
849 4581 872 4628 6.
890 4577 1066 4643 plnuBle:
1089 4576 1302 4643 floeslll²eoo
1329 4605 1356 4614 -
1384 4578 1408 4628 8.
1427 4580 1453 4627 io
1470 4580 1538 4629 omisi
1554 4580 1772 4644 mtrctaatcede

442 4654 589 4705 ABllsb:
614 4655 640 4703 in
656 4655 723 4704 omni
739 4655 950 4717 complendae:
974 4658 1000 4704 in
1018 4656 1084 4703 omni
1102 4654 1350 4718 resupiendoesto
1378 4681 1405 4689 —
1434 4655 1474 4701 lt.
1492 4667 1619 4705 eamom.
1638 4666 1654 4705 c
1676 4680 1704 4691 -
1730 4656 1769 4708 lt

442 4731 607 4792 etutlpsep
636 4756 662 4764 -
687 4730 790 4791 posthac
805 4730 884 4791 faciut
900 4735 924 4779 et
946 4742 970 4778 c.
1002 4728 1040 4779 Cl.
1060 4728 1128 4790 582.
1156 4753 1184 4764 -
1212 4730 1245 4778 od
1262 4728 1484 4777 iniuricmsiuto
1513 4754 1539 4762 -
1576 4729 1614 4778 ⁴8.
1633 4729 1653 4778 ti
1671 4731 1770 4781 AB’t:

442 4799 778 4866 istitutionem
798 4830 824 4840 -
848 4820 898 4854 oon
915 4808 1028 4854 inmanes
1044 4817 1128 4866 emp
1150 4831 1175 4840 -
1196 4805 1235 4853 ⁴9.
1255 4802 1537 4852 terniccs.ueios.tno
1558 4830 1584 4838 -
1604 4803 1644 4852 20.
1664 4803 1771 4853 karlio-

442 4879 525 4942 piacm
542 4881 602 4929 llo:
635 4881 806 4943 ccrttupincm
823 4894 856 4939 a,
882 4881 1070 4941 elwrdropinem
1088 4881 1146 4938 lc,
1173 4879 1382 4941 ctortcpincmll
1412 4904 1438 4911 -
1471 4878 1512 4926 nt.
1531 4878 1628 4938 acquic
1650 4891 1720 4929 corr.
1739 4892 1773 4929 ex

443 4955 545 5016 aliquod
563 4956 598 5015 l3;
625 4955 759 5016 aliqucsA
779 4958 856 5015 (corr.
876 4970 908 5004 en
925 4956 1065 5017 aliquidlp
1093 4980 1119 4987 -
1147 4956 1376 5016 oportunitatcmt}
1406 4980 1432 4989 -
1461 4955 1500 5003 25.
1520 4960 1547 5003 al
1570 4956 1658 5004 Bao:
1686 4956 1721 5004 od
1737 4957 1771 5013 b;

443 5034 488 5077 aut
505 5029 539 5083 ll;
559 5042 613 5078 om.
634 5030 771 5091 (incasura
790 5029 936 5089 duorlittl
955 5033 974 5078 Α
993 5056 1023 5064 -
1041 5030 1080 5077 96.
1101 5030 1131 5077 iis
1149 5031 1239 5079 aab:
1259 5031 1295 5076 liis
1314 5029 1368 5085 lle,
1387 5028 1434 5089 hijs
1451 5040 1465 5076 c
1482 5055 1515 5064 —
1538 5029 1556 5076 ii
1574 5029 1668 5078 nnn:
1688 5030 1723 5078 lcii
1742 5031 1771 5088 ll,

442 5104 510 5162 lta,
528 5104 565 5164 dij
581 5116 595 5153 c
615 5132 640 5141 -
662 5106 702 5155 28.
721 5111 850 5167 tantopere
869 5107 887 5155 C
907 5130 934 5140 -
957 5104 997 5153 tt).
1016 5104 1035 5151 ii
1052 5104 1116 5153 Ab:
1134 5103 1169 5151 tii
1186 5105 1246 5161 ΒΗ,
1264 5105 1289 5151 li
1306 5116 1335 5159 e,
1354 5103 1390 5162 hij
1407 5113 1421 5150 c
1441 5129 1468 5137 -
1488 5103 1595 5151 deviem
1612 5102 1673 5151 betto
1690 5115 1773 5153 omo

441 5208 476 5219 -
492 5181 532 5230 3⁴.
550 5181 634 5242 sociat
652 5182 694 5229 Bc
714 5207 740 5216 -
760 5181 799 5230 32.
819 5186 865 5230 aut
881 5182 906 5229 in
923 5179 994 5228 rebus
1011 5191 1025 5228 o
1045 5206 1071 5214 -
1090 5179 1174 5239 petitis
1190 5180 1211 5228 ll
1230 5204 1258 5215 -
1283 5178 1323 5228 33.
1342 5180 1499 5227 enuntiatum
1515 5179 1588 5228 Aah
1614 5205 1641 5213 -
1665 5178 1775 5240 Popilius

442 5258 582 5315 imperator
593 5282 629 5293 --
647 5256 673 5304 in
690 5256 751 5305 lello
767 5257 888 5305 movendo
905 5255 956 5303 del.
971 5254 1129 5316 Madvigius:
1155 5254 1263 5314 Popilius
1279 5255 1417 5315 imperator
1428 5279 1442 5289 -
1454 5279 1467 5288 -
1477 5265 1593 5315 pupoore
1609 5266 1659 5301 noa
1674 5259 1774 5314 poterut

444 5344 493 5394 pro
510 5329 670 5394 glossemate
689 5330 769 5380 habet
787 5334 814 5379 G.
830 5333 868 5380 Fr·
883 5333 969 5392 Unger
985 5328 1086 5391 (philol.
1100 5329 1263 5379 Schneidew.
1282 5330 1314 5378 lV
1328 5344 1353 5393 p.
1365 5328 1411 5377 375
1429 5332 1515 5391 sqql:
1534 5328 1643 5389 Popilius
1659 5330 1773 5389 imperc-

443 5412 597 5455 tor··cum
612 5406 679 5454 leste
694 5419 809 5468 pupncrc
826 5406 850 5468 (ᾖ
860 5405 899 5467 37)
912 5405 963 5455 del.
973 5404 1113 5464 Konighotl
1127 5406 1186 5454 crit.
1199 5409 1226 5454 et
1238 5418 1312 5466 exeg.
1326 5403 1369 5453 alt.
1383 5405 1456 5453 Trier
1470 5402 1532 5454 t8ll
1550 5416 1575 5465 p.
1589 5404 1621 5450 22
1639 5415 1700 5465 sqq.
1732 5404 1773 5452 «Si

444 5493 572 5544 nequem,
591 5483 664 5529 certe
683 5480 725 5529 hic
743 5483 820 5530 vetus
838 5480 956 5530 scholion
975 5481 1130 5529 historicum
1148 5482 1259 5529 orationi
1278 5481 1414 5529 Ciceronis
1431 5480 1560 5528 insertum
1579 5482 1620 5526 est
1638 5479 1697 5537 (etsi
1714 5491 1774 5527 om-

446 5570 494 5607 nes
513 5555 591 5606 codd.
607 5556 807 5620 huncpannum
822 5556 947 5605 adsutum
960 5555 1079 5615 hebent),
1099 5554 1144 5603 ubi
1161 5568 1201 5612 ea,
1221 5568 1290 5617 quae
1309 5557 1522 5617 praecesserunt,
1541 5556 1618 5616 quasi
1637 5555 1774 5604 communi

446 5630 617 5681 conclusione
639 5631 679 5680 his
702 5630 791 5680 verbis
815 5629 987 5692 colliguntur:
1014 5632 1057 5679 lic
1074 5644 1123 5691 quo
1139 5630 1242 5691 intellipi
1257 5636 1350 5691 potest,
1372 5631 1469 5679 nullum
1491 5630 1579 5678 bellum
1599 5643 1651 5678 csse
1670 5630 1773 5689 tuscos,

444 5707 494 5757 otti
510 5707 576 5767 quod
587 5730 623 5742 --
636 5708 766 5764 indictum,
784 5704 873 5753 additu
890 5706 1037 5754 affirmante
1056 5705 1164 5753 Catonis
1181 5707 1336 5753 auctoritate
1354 5705 1409 5753 liis:
1434 5706 1469 5753 ll.
1483 5704 1696 5764 quaestuosis
1710 5704 1775 5753 scats

445 5789 480 5834 est
496 5783 609 5844 epistola.
645 5781 697 5831 Sed
715 5782 776 5830 huic
794 5779 916 5843 exemplo
934 5780 1059 5844 particule
1078 5781 1176 5841 quidem
1193 5781 1296 5828 aclncno
1315 5785 1342 5828 et
1358 5792 1485 5842 expresso
1503 5779 1640 5842 praecedit
1656 5777 1775 5842 explica·

447 5861 493 5916 tio,
511 5870 562 5920 qus
580 5856 690 5920 singula,
709 5870 778 5919 quae
795 5855 830 5905 ad
847 5854 975 5919 epistolae
993 5859 1100 5919 tempus
1118 5858 1144 5904 et
1162 5856 1330 5904 occasionem
1343 5856 1485 5918 pertinent,
1499 5857 1697 5917 proponentem
1715 5855 1774 5903 tum

447 5945 512 5983 vero
529 5935 619 5997 inepte
638 5936 664 5984 et
681 5933 744 5984 setis
761 5930 860 5983 insulse
877 5931 996 5982 additur:
1019 5933 1056 5984 ll.
1073 5930 1173 5992 aedem
1190 5930 1290 5981 Catonis
1306 5932 1370 5982 scats
1386 5936 1421 5982 est
1436 5930 1554 5993 meloto,
1572 5931 1623 5983 etsi
1640 5930 1695 5980 im
1710 5931 1774 5980 ante
