4342 7459
843 1239 916 1303 cn».
937 1240 1079 1305 rr-m.
1106 1239 1152 1326 44
1174 1238 1299 1307 4-44.
1663 1240 1726 1308 444

406 1399 497 1474 dicis,
519 1405 672 1483 quantum
694 1418 754 1481 ego
775 1419 835 1463 nec
857 1401 1017 1484 adgnosco
1038 1421 1099 1465 nec
1120 1400 1258 1486 postulo,
1279 1401 1358 1467 lacis
1379 1403 1494 1479 amice,
1511 1404 1584 1479 sed,
1598 1412 1635 1468 ut
1648 1404 1726 1468 mibi

405 1493 540 1567 rideris,
567 1512 632 1555 non
662 1499 747 1556 recte
775 1494 895 1557 iudicas
922 1494 962 1555 de
985 1494 1113 1559 Catone.
1156 1498 1219 1560 Aut
1240 1498 1324 1561 enim
1344 1516 1454 1572 nemo,
1485 1498 1570 1583 quod
1597 1499 1726 1582 quidem

407 1590 507 1671 magis
533 1587 645 1660 credo,
674 1594 744 1660 aut,
771 1588 798 1649 ai
822 1588 1007 1670 quisquam,
1037 1587 1092 1651 ille
1115 1591 1241 1673 sapiens
1262 1591 1332 1654 luit.
1376 1591 1581 1668 Quomodo,
1608 1592 1726 1656 utalia

408 1683 564 1755 omittam,
586 1688 717 1743 mortem
740 1677 795 1744 lilii
817 1680 907 1744 tulitl
951 1683 1156 1746 Memineram
1178 1685 1325 1760 Paulum,
1347 1685 1487 1749 videram
1509 1686 1647 1761 Gallum,
1671 1686 1727 1749 sed

407 1776 440 1840 bi
462 1778 494 1839 in
516 1775 633 1859 pueris,
656 1774 732 1838 Cato
752 1775 785 1836 in
808 1773 946 1856 perlecto
969 1782 1001 1838 et
1023 1785 1163 1860 spectato
1185 1779 1264 1841 viro.
1301 1776 1351 1840 40.
1374 1778 1478 1855 Quam
1500 1781 1541 1843 ob
1564 1801 1629 1843 rem
1651 1789 1752 1843 cavei

409 1870 519 1932 Catoni
542 1878 714 1950 anteponas
736 1887 776 1930 ne
798 1868 895 1930 istum
917 1869 1045 1951 quidem
1068 1871 1182 1952 ipsum,
1205 1891 1299 1954 quem
1322 1873 1447 1954 Apollo,
1469 1880 1504 1936 ut
1525 1874 1582 1948 ais,
1605 1874 1730 1958 sapien·

407 1963 563 2025 tissimum
589 1961 760 2024 iudicavit:
792 1962 887 2024 buius
914 1963 997 2024 enim
1027 1962 1126 2037 lacta,
1159 1964 1243 2026 illius
1272 1965 1356 2028 dicta
1383 1966 1562 2030 laudantur.
1610 1968 1729 2030 Deme

407 2063 526 2128 autem,
548 2063 583 2118 ut
603 2056 666 2117 iam
687 2074 759 2117 cum
781 2062 918 2138 utroquo
940 2066 1080 2119 vestrum
1101 2057 1230 2140 loquar,
1253 2058 1299 2121 sic
1321 2059 1481 2123 habetote.

491 2152 546 2212 lll.
574 2152 642 2231 ligo
670 2149 696 2211 si
718 2148 876 2231 Scipionis
903 2149 1062 2213 desiderio
1092 2170 1142 2213 me
1170 2152 1289 2215 moveri
1316 2173 1447 2235 negem,
1475 2175 1569 2239 quam
1592 2156 1624 2219 id
1646 2162 1731 2219 recte

408 2244 519 2308 faciam
547 2243 684 2306 viderint
711 2243 889 2325 sapientes,
916 2243 972 2305 sed
995 2251 1079 2305 certe
1107 2246 1249 2308 mentiar.
1294 2248 1425 2311 ldoveor
1447 2250 1529 2312 enim
1552 2252 1607 2314 tali
1630 2250 1768 2313 amicott

408 2339 552 2413 orbatus,
576 2336 695 2420 qualis,
717 2344 752 2397 ut
773 2336 920 2411 arbitror,
943 2357 1036 2399 nemo
1059 2358 1208 2420 umquam
1231 2340 1307 2413 erit,
1329 2348 1365 2403 ut
1386 2341 1571 2407 confirmare
1593 2363 1730 2428 possum,

407 2452 502 2496 nemo
525 2440 609 2495 certe
631 2429 700 2493 fuit.
745 2430 806 2492 Sed
829 2451 893 2493 nou
916 2450 996 2512 egeo
1018 2429 1197 2493 medicina:
1220 2452 1271 2494 me
1292 2433 1360 2516 ipse
1383 2434 1531 2499 consolor
1551 2437 1732 2500 otmaxime

408 2525 463 2588 illo
486 2524 616 2598 solacio,
638 2524 725 2607 quod
747 2544 786 2587 eo
808 2543 916 2587 erroro
938 2543 1040 2597 careo,
1061 2543 1126 2607 quo
1149 2526 1321 2589 amicorum
1343 2527 1475 2590 decessu
1495 2529 1642 2614 plerique
1661 2530 1734 2611 angi

409 2621 522 2684 solent.
566 2618 653 2680 Nibil
675 2618 749 2681 mali
773 2619 926 2681 accidisse
948 2618 1090 2701 Scipioni
1112 2627 1208 2701 puto:
1230 2616 1307 2682 mibi
1323 2620 1451 2695 accidit,
1467 2623 1494 2685 si
1510 2624 1587 2706 quid
1602 2622 1731 2698 accidit;

409 2714 475 2777 suis
497 2719 601 2774 autem
623 2712 834 2774 incommodis
856 2713 993 2793 graviter
1014 2715 1088 2793 angi
1109 2731 1173 2775 non
1195 2713 1345 2787 amicum,
1361 2713 1416 2776 sed
1433 2735 1467 2777 se
1482 2716 1585 2800 ipsum
1600 2716 1734 2779 amantis
1743 2726 1772 2773 44
1835 2780 1849 2799 ⁹

410 2815 467 2870 cst.
511 2802 562 2868 ll.
593 2805 670 2868 Cum
699 2806 755 2869 illo
783 2825 858 2868 vero
886 2806 958 2889 quis
986 2812 1081 2887 neget
1104 2812 1207 2868 actum
1231 2826 1300 2869 esse
1322 2808 1506 2889 praeclaret
1549 2810 1616 2872 Nisi
1639 2809 1735 2884 enim,

410 2901 496 2985 quod
518 2900 573 2961 ille
596 2899 724 2963 minime
747 2901 891 2983 putabat,
920 2899 1178 2962 inmortalitatem
1201 2906 1311 2982 optare
1334 2901 1446 2975 vellet,
1474 2904 1550 2986 qnid
1572 2922 1636 2966 non
1660 2903 1764 2968 ade-2

410 3003 483 3077 ptus
511 3001 574 3067 est,
607 2993 692 3076 quod
722 2993 843 3055 bomini
869 2993 917 3056 las
945 3001 1030 3056 esset
1056 2997 1192 3075 optare?
1226 2994 1282 3076 qui
1309 3014 1463 3057 summam
1491 3014 1579 3080 spem
1607 2997 1735 3070 civium,

411 3107 506 3173 quam
529 3087 570 3151 dc
593 3108 631 3150 eo
653 3089 714 3150 iam
737 3107 837 3169 puero
858 3087 1049 3161 habuerant,
1079 3087 1231 3149 contiuuo
1260 3086 1446 3151 adulescens
1474 3089 1652 3153 incredibili
1673 3090 1736 3153 vir·

410 3191 478 3247 tute
505 3181 688 3264 superavit3
724 3183 779 3264 qui
808 3181 1008 3244 consulatum
1037 3182 1151 3265 petivit
1178 3200 1366 3263 numquam,
1394 3181 1497 3246 iactus
1527 3176 1660 3267 [consul]
1688 3189 1773 3245 estat

410 3277 477 3349 bis,
500 3277 636 3360 primum
658 3283 731 3337 ante
753 3282 893 3358 tempus,
916 3276 1032 3337 iterum
1053 3275 1114 3338 sibi
1136 3294 1194 3337 suo
1217 3282 1377 3358 tempore,
1399 3277 1446 3338 rei
1468 3277 1612 3359 publicae
1634 3295 1737 3358 paene

412 3389 502 3446 sero;
527 3370 581 3451 qui
604 3368 728 3431 duabus
750 3369 878 3431 urbibus
902 3369 1022 3431 eversis
1044 3367 1283 3431 inimicissumis
1304 3368 1379 3431 buic
1401 3370 1534 3453 imperio
1556 3390 1619 3434 non
1642 3369 1737 3433 modo

411 3463 608 3550 praesentia,
636 3483 746 3526 verum
773 3465 867 3525 ctiam
894 3462 1001 3525 lutura
1028 3462 1112 3524 bella
1134 3461 1260 3524 delevit
1304 3461 1390 3538 Quid
1413 3463 1514 3528 dicam
1537 3461 1576 3527 de
1598 3464 1738 3526 moribus

411 3559 589 3630 lacillnmis,
613 3557 652 3619 de
674 3557 792 3638 pietate
813 3558 847 3619 in
870 3566 1011 3630 matrem,
1033 3555 1221 3618 liberalitate
1242 3555 1275 3617 in
1290 3574 1435 3629 sorores,
1450 3555 1590 3621 bonitate
1603 3557 1637 3619 in
1652 3575 1738 3630 suos,

413 3653 535 3717 iustitia
557 3652 590 3714 in
613 3654 745 3713 omucst
783 3653 863 3713 Nota
886 3658 960 3713 sunt
981 3650 1080 3712 vobis.
1125 3648 1228 3723 Quam
1250 3656 1355 3711 autem
1378 3650 1499 3714 civitati
1520 3670 1612 3714 carus
1632 3650 1776 3726 faeritas

413 3765 555 3810 maerore
582 3744 703 3806 luneris
730 3744 903 3807 indicatum
933 3751 990 3807 est
1035 3741 1121 3818 Quid
1151 3742 1249 3823 igitur
1273 3742 1359 3805 bunc
1388 3763 1561 3826 paucorum
1584 3763 1739 3807 annorum

412 3839 551 3904 accessio
579 3838 688 3901 iuvare
717 3839 897 3920 potuisset?
942 3838 1094 3900 Senectus
1123 3836 1209 3898 enim
1236 3836 1379 3921 quamvis
1407 3856 1472 3900 non
1493 3839 1536 3902 sit
1556 3839 1677 3920 gravis,
1704 3844 1739 3900 ut

413 3933 541 3997 memini
565 3932 715 3995 Catonem
742 3951 826 3993 anno
853 3940 925 3995 ante
948 3951 1043 4015 quam
1066 3939 1116 3992 cst
1137 3937 1280 3992 mortuus
1302 3950 1424 3994 mecum
1447 3939 1569 3994 etcum
1591 3931 1739 4013 Scipione

414 4027 580 4100 disserere,
601 4034 707 4088 tamen
731 4025 833 4088 aufert
854 4044 924 4087 eam
945 4025 1146 4098 viriditatem,
1168 4024 1201 4086 iu
1225 4044 1289 4106 qua
1309 4025 1404 4088 etiam
1426 4045 1510 4088 nunc
1533 4033 1600 4088 erat
1622 4024 1739 4106 Scipio.

414 4119 464 4183 ll.
488 4120 591 4197 Quam
614 4122 656 4181 ob
678 4138 744 4181 rem
767 4119 831 4181 vita
853 4118 982 4201 quidem
1005 4117 1077 4180 talis
1100 4118 1160 4181 fuit
1181 4118 1230 4180 vel
1252 4117 1378 4181 fortuna
1400 4118 1450 4181 vel
1473 4119 1582 4201 gloria,
1605 4127 1641 4182 ut
1661 4116 1777 4181 nibilto

413 4222 522 4302 posset
542 4214 709 4286 accedere,
733 4212 893 4274 moriundi
915 4220 1021 4274 autem
1044 4231 1172 4274 sensum
1195 4209 1339 4274 celeritas
1361 4211 1510 4275 abstulit:
1539 4230 1603 4294 quo
1626 4211 1665 4274 de
1687 4231 1741 4293 ge·

413 4329 489 4371 nere
518 4308 626 4369 mortis
654 4306 784 4368 difficile
807 4305 892 4367 dictu
916 4314 981 4379 est,
1009 4303 1087 4386 quid
1110 4303 1254 4367 homiues
1277 4306 1478 4389 suspicentur
1499 4307 1626 4370 videtis.
1671 4308 1740 4370 lloc

414 4421 488 4464 vere
517 4409 621 4463 tamen
652 4401 727 4462 licet
756 4398 875 4471 dicere,
904 4400 937 4460 P.
961 4398 1102 4481 Scipioni
1134 4417 1175 4459 ex
1204 4398 1312 4462 multis
1341 4398 1470 4472 diebus,
1504 4419 1584 4483 quos
1613 4402 1647 4463 in
1675 4402 1742 4464 vita

416 4495 640 4559 celeberrimos
662 4494 918 4576 laetissimosque
942 4493 1065 4566 viderit,
1088 4491 1177 4555 illum
1200 4491 1284 4556 diem
1308 4492 1515 4555 clarissimum
1537 4493 1646 4567 luisse,
1668 4513 1741 4556 cum

1024 4698 1030 4733 4

481 4806 504 4853 t.
523 4804 630 4853 odoosco
647 4803 680 4862 B,
704 4803 858 4865 odcoqooaco
875 4803 933 4861 GS,
957 4814 1077 4865 copnosco
1094 4802 1129 4862 D,
1152 4814 1260 4865 4444444
1277 4800 1349 4851 Evo
1368 4825 1395 4837 -
1418 4799 1515 4862 pociolo
1532 4797 1562 4850 G¹
1580 4824 1608 4836 -
1633 4800 1658 4849 2.
1678 4800 1744 4850 mim

415 4879 503 4930 omli
530 4906 557 4914 -
584 4877 608 4929 4.
628 4878 880 4941 Gallom19oiumc
907 4902 934 4913 -
961 4880 1003 4927 444
1019 4880 1045 4927 44
1061 4879 1202 4940 inposita,
1222 4878 1283 4928 Coto
1299 4878 1326 4925 44
1342 4876 1479 4926 Jacsusil
1497 4874 1565 4925 liber
1582 4877 1662 4937 (teste
1681 4875 1741 4925 Car.

416 4954 538 5015 beugici:
560 4953 602 5001 4444
621 4966 665 5001 osc
686 4959 869 5013 comparantur
884 4959 941 5001 coto
958 4954 984 5001 44
1007 4954 1102 5013 (catoni
1114 4954 1173 5014 DE)
1195 4953 1285 5012 DEG,
1312 4950 1362 5000 scd
1384 4951 1410 5000 in
1428 4952 1448 5001 G
1469 4951 1494 4999 444
1517 4953 1577 5014 post
1593 4951 1635 4999 ced
1646 4963 1691 5016 pr.
1705 4962 1741 4999 m.

416 5041 475 5091 sup.
488 5026 548 5085 lin,
566 5028 608 5075 4444
623 5027 649 5075 44
666 5029 765 5088 quidem
780 5041 826 5077 occ
841 5029 925 5076 444444
941 5034 1125 5091 comparantur
1142 5028 1224 5081 st;
1248 5029 1275 5076 iu
1292 5024 1349 5075 aliis
1367 5024 1432 5075 oliae
1450 5027 1512 5076 sunt
1527 5022 1743 5088 interpolationes

418 5129 445 5140 -
465 5104 563 5150 444444
579 5114 610 5149 oc
626 5104 710 5151 catoni
728 5104 748 5151 l)
768 5127 794 5137 -
815 5104 932 5165 duptam
949 5105 1034 5152 om.S
1055 5128 1079 5138 -
1099 5104 1311 5163 Scumutroqoc
1327 5103 1380 5150 4444
1397 5102 1418 5151 b
1438 5127 1465 5137 -
1483 5098 1741 5150 ocstromllEGSV:

415 5190 469 5227 om.
484 5177 530 5225 DO
550 5201 575 5210 -
596 5176 688 5236 4444444
704 5180 721 5226 8
738 5181 764 5227 in
783 5191 865 5240 marg.
885 5177 967 5227 babet
985 5204 1011 5213 -
1033 5180 1072 5227 40.
1092 5179 1214 5240 sopientes
1228 5178 1337 5226 uiderint
1354 5178 1371 5226 S
1390 5201 1418 5213 -
1437 5177 1477 5226 44.
1495 5177 1566 5237 ipsos
1583 5176 1612 5234 G,
1630 5174 1743 5236 commu

418 5279 445 5288 -
465 5252 505 5300 43.
524 5252 631 5299 discessu
647 5250 723 5300 BS¹V
744 5279 770 5288 -
797 5254 984 5315 solcotuopis
1008 5277 1035 5287 -
1064 5251 1105 5302 44.
1123 5252 1185 5300 nibil
1202 5253 1292 5302 DEG:
1310 5252 1453 5301 4444444444
1471 5251 1564 5301 BSVO
1592 5274 1619 5285 -
1646 5249 1745 5310 44444444

416 5328 506 5376 occidit
523 5329 542 5374 G
562 5327 587 5374 in
606 5339 688 5387 marg.
713 5352 740 5362 -
769 5328 808 5377 44.
827 5329 929 5377 minima
943 5333 997 5390 put.
1016 5327 1095 5376 44444)
1125 5354 1150 5364 -
1179 5328 1276 5375 minimi
1293 5321 1383 5377 B²ES²
1410 5352 1437 5362 -
1468 5327 1527 5389 quid
1544 5325 1675 5374 salmace
1691 5323 1742 5382 BS,

416 5405 475 5467 quid
492 5410 575 5452 tomen
593 5416 642 5451 noia
661 5397 691 5447 44ι
704 5426 730 5436 -
749 5408 785 5451 444
801 5403 936 5464 44444440
956 5429 982 5438 -
1002 5404 1042 5451 20.
1053 5403 1157 5464 petiitO
1174 5428 1201 5438 -
1221 5403 1307 5451 4444444
1323 5409 1359 5452 444
1375 5402 1483 5452 bosv:
1503 5406 1538 5451 444
1554 5399 1639 5448 consol
1655 5396 1742 5455 0503

415 5492 510 5528 verum
528 5478 633 5528 videtur
650 5477 721 5540 quod
739 5478 813 5527 dedit
825 5480 946 5528 Beierus:
964 5478 1047 5538 (oclus
1063 5484 1097 5526 444
1114 5477 1163 5533 bis:
1187 5477 1220 5526 cl.
1234 5491 1273 5527 or.
1293 5491 1318 5541 p.
1333 5478 1399 5527 blur.
1418 5476 1476 5539 548
1499 5501 1526 5511 -
1550 5475 1590 5524 44.
1603 5473 1745 5522 inimicissi-

416 5568 473 5603 mus
489 5554 519 5603 θ’
533 5569 564 5604 ex
582 5554 782 5611 inimicissomis,
801 5557 830 5602 ul
847 5555 889 5603 cst
906 5554 931 5601 iu
949 5550 1007 5602 ΒΨ
1027 5578 1054 5588 -
1077 5551 1117 5601 al.
1135 5552 1296 5614 [444444444444
1312 5554 1342 5601 G¹
1360 5577 1387 5587 -
1410 5551 1538 5613 facillimis
1551 5548 1662 5598 mortim
1678 5547 1695 5595 S
1715 5572 1742 5582 -

417 5630 566 5679 libertotcl]
595 5656 622 5665 -
650 5641 761 5677 sororem
779 5630 821 5677 RS
847 5654 874 5664 -
903 5629 944 5678 ab.
961 5629 1010 5689 fnit
1028 5626 1135 5677 444484ι
1162 5653 1189 5664 -
1216 5629 1257 5677 26.
1276 5628 1414 5675 iudicatam
1430 5626 1501 5674 estc
1530 5652 1556 5661 -
1583 5622 1744 5672 4444444444

418 5717 478 5767 sup.
498 5704 540 5754 lin.
569 5730 596 5739 -
628 5703 667 5752 48.
687 5708 746 5752 esset
762 5710 877 5752 mortuos
895 5704 929 5762 lt,
955 5709 1069 5751 mortuos
1085 5701 1157 5751 4440
1187 5728 1214 5738 -
1245 5702 1286 5751 29.
1305 5703 1461 5750 4444444444
1478 5699 1569 5749 DEG:
1596 5698 1742 5748 4444444444.

420 5779 497 5834 44844,
516 5778 654 5828 etiamnum
671 5779 705 5834 03
723 5780 872 5827 etiamtunc
890 5777 932 5827 ed.
952 5779 1100 5827 victoriano
1118 5780 1201 5836 recle,
1220 5781 1249 5827 ut
1266 5777 1371 5826 videtur
1388 5800 1415 5810 -
1435 5774 1476 5824 44.
1488 5774 1610 5823 moriendi
1627 5772 1702 5822 DEO
1714 5795 1742 5807 -

420 5853 511 5916 4444444]
530 5855 628 5915 quidem
646 5855 667 5902 b
687 5879 713 5889 -
738 5854 778 5903 32.
797 5854 863 5914 qood
880 5854 926 5903 EG
947 5876 974 5889 -
994 5853 1034 5903 33.
1052 5858 1211 5903 caroloman
1228 5853 1248 5903 C
1267 5851 1329 5915 (sed
1346 5853 1367 5901 G
1383 5850 1474 5911 acroi:
1502 5852 1586 5899 tomm
1601 5847 1696 5899 444440
1715 5869 1742 5883 -

420 5929 619 5979 mommo
647 5954 675 5966 -
702 5927 742 5979 34.
760 5928 826 5995 cum]
844 5928 1083 5994 quadonoco).
