4342 7459
803 1266 877 1332 cn.
899 1263 1099 1331 xmss-xv.
1124 1255 1172 1349 sp
1194 1260 1342 1329 ao-ae.
1672 1246 1735 1325 444

407 1430 487 1494 nibil
509 1436 559 1492 eat
580 1429 613 1491 in
635 1434 741 1490 nostra
763 1434 939 1510 potestate;
969 1433 1145 1491 est'autem
1167 1414 1341 1509 aliquid‘in
1364 1430 1475 1487 44444444
1495 1432 1673 1506 potestate:
1703 1434 1737 1489 at

408 1525 436 1588 ai
458 1525 566 1588 omnia
591 1521 657 1585 lato
680 1517 775 1594 liunt,
805 1522 911 1585 omnia
934 1522 1038 1586 causis
1060 1519 1320 1584 antecedentibus
1342 1516 1440 1582 liunt:
1467 1538 1532 1582 non
1553 1518 1650 1605 igitur
1670 1519 1735 1602 lato

407 1614 487 1680 liunt
510 1634 729 1699 quaecumque
751 1612 840 1679 liunt.
882 1611 935 1678 32.
956 1615 1025 1677 Hoc
1046 1615 1147 1678 artius
1167 1615 1321 1696 adstringi
1335 1614 1417 1676 ratio
1431 1633 1496 1677 non
1510 1621 1625 1695 potest
1657 1616 1736 1677 Nata

407 1712 434 1775 ai
457 1710 529 1793 qnia
550 1709 628 1772 velit
649 1708 735 1771 idem
756 1706 875 1772 relerre
896 1702 994 1793 atque
1016 1707 1059 1772 ila
1080 1709 1202 1771 dicere:
1227 1708 1280 1770 «Si
1302 1726 1395 1770 omna
1417 1707 1558 1771 loturum
1577 1728 1619 1771 ex
1635 1717 1736 1794 aeter·

407 1805 505 1867 nitate
531 1823 641 1866 verum
670 1810 735 1876 est,
764 1811 799 1865 ut
827 1805 870 1866 ita
900 1813 985 1867 certe
1012 1804 1153 1873 eveniat,
1181 1822 1276 1886 quem
1298 1802 1337 1864 ad
1359 1800 1490 1865 modum
1519 1801 1562 1865 ait
1583 1801 1761 1877 futurum,e

408 1899 514 1960 omnia
536 1917 667 1960 necesse
689 1905 738 1959 est
760 1897 974 1977 conligatione
997 1895 1133 1960 naturali
1148 1904 1292 1960 conserte
1308 1903 1520 1979 contexteque
1534 1892 1634 1970 lieris,
1657 1896 1736 1960 nibil

408 1992 501 2054 dicat.
536 1989 670 2054 Multum
693 1991 777 2054 enim
799 1991 919 2064 differt,
941 1998 1045 2053 utrum
1068 2009 1166 2055 causa
1187 1990 1340 2053 naturalis
1362 2010 1402 2053 ex
1423 1991 1609 2054 aeternitate
1630 1991 1738 2054 lutura

408 2104 482 2148 vera
504 2082 630 2159 efficiat,
651 2103 693 2147 an
716 2084 809 2147 etiam
833 2083 903 2147 sine
924 2083 1111 2147 aeternitate
1132 2084 1270 2147 naturali
1291 2083 1398 2148 lutura
1420 2103 1502 2166 quae
1524 2087 1588 2149 sint
1610 2105 1738 2149 cavera

408 2199 480 2243 esse
504 2181 631 2262 possint
656 2178 809 2260 intellegi.
853 2179 964 2261 ltaque
991 2176 1118 2241 dicebat
1140 2178 1318 2242 Carneades
1347 2200 1387 2241 ne
1409 2179 1586 2261 Apollinem
1609 2180 1736 2265 quidem

407 2274 515 2337 lutura
536 2293 631 2356 posse
653 2273 770 2345 dicere,
792 2272 855 2334 nisi
877 2290 925 2347 ea,
948 2291 1083 2355 quorum
1106 2291 1217 2336 causas
1240 2282 1353 2337 natura
1372 2273 1417 2335 ila
1438 2272 1628 2347 contineret,
1649 2283 1684 2337 ut
1699 2285 1773 2337 eaeo

407 2367 477 2430 lieri
499 2387 632 2430 necesse
654 2375 748 2429 esset.
792 2362 843 2427 33.
867 2365 953 2441 Quid
975 2367 1059 2429 enim
1082 2374 1230 2449 spectans
1245 2367 1323 2431 dens
1336 2368 1406 2449 ipse
1422 2366 1540 2430 diceret
1554 2368 1737 2432 Marcellum

333 2543 335 2546 Ι
408 2482 501 2535 eum,
531 2460 586 2543 qui
616 2469 665 2524 ter
692 2460 815 2523 consul·
831 2460 908 2534 luit,
936 2462 1071 2523 inmari
1095 2463 1386 2543 esseperituruml
1427 2462 1503 2526 Erat
1523 2460 1585 2524 boo
1607 2462 1738 2546 quidem

408 2574 521 2619 verum
549 2573 590 2616 ex
618 2555 819 2627 aeternitate,
850 2554 907 2617 aed
936 2573 1046 2618 causas
1074 2554 1107 2617 id
1137 2552 1305 2619 efficientia
1334 2576 1399 2619 non
1426 2556 1572 2620 babebat
1622 2558 1667 2619 lta
1696 2575 1737 2618 na

408 2648 578 2731 praeterita
604 2647 734 2731 quidem
762 2667 817 2721 ea,
847 2667 983 2731 qnorum
1011 2648 1102 2711 nulla
1128 2649 1218 2731 sigua
1246 2657 1408 2733 umquam
1430 2650 1562 2732 vestigia
1583 2657 1738 2724 extarent,

408 2742 551 2826 Apollini
573 2749 647 2804 nota
670 2760 740 2805 esse
762 2742 925 2816 censebat3
947 2762 1012 2827 qno
1033 2743 1139 2806 minus
1160 2742 1284 2806 iutural
1309 2745 1414 2807 causis
1429 2745 1513 2808 enim
1529 2741 1775 2809 efficientibuetc

410 2856 571 2920 quamque
599 2855 666 2900 rem
681 2837 830 2919 ¹cognitis
859 2855 956 2918 posee
984 2837 1126 2920 denique
1153 2838 1226 2901 sciri
1254 2837 1332 2921 quid
1354 2836 1494 2901 futurum
1516 2843 1611 2901 osset.
1654 2839 1739 2921 Ergo

408 2950 469 2993 nee
490 2929 532 2992 de
554 2928 720 3013 Oedipode
741 2932 883 3014 potuisse
905 2929 1086 3011 Apollinem
1107 2932 1301 3015 praedicere,
1323 2930 1420 2994 nullis
1441 2933 1475 2994 iu
1496 2952 1605 2998 rerum
1626 2939 1740 2994 natnra

409 3026 514 3090 causis
541 3025 733 3108 praepositis
760 3044 819 3087 eur
846 3026 886 3087 ab
914 3045 953 3089 eo
975 3034 1098 3107 patrem
1126 3023 1262 3088 interfici
1284 3045 1415 3089 neeesse
1438 3035 1539 3100 esset,
1569 3044 1629 3088 nec
1650 3024 1739 3107 quic·

410 3139 506 3202 quam
527 3121 596 3183 eiua
610 3117 707 3181 modi.
751 3119 820 3181 XV.
850 3118 1007 3193 Quocirca
1030 3120 1056 3181 si
1072 3119 1204 3193 Stoicis,
1234 3120 1290 3202 qui
1312 3120 1420 3183 omnia
1441 3120 1506 3183 lato
1528 3116 1596 3183 lieri
1619 3119 1738 3191 dicunt,

410 3221 659 3278 consentaneum
695 3220 745 3275 est
777 3212 871 3275 buius
905 3212 991 3276 modi
1027 3212 1135 3275 oracla
1162 3221 1348 3296 ceteraque,
1384 3231 1467 3297 quae
1494 3232 1513 3276 a
1543 3211 1777 3277 divinationem

409 3306 583 3381 ducuntur,
605 3306 814 3389 conprobare,
836 3308 875 3369 iis
898 3316 1014 3380 autem,
1038 3307 1092 3390 qui
1114 3326 1197 3390 qnae
1218 3305 1326 3370 lutura
1347 3316 1431 3381 suut,
1454 3327 1491 3371 ea
1506 3326 1581 3370 vera
1602 3324 1673 3369 esse
1696 3298 1738 3367 e'x

409 3397 599 3466 aeternitate
619 3401 736 3474 dimut,
758 3420 823 3463 non
845 3400 930 3463 idem
953 3400 1124 3464 dicendum
1145 3408 1212 3476 eat,
1233 3399 1307 3464 vide
1328 3421 1368 3464 ne
1390 3420 1456 3464 uon
1471 3401 1582 3465 eadem
1604 3400 1649 3463 ait·
1665 3399 1738 3463 illo·

410 3515 479 3558 rum
507 3514 604 3559 causa
631 3502 665 3558 at
691 3495 879 3558 Stoicorum.
929 3494 972 3558 Hi
1000 3494 1085 3557 enim
1111 3502 1264 3577 urgentur
1289 3497 1472 3578 angustius,
1499 3495 1626 3558 illorum
1656 3493 1737 3556 ratio

411 3590 516 3653 soluta
536 3608 573 3653 ae
595 3588 693 3652 libera
714 3597 771 3652 est.

494 3677 545 3743 3l.
570 3681 662 3757 Quod
685 3684 713 3746 si
735 3681 927 3746 concedatur
952 3681 1032 3745 nibil
1055 3700 1149 3766 posse
1170 3684 1300 3746 evenire
1320 3683 1383 3747 niai
1405 3697 1500 3750 eausa
1521 3682 1776 3756 inundantes

411 3777 489 3862 quid
510 3772 701 3860 proficiatur,
724 3778 750 3839 si
772 3795 811 3839 aa
832 3794 927 3840 cansa
949 3795 1015 3839 non
1036 3797 1077 3840 ex
1099 3778 1236 3841 aeternis
1256 3778 1360 3841 causis
1375 3785 1450 3859 apta
1464 3777 1609 3842 dicaturl
1637 3778 1739 3841 Causa

411 3881 516 3936 antem
540 3890 578 3934 ea
600 3878 663 3943 est,
686 3890 769 3954 quae
791 3870 822 3933 id
846 3869 958 3943 efficit,
980 3870 1071 3935 cuius
1093 3879 1142 3934 est
1163 3890 1276 3945 cansa,
1298 3879 1335 3935 nt
1355 3871 1470 3934 vulnus
1491 3871 1613 3947 mortis,
1635 3871 1740 3935 crudi·

411 3976 460 4031 tas
481 3965 601 4039 morbi,
623 3966 706 4047 iguis
727 3964 859 4031 ardoris.
896 3966 1006 4048 ltaque
1028 3985 1095 4029 non
1116 3966 1163 4029 sic
1185 3984 1280 4029 cansa
1302 3964 1444 4048 intellegi
1467 3963 1571 4039 debet,
1593 3973 1629 4028 ut
1651 3965 1739 4048 qnod

411 4060 528 4143 cuique
549 4060 728 4134 antecedat,
750 4060 783 4124 id
806 4059 835 4122 ei
858 4078 954 4122 eausa
976 4061 1031 4132 sit,
1053 4058 1109 4122 sed
1133 4060 1221 4143 qnod
1236 4060 1353 4143 cuique
1367 4056 1738 4137 efficienterantecedat3

411 4174 471 4218 nee
500 4153 586 4237 quod
613 4155 647 4216 in
673 4171 820 4236 campum
848 4153 1080 4226 descenderim,
1110 4152 1142 4216 id
1164 4153 1263 4216 luisse
1285 4171 1400 4216 musae
1422 4171 1479 4216 cur
1499 4152 1564 4236 pila
1586 4153 1776 4229 luderem,ac

411 4267 472 4311 nec
492 4248 654 4311 Hecubam
683 4266 810 4310 causam
838 4246 984 4310 interitus
1009 4246 1110 4310 luisse
1138 4246 1300 4320 Troiania,
1330 4243 1418 4329 quod
1444 4246 1659 4311 Alexandrum
1687 4268 1741 4332 ge·

412 4344 530 4417 nuerit,
554 4361 612 4405 nec
634 4341 835 4426 Tyndareum
858 4341 1099 4422 Agamemnoni,
1122 4338 1207 4423 quod
1231 4340 1522 4423 Clytaemnestram.
1564 4340 1634 4405 Hoc
1656 4344 1740 4407 enim

413 4436 509 4499 modo
531 4436 633 4499 viator
654 4455 783 4519 quoque
805 4435 885 4497 bene
908 4436 1041 4497 vestitus
1063 4454 1159 4497 causa
1180 4434 1351 4515 grassatori
1373 4433 1470 4496 luisse
1492 4433 1616 4497 dicetur
1630 4455 1687 4499 cur
1700 4436 1739 4499 ab

414 4551 453 4593 eo
474 4530 671 4615 spoliaretur.
715 4526 766 4591 35.
788 4531 838 4592 Ex
858 4530 918 4592 boe
941 4549 1058 4611 genere
1083 4528 1162 4592 illud
1183 4536 1233 4591 eat
1252 4528 1354 4590 Enni:

480 4809 503 4859 l.
522 4808 557 4858 ed
572 4810 612 4865 At,
631 4821 663 4858 ec
679 4806 738 4858 cod.
753 4806 819 4858 Gud.
835 4831 861 4842 —
881 4806 905 4858 3.
924 4820 1094 4869 quemque
1110 4820 1170 4871 sup.
1183 4804 1228 4858 lin.
1242 4819 1278 4856 m.
1291 4819 1348 4857 sec.
1361 4805 1455 4857 addit
1476 4830 1502 4843 -
1521 4806 1582 4857 Aeac
1598 4807 1658 4857 cod.
1672 4806 1738 4859 Gud.

414 4883 435 4933 0
454 4908 481 4918 -
500 4879 692 4946 bennopolim
707 4879 745 4944 1³¹,
763 4882 858 4947 conlep.
871 4882 903 4931 44
918 4909 942 4919 -
962 4888 1091 4933 consertae
1106 4887 1284 4944 ecclesiaeque
1298 4884 1319 4931 A
1333 4908 1359 4918 -
1379 4882 1404 4932 7.
1417 4881 1484 4933 4444444
1500 4886 1630 4933 mutatum
1644 4883 1670 4932 in
1682 4883 1741 4933 dicit

413 4960 482 5009 A-
500 4958 631 5008 4444444444
646 4958 678 5006 4Ι
706 4984 732 4994 -
762 4958 787 5008 8.
806 4958 882 5007 tort:
905 4958 957 5008 4444
976 4970 1055 5008 coneo
1076 4958 1191 5008 4444444444
1213 4970 1246 5007 ea
1266 4956 1414 5007 4444444444
1443 4984 1469 4994 -
1500 4956 1525 5007 a,
1542 4958 1646 5022 intelligi
1667 4959 1687 5009 0
1711 4985 1738 4995 -

414 5034 566 5096 appollinem
582 5034 601 5082 B
622 5060 648 5068 -
677 5032 718 5083 40.
733 5046 806 5095 porse
821 5034 903 5083 dicere
923 5033 950 5083 in
967 5045 1052 5096 marg.
1070 5032 1133 5083 add.
1152 5037 1171 5082 A
1197 5058 1225 5070 -
1253 5032 1293 5083 43.
1311 5045 1391 5082 causo
1406 5033 1428 5082 44
1444 5033 1576 5096 deficientia
1592 5035 1628 5093 A,
1651 5045 1743 5084 4444444

415 5107 615 5170 ddeetldenlis
631 5108 666 5168 B,
684 5121 774 5158 coarat
788 5109 838 5172 Ade
850 5109 964 5174 44444444,
982 5107 1031 5158 sed
1048 5108 1122 5171 prius
1137 5108 1152 5170 1
1165 5119 1246 5158 manu
1264 5106 1323 5158 ead.
1337 5105 1390 5158 del
1403 5107 1426 5157 V
1439 5134 1465 5143 -
1486 5107 1525 5159 ll.
1539 5111 1743 5171 quammultis

415 5184 446 5242 A,
465 5194 572 5243 quornm
588 5183 634 5232 illo
651 5184 670 5232 B
691 5210 718 5220 -
738 5185 778 5233 45.
797 5196 847 5246 pree
864 5184 901 5233 C:
920 5189 1016 5248 poento
1032 5181 1111 5234 codd.
1130 5182 1260 5247 iulerp.0
1279 5208 1307 5220 -
1327 5183 1367 5233 46.
1386 5183 1452 5245 pand
1468 5196 1538 5234 corr.
1557 5184 1584 5233 ln
1600 5185 1661 5244 quid
1676 5187 1698 5235 A
1712 5210 1739 5222 -

415 5257 456 5306 l'l.
475 5269 506 5306 ne
521 5257 552 5305 de
568 5257 691 5321 Oedipode
706 5258 805 5319 pelidem
826 5257 927 5310 mavult
943 5257 1016 5308 Klotz
1041 5283 1069 5294 -
1096 5257 1135 5307 48.
1154 5270 1282 5320 4444444444
1302 5269 1372 5309 corr.
1390 5259 1417 5308 in
1434 5261 1569 5322 quicquan
1585 5259 1628 5309 AV
1647 5287 1675 5297 -
1700 5261 1740 5311 444.

417 5331 739 5393 camena-Annonem
756 5334 783 5384 ln
799 5345 884 5398 marg.
903 5331 989 5398 suppl.
1008 5333 1034 5383 in
1052 5332 1074 5383 V
1093 5355 1120 5368 -
1144 5332 1185 5384 20.
1203 5333 1310 5383 macab
1326 5333 1346 5383 0
1366 5359 1392 5369 -
1416 5346 1433 5382 a
1450 5334 1602 5385 divinatione
1617 5336 1744 5386 lacunae

415 5406 520 5471 iladvig
544 5409 582 5471 (in
600 5407 693 5460 litteris
711 5409 744 5458 ad
763 5407 894 5460 llalminm
912 5408 1008 5468 datlsl:
1034 5408 1069 5457 4444
1090 5407 1269 5458 Aetnensem
1290 5408 1503 5471 (444444444444444444
1516 5410 1551 5470 Β)
1572 5412 1690 5460 4444444444
1711 5411 1740 5471 C,

416 5482 451 5532 ed
466 5483 647 5534 diuinationem
661 5486 785 5547 pertinere
800 5485 919 5534 4444444444
935 5482 995 5533 cod.
1014 5480 1108 5533 Saliab.
1127 5485 1154 5533 el
1170 5482 1191 5532 0
1209 5506 1237 5520 -
1260 5483 1302 5533 34.
1319 5484 1394 5536 elac
1415 5511 1442 5522 -
1468 5484 1509 5535 23.
1526 5490 1667 5550 opacam
1682 5486 1741 5536 A¹b

419 5583 444 5595 -
465 5558 588 5621 cnputiie
604 5560 666 5619 AB,
689 5564 810 5622 nepotes
826 5556 857 5606 4ι
883 5585 911 5596 -
941 5557 982 5609 ld.
1001 5558 1102 5608 4444444444
1117 5555 1235 5623 4344444434
1258 5558 1403 5610 damari}
1431 5586 1458 5597 -
1486 5558 1528 5608 28.
1546 5560 1615 5623 lpner
1631 5557 1689 5610 A²B
1713 5585 1739 5594 -

416 5631 458 5683 29.
476 5634 754 5696 emendatumque
769 5632 922 5699 suppletum
939 5634 966 5683 ln
983 5645 1067 5696 marg.
1087 5633 1113 5682 in
1130 5636 1151 5683 A
1170 5658 1196 5668 -
1216 5631 1331 5685 eiA²llz
1350 5639 1373 5684 et
1389 5632 1451 5684 A¹v
1470 5660 1497 5670 -
1519 5632 1657 5697 efficientur
1673 5634 1703 5685 44ι
1711 5632 1742 5680 41

419 5733 446 5745 -
470 5709 617 5759 antecedent
632 5708 704 5760 444ι
723 5735 750 5746 -
772 5708 814 5759 344.
831 5721 863 5758 ne
878 5709 945 5770 quod
960 5708 1022 5759 A¹V
1041 5734 1068 5745 -
1091 5707 1258 5759 44444444444444
1274 5708 1305 5757 41
1323 5734 1352 5745 -
1375 5708 1511 5758 Auderem
1527 5712 1549 5759 A
1567 5734 1595 5745 -
1621 5707 1662 5758 34.
1681 5708 1742 5758 bee-

416 5780 544 5831 4444444
564 5810 591 5820 -
614 5784 729 5834 cameli
751 5809 776 5819 -
795 5784 904 5834 44444444
919 5783 952 5833 4ι
971 5809 1000 5821 -
1023 5781 1064 5833 33,
1082 5784 1219 5832 mutem
1235 5783 1264 5840 B.
1283 5783 1347 5834 ltem
1363 5783 1417 5846 AV,
1435 5783 1483 5835 sed
1500 5785 1527 5834 ln
1543 5795 1596 5833 ras.
1614 5782 1743 5846 scriplum

419 5882 447 5896 -
471 5856 596 5907 dice-laer
611 5860 644 5921 A,
668 5858 830 5909 4444444444
850 5884 877 5894 -
901 5856 943 5909 34.
960 5857 1054 5923 perell
1074 5883 1102 5895 -
1125 5857 1202 5907 Ennii
1218 5853 1327 5909 a¹v¹0.

458 5946 641 5999 omenta.
1448 5948 1489 6015 37
