4342 7459
713 1281 781 1345 ni.
801 1278 843 1345 n.
870 1279 944 1345 en.
965 1279 1160 1345 xv-xvr.
1187 1274 1235 1362 ss
1256 1273 1406 1343 ro-sr.
1696 1268 1737 1337 ro

410 1453 620 1526 internoscat,
648 1469 724 1514 vera
751 1450 807 1514 illa
833 1450 901 1514 visa
930 1449 995 1512 sint
1021 1467 1104 1511 anne
1130 1448 1226 1524 falsa,
1255 1449 1311 1513 sed
1336 1448 1426 1513 utin
1448 1446 1489 1512 iis
1511 1444 1591 1510 nihil
1613 1443 1740 1508 intersit

410 1545 564 1610 omnino?
595 1552 632 1608 ut
659 1545 687 1608 si
714 1544 773 1629 qui
799 1550 971 1608 tremerent
1000 1551 1032 1606 et
1059 1541 1312 1618 exalbescerent,
1345 1542 1396 1606 vel
1425 1543 1488 1626 ipsi
1515 1561 1573 1625 per
1595 1560 1629 1604 se
1651 1545 1739 1603 motu

409 1640 525 1704 mentis
551 1638 681 1722 aliquo,
712 1638 764 1701 vel
792 1637 916 1702 obiecta
944 1635 1077 1700 terribili
1098 1655 1133 1698 re
1155 1638 1371 1712 extrinsecus,
1398 1635 1478 1699 nihil
1498 1642 1535 1699 ut
1556 1640 1657 1709 esset,
1685 1631 1741 1715 qui

408 1734 659 1817 distingueretur
679 1741 798 1795 tremor
818 1731 873 1793 ille
896 1738 927 1794 et
948 1730 1069 1813 pallor,
1093 1749 1199 1813 neque
1221 1737 1258 1794 nt
1278 1730 1449 1815 quicquam
1470 1730 1638 1794 interesset
1657 1727 1742 1790 inter

407 1827 597 1891 intestinum
627 1832 660 1890 et
688 1826 837 1891 oblatum.
873 1826 1053 1897 Postremo,
1081 1823 1108 1885 si
1138 1823 1226 1886 nulla
1247 1824 1315 1887 visa
1340 1830 1415 1887 sunt
1435 1824 1629 1907 probabilia,
1659 1827 1765 1905 quaet

406 1921 490 1985 salsa
511 1922 592 1996 sint,
615 1920 679 1985 alia
700 1920 781 1983 ratio
804 1926 861 1982 cst
897 1919 953 1981 Sin
975 1925 1080 1981 autem
1097 1924 1185 1992 sunt,
1208 1938 1264 1981 cur
1281 1938 1346 1981 non
1362 1912 1458 1982 etiarn
1473 1937 1556 2002 quae
1570 1938 1637 1982 non
1650 1914 1743 1978 facile

407 2015 689 2081 internoscantur?
722 2033 781 2077 cur
808 2033 873 2077 non
901 2019 938 2075 ut
964 2012 1058 2097 plane
1084 2010 1164 2074 nihil
1191 2010 1340 2074 intersiti
1372 2012 1559 2095 praesertim
1587 2031 1659 2074 cum
1681 2007 1743 2093 ipsi

409 2107 524 2172 dicatis
546 2108 723 2193 sapientem
745 2107 779 2170 in
800 2105 907 2172 lurore
930 2106 1087 2170 sustinere
1109 2126 1144 2169 sc
1166 2104 1206 2168 ab
1230 2106 1315 2169 omni
1336 2106 1484 2183 adsensu,
1507 2105 1583 2191 quia
1604 2104 1693 2168 nulla
1709 2104 1743 2166 in

407 2202 488 2266 risis
511 2202 676 2266 dictinctio
698 2210 860 2286 appareat.

493 2297 579 2360 xvi.
601 2292 653 2359 49.
681 2297 729 2359 Ad
756 2296 815 2359 has
842 2313 953 2358 omnes
973 2294 1115 2358 visiones
1138 2293 1250 2358 inanes
1271 2292 1445 2359 Antiochus
1468 2293 1599 2380 quidem
1621 2300 1654 2359 et
1673 2296 1782 2379 per-⁴⁰

407 2391 509 2455 multa
539 2391 665 2456 dicebat
692 2398 724 2454 et
752 2397 819 2454 erat
841 2391 881 2452 de
903 2388 962 2453 hac
983 2408 1048 2452 una
1069 2409 1103 2452 re
1126 2388 1219 2452 unius
1242 2388 1305 2452 diei
1328 2388 1518 2472 disputatio:
1540 2389 1618 2454 mihi
1640 2394 1745 2452 autem

407 2504 477 2548 non
498 2484 584 2548 idem
605 2483 789 2548 faciundum
811 2491 907 2566 puto,
929 2482 986 2546 scd
1008 2482 1078 2567 ipsa
1100 2482 1205 2564 capita
1227 2479 1371 2545 dicenda.
1399 2484 1440 2546 Et
1461 2484 1599 2567 primum
1615 2483 1745 2568 quidem

408 2578 472 2642 hoc
493 2578 803 2661 reprehendendum,
828 2577 914 2661 qnod
937 2576 1170 2660 captiosissimo
1193 2595 1309 2659 genere
1331 2577 1586 2661 interrogationis
1605 2583 1746 2651 utuntur,

409 2670 498 2755 quod
520 2690 621 2754 genus
644 2673 773 2736 minime
795 2672 829 2735 in
852 2669 1057 2755 philosophia
1077 2669 1206 2753 probari
1227 2669 1324 2745 solet,
1347 2691 1418 2734 cum
1433 2670 1554 2756 aliquid
1570 2670 1747 2736 minutatim

410 2774 443 2829 et
464 2765 618 2849 gradatim
642 2766 772 2830 additur
792 2773 848 2829 aut
869 2764 1017 2828 demitur.
1061 2764 1223 2828 Soritas
1252 2763 1313 2828 hoc
1335 2772 1467 2840 vocant,
1497 2766 1575 2850 quia
1600 2771 1785 2831 acerrumtt

411 2857 555 2925 efficiunt
576 2880 642 2925 nno
665 2860 775 2924 addito
797 2878 906 2943 grano.
940 2859 1098 2922 Vitiosum
1121 2876 1197 2921 sane
1219 2865 1250 2921 et
1264 2859 1443 2941 captiosum
1459 2860 1577 2943 genusl
1601 2860 1647 2924 sic
1662 2858 1747 2922 enim

410 2953 626 3019 adscenditis:
657 2955 690 3017 Si
720 2953 782 3017 tale
804 2954 908 3017 risum
932 2951 1090 3015 obiectum
1113 2958 1161 3015 est
1182 2971 1200 3014 a
1223 2952 1284 3015 deo
1307 2952 1492 3029 dormienti,
1520 2959 1557 3018 ut
1582 2952 1747 3039 probabile

411 3048 469 3124 sit,
497 3068 555 3111 cur
581 3068 647 3112 non
676 3048 771 3112 etiarn
800 3052 837 3109 ut
857 3044 950 3109 valde
972 3045 1039 3109 veri
1062 3044 1188 3108 similet
1217 3065 1274 3108 cur
1295 3046 1410 3110 deinde
1432 3067 1498 3110 non
1518 3054 1555 3113 ut
1576 3045 1749 3111 difficiliter

410 3162 528 3208 arero
549 3143 803 3207 internoscatur?
834 3140 950 3204 deinde
972 3145 1069 3203 utne
1093 3140 1324 3203 internoscatur
1346 3139 1498 3225 quidemt
1529 3149 1690 3226 postremo
1712 3148 1748 3205 ut

410 3236 493 3300 nihil
520 3237 605 3300 inter
632 3236 694 3300 hoc
726 3244 758 3300 et
785 3233 864 3299 illud
896 3234 1040 3298 intersiti
1080 3232 1152 3295 Huc
1173 3231 1200 3295 si
1228 3234 1430 3315 perveneris,
1457 3255 1508 3299 me
1530 3236 1588 3300 tibi
1611 3236 1786 3320 primumtt

410 3329 557 3414 quidque
578 3329 790 3404 concedente,
813 3348 918 3392 meum
939 3328 1051 3391 vitium
1072 3325 1185 3390 suerit:
1210 3328 1259 3390 sin
1282 3328 1352 3411 ipse
1374 3336 1430 3392 tua
1451 3335 1567 3413 sponte
1585 3348 1748 3414 processe·

410 3426 471 3501 ris,
501 3433 601 3489 tuum.
645 3421 698 3486 50.
721 3422 799 3499 Quis
828 3424 912 3485 enim
942 3422 999 3486 tibi
1028 3422 1152 3485 dederit
1180 3429 1236 3483 aut
1265 3422 1372 3485 omnia
1393 3422 1489 3487 deum
1510 3444 1606 3507 posse
1628 3429 1684 3488 aut
1704 3423 1748 3486 ita

410 3518 570 3583 facturum
593 3539 680 3593 esse,
703 3517 730 3582 si
752 3517 879 3600 possiti
902 3536 967 3599 quo
989 3516 1083 3580 modo
1106 3521 1211 3579 autem
1232 3516 1348 3590 sumis,
1370 3524 1420 3594 ut,
1442 3519 1470 3581 si
1485 3517 1564 3602 quid
1578 3518 1629 3581 cui
1644 3514 1747 3581 simile

412 3632 484 3678 esse
506 3614 623 3697 possit,
646 3618 799 3696 sequatur
821 3618 856 3673 ut
878 3609 975 3673 etiam
998 3605 1169 3672 difficiliter
1190 3608 1362 3673 internosci
1377 3612 1503 3694 possitt
1524 3611 1640 3675 deinde
1655 3616 1692 3674 nt
1705 3629 1746 3675 ne

411 3707 586 3773 internosci
608 3704 765 3791 quidem?
787 3712 946 3787 postremo
968 3712 1005 3766 ut
1026 3703 1137 3766 eadem
1159 3702 1244 3767 sintt
1267 3711 1316 3780 ut,
1338 3705 1367 3768 si
1382 3705 1448 3790 lupi
1464 3705 1594 3770 canibus
1613 3704 1787 3779 similes,so

412 3801 543 3866 cosdem
572 3800 661 3864 dices
687 3798 728 3862 ad
750 3806 938 3862 extremum.
979 3797 1019 3860 Et
1041 3796 1170 3881 quidem
1191 3797 1333 3862 honestis
1355 3798 1472 3863 similia
1493 3807 1568 3864 sunt
1588 3798 1744 3885 quaedam

411 3916 477 3961 non
504 3897 641 3960 honesta
669 3901 701 3956 et
727 3893 820 3956 honis
845 3911 911 3955 non
938 3891 1024 3955 bona
1045 3895 1078 3953 ct
1104 3887 1280 3955 artificiosis
1302 3893 1431 3956 minime
1453 3890 1639 3960 artificiosa:
1666 3894 1744 3980 quid

411 3990 594 4055 dubitamus
624 3986 722 4071 igitur
747 3982 913 4049 adfirmare
940 3984 1019 4048 nihil
1045 3981 1130 4049 inter
1153 3985 1232 4049 haec
1253 3986 1432 4051 interesset
1466 3989 1514 4053 Ne
1535 3989 1745 4074 repugnantia

412 4083 544 4169 quidem
566 4079 734 4145 ridemus?
762 4079 842 4143 nihil
873 4085 923 4143 est
949 4079 1050 4154 enim,
1078 4078 1165 4163 qnod
1187 4078 1228 4142 de
1250 4099 1308 4144 suo
1333 4101 1449 4164 genere
1476 4081 1509 4144 in
1531 4082 1620 4146 aliud
1642 4102 1744 4166 genus

413 4176 575 4241 transferri
606 4176 718 4257 possit.
761 4175 803 4237 At
829 4174 855 4236 si
882 4170 1074 4248 efficeretur,
1103 4180 1139 4235 ut
1164 4173 1247 4235 inter
1268 4174 1335 4237 visa
1357 4175 1570 4239 differentium
1592 4187 1781 4260 generumso

413 4271 492 4334 nihil
514 4270 697 4342 interesset,
720 4267 935 4351 reperirentur
956 4286 1039 4351 quae
1061 4274 1093 4329 et
1118 4266 1151 4328 in
1174 4286 1233 4329 suo
1255 4287 1371 4350 genere
1394 4275 1500 4333 essent
1521 4277 1552 4333 et
1573 4270 1607 4333 in
1628 4273 1744 4336 alieno.

414 4364 508 4441 Quod
537 4360 607 4426 lieri
636 4364 692 4446 qui
721 4364 850 4445 potest?
894 4356 945 4424 5t.
968 4361 1117 4424 Omnium
1141 4361 1257 4422 deinde
1278 4361 1422 4425 inanium
1443 4364 1583 4428 visorum
1604 4385 1668 4429 una
1689 4366 1745 4429 dc-

414 4458 519 4542 pulsio
541 4462 607 4531 est,
636 4456 703 4519 sive
729 4454 786 4518 illa
807 4454 998 4538 cogitatione
1020 4453 1245 4528 informantur,
1276 4456 1361 4539 qnod
1386 4454 1453 4519 [ieri
1475 4458 1578 4522 solere
1600 4459 1745 4523 concedi·

413 4572 501 4627 mus,
523 4551 593 4614 sire
614 4549 649 4611 in
672 4549 780 4632 quiete
802 4549 869 4612 sive
891 4569 950 4631 per
964 4550 1071 4612 vinum
1094 4549 1160 4612 sive
1179 4569 1237 4631 per
1250 4548 1416 4613 insaniam.
1451 4552 1529 4614 Nam
1544 4553 1584 4615 ab
1600 4553 1745 4617 omnibus

415 4643 559 4708 ciusdem
581 4642 669 4706 modi
691 4642 768 4705 visis
790 4642 1064 4726 perspicuitatem,
1087 4661 1181 4726 quam
1203 4642 1360 4707 mordicus
1382 4651 1491 4708 tenere
1507 4646 1669 4721 debemus,
1692 4646 1781 4710 ais-u

415 4759 485 4803 esso
508 4737 661 4801 dicemus.
698 4735 776 4811 Quis
799 4736 899 4810 enim,
923 4757 993 4799 cum
1015 4735 1075 4798 sibi
1097 4735 1188 4818 fingit
1208 4735 1330 4819 aliquid
1346 4743 1378 4800 ct
1392 4739 1582 4821 cogitatione
1597 4742 1745 4825 depingit,

414 4853 496 4909 non,
518 4830 615 4896 simul
636 4849 674 4894 ac
695 4850 730 4894 se
752 4830 822 4913 ipse
844 4830 1015 4894 commovit
1036 4839 1134 4913 atque
1157 4830 1197 4893 ad
1219 4850 1254 4893 se
1276 4832 1454 4908 revocavit,
1482 4834 1578 4897 sentit
1599 4835 1676 4918 quid
1698 4836 1746 4897 in-

480 5080 803 5135 t.otsansratlleO-
822 5081 897 5131 iisr:
915 5081 1020 5131 hirco
1041 5108 1067 5118 -
1093 5082 1118 5131 ἲ.
1137 5082 1274 5145 οιΔευρ.
1293 5079 1338 5132 lin.
1359 5077 1578 5133 -motusB¹-
1597 5084 1622 5135 3.
1640 5085 1749 5137 terribile

416 5160 447 5209 A¹
465 5186 493 5196 -
511 5162 540 5209 ut
557 5156 653 5207 ethoc
670 5160 771 5219 etseq.
790 5168 871 5206 versu
888 5153 978 5206 delere
997 5152 1114 5205 malebat
1131 5154 1224 5206 Lamb.
1244 5182 1272 5192 -
1292 5154 1316 5207 l.
1335 5156 1436 5207 interl
1455 5171 1513 5223 sup.
1527 5156 1572 5210 lin.
1585 5160 1674 5220 habet,
1692 5174 1747 5211 om.

416 5233 590 5298 ΗΜ
605 5232 751 5283 luterum
766 5231 807 5294 13¹)
826 5258 853 5269 -
872 5232 896 5282 5.
914 5232 972 5280 uiso
987 5231 1036 5279 siut
1053 5231 1085 5280 A*
1102 5255 1129 5265 —
1158 5232 1198 5281 10.
1217 5237 1240 5281 ct
1257 5244 1310 5281 om.
1330 5245 1345 5279 v
1366 5259 1393 5269 -
1412 5234 1452 5283 tt.
1471 5234 1501 5283 dc
1517 5235 1750 5286 (ΜΒ-1111-

416 5306 631 5375 tsrropnttouait
652 5333 678 5343 -
698 5304 737 5357 ri.
757 5307 782 5354 in
799 5305 863 5356 AB:
883 5304 939 5354 ov
958 5331 985 5340 -
1003 5303 1127 5366 proberis
1143 5305 1203 5354 rotet
1220 5317 1295 5365 quom
1311 5306 1341 5356 Bt
1359 5306 1437 5370 (solet.
1457 5307 1518 5358 Cum
1531 5347 1537 5359 .
1550 5347 1555 5359 .
1569 5310 1688 5371 duntur,
1707 5324 1750 5360 so-

416 5384 479 5435 ritas
495 5383 614 5435 distinxit
631 5380 736 5444 nevies)
755 5407 782 5417 -
804 5382 843 5430 15.
862 5380 908 5429 hoc
924 5382 972 5444 (sc.
991 5383 1083 5443 genus)
1103 5382 1136 5431 C:
1156 5381 1199 5431 hos
1216 5383 1249 5438 0;
1270 5382 1303 5433 ci.
1323 5382 1391 5446 5⁹²·
1407 5410 1434 5420 -
1454 5384 1514 5446 quia
1531 5382 1688 5435 Lambinus:
1708 5385 1751 5447 qui

417 5460 437 5510 C
456 5486 484 5497 -·
504 5459 544 5510 ss.
562 5458 690 5509 malms
706 5457 736 5507 1³¹
756 5481 783 5493 -
804 5456 843 5506 19.
862 5469 896 5505 on
912 5468 973 5505 uero
991 5454 1020 5504 Β1
1040 5482 1066 5491 -
1086 5458 1127 5507 tt.
1146 5457 1260 5519 quodque
1276 5458 1380 5508 Ernesti
1401 5485 1423 5495 ·-
1445 5458 1588 5510 concedente
1603 5473 1660 5510 cum
1677 5454 1707 5510 lt¹
1721 5485 1748 5495 -

416 5531 457 5584 st.
474 5534 609 5584 Μανῆ
626 5532 703 5596 dtme.
716 5531 789 5582 hor
808 5557 834 5567 -
851 5531 946 5593 possint
963 5532 1060 5581 Davies
1080 5557 1107 5567 -
1132 5531 1226 5594 dende]
1244 5546 1291 5582 cur
1309 5548 1359 5583 non
1376 5535 1443 5584 coni.
1463 5532 1554 5583 Lamb.
1575 5561 1601 5570 -
1627 5536 1669 5584 25.
1687 5534 1751 5583 idern

417 5609 447 5659 li²
465 5636 492 5647 -
516 5610 566 5660 sint
585 5606 687 5672 aliquot
708 5604 787 5657 codd.
806 5606 918 5656 Davisii:
941 5606 973 5655 sit
990 5607 1009 5655 C
1029 5633 1056 5642 -
1081 5610 1109 5654 ut
1125 5606 1170 5654 Vt:
1193 5608 1253 5656 ctC
1274 5632 1301 5641 —
1325 5608 1373 5657 siut
1389 5608 1479 5657 nutiles
1495 5606 1598 5670 hamb„
1622 5610 1677 5658 sim.
1696 5613 1753 5658 suut

418 5681 489 5734 Klots
515 5697 578 5736 enm
598 5681 730 5747 Hadvtglo
753 5681 787 5733 ud
809 5683 863 5731 Cic.
882 5680 916 5730 de
933 5680 997 5731 tinn.
1015 5696 1042 5747 p.
1061 5683 1119 5732 531.
1140 5709 1167 5718 -
1186 5683 1227 5733 26.
1246 5684 1341 5734 cosdem
1357 5684 1388 5734 ΒΞ
1404 5686 1431 5733 et
1447 5684 1469 5733 V
1487 5695 1570 5732 corn:
1589 5683 1674 5732 codem
1689 5683 1708 5733 C
1723 5709 1750 5718 —

418 5758 458 5808 ti.
475 5770 525 5821 oso
541 5758 572 5810 ds
587 5757 626 5809 Bt.
653 5756 693 5808 De
716 5757 929 5822 interpunctione
953 5758 1032 5807 totius
1049 5755 1100 5807 loci
1118 5771 1143 5806 v.
1162 5757 1336 5820 Madvigium,
1360 5757 1405 5821 qui
1428 5770 1454 5823 p.
1474 5758 1517 5807 1111
1539 5758 1644 5819 egregie
1662 5759 1753 5807 contra

420 5835 594 5885 Goerenzlurn
614 5831 767 5899 disputarit.
791 5858 818 5867 -
840 5831 880 5881 30.
898 5837 978 5893 posset
997 5831 1095 5882 AB¹V¹
1114 5858 1141 5867 -
1161 5832 1202 5883 33.
1219 5833 1363 5895 formantur
1379 5833 1410 5882 At
1428 5858 1454 5868 -
1474 5829 1514 5880 35.
1533 5832 1585 5882 sius
1601 5832 1668 5880 modi
1685 5832 1705 5881 E
1725 5857 1752 5868 -

417 5905 764 5972 metm-abssas
789 5907 901 5957 dromus
924 5907 988 5970 (sic)
1011 5907 1089 5956 affert
1110 5907 1210 5957 Nonius
1234 5921 1260 5972 p.
1279 5906 1340 5968 ⁴39,
1365 5907 1395 5956 ut
1419 5918 1452 5956 ex
1471 5903 1538 5955 libro
1564 5906 1596 5956 111
1623 5903 1705 5957 head.
1726 5931 1753 5942 -

419 5980 460 6034 27·
476 5984 530 6050 bu
544 5997 600 6040 om.
616 5985 641 6043 Δ
659 6008 689 6029 ι·
709 5983 861 6037 comsit
876 5987 952 6045 doru
967 5982 1002 6033 od
1017 5995 1067 6034 sess
1083 5982 1152 6032 coni.
1171 5980 1263 6032 hamb.
