4342 7459
713 1259 781 1323 lua.
802 1260 855 1322 iv.
884 1258 958 1323 (lar.
979 1260 1198 1324 xix-xxi.
1223 1258 1270 1345 §§
1292 1257 1435 1325 tta-59.
1673 1257 1735 1324 toa

410 1433 604 1514 repugnante
624 1435 735 1491 natura
757 1427 853 1491 verba
873 1447 998 1491 versare
1027 1429 1134 1511 coepit
1166 1436 1198 1494 et
1225 1430 1362 1513 primum
1383 1430 1478 1494 rebus
1499 1430 1554 1505 iis,
1576 1450 1655 1515 quas
1676 1450 1735 1494 nos

410 1524 509 1586 bonas
539 1521 688 1597 dicimus,
718 1522 875 1585 concessit
903 1529 938 1585 nt
966 1522 1156 1586 haberentur
1184 1532 1275 1607 aptae
1304 1520 1449 1607 [habiles]
1474 1533 1507 1587 et
1527 1524 1566 1588 ad
1589 1533 1734 1588 naturam

410 1614 679 1692 accommodatae,
701 1616 856 1699 faterique
878 1616 984 1698 coepit
1004 1616 1157 1699 sapienti,
1179 1618 1240 1681 boc
1263 1626 1313 1680 est
1333 1637 1456 1682 summe
1471 1619 1574 1694 beato,
1596 1639 1735 1682 commo·

411 1712 483 1775 dius
505 1717 610 1773 mmen
632 1728 718 1784 csse,
739 1711 766 1774 si
789 1728 978 1792 eaquoque
1001 1710 1131 1784 habeat,
1154 1731 1238 1795 qnae
1260 1711 1344 1774 bona
1366 1732 1431 1775 non
1453 1712 1548 1776 audet
1563 1711 1734 1796 appellare,

411 1814 542 1869 naturae
564 1802 800 1867 accommodata
822 1822 892 1865 esse
916 1803 1078 1878 concedit,
1101 1812 1259 1887 negatque
1280 1804 1456 1879 Platonem,
1478 1806 1505 1868 si
1528 1806 1653 1890 sapiens
1667 1816 1757 1869 nont

411 1900 466 1973 sit,
490 1896 599 1960 eadem
623 1917 693 1960 esse
715 1898 748 1960 in
770 1916 865 1959 causa
888 1916 951 1979 qna
973 1905 1140 1979 tyrannum
1162 1898 1364 1981 Dionysium:
1385 1899 1461 1970 huic
1482 1900 1562 1962 mori
1580 1900 1734 1982 optimum

411 2012 481 2056 esse
503 1997 634 2074 propter
656 1990 910 2073 desperationem
933 1991 1123 2073 sapientiae,
1147 1991 1192 2054 illi
1215 2000 1346 2075 propter
1359 2014 1448 2076 spem
1463 1995 1582 2067 vivere3
1605 1998 1735 2074 peccata

410 2094 515 2150 autem
537 2085 650 2167 partim
674 2104 744 2147 esse
768 2083 959 2157 tolerabilia,
989 2086 1101 2165 partim
1127 2084 1348 2161 nullomodo,
1375 2093 1541 2170 propterea
1563 2086 1650 2168 quod
1672 2085 1735 2149 alia

410 2185 536 2263 peccata
563 2178 685 2260 plnres,
716 2177 778 2239 alia
808 2177 974 2259 pauciores
1004 2179 1095 2259 quasi
1124 2199 1272 2242 numeros
1294 2179 1389 2243 officii
1417 2181 1642 2265 praeterirent;
1672 2179 1734 2242 iam

410 2272 596 2353 insipientes
626 2271 706 2334 alios
736 2271 779 2333 ita
802 2291 888 2343 esse,
919 2278 954 2332 ut
980 2271 1068 2333 nullo
1091 2272 1244 2335 modoad
1267 2274 1453 2354 sapientiam
1475 2282 1604 2357 possent
1624 2282 1773 2357 perne-tt

410 2366 494 2440 nire,
523 2364 619 2442 alios,
647 2365 702 2448 qui
724 2371 869 2447 possent,
902 2364 929 2426 si
951 2364 982 2427 id
1006 2364 1164 2446 egissent,
1191 2366 1377 2448 sapientiam
1399 2367 1562 2450 consequi.
1605 2364 1655 2430 57.
1676 2366 1737 2429 llic

409 2459 596 2542 loquebatur
622 2458 714 2522 aliter
739 2465 836 2542 atque
866 2476 992 2531 omnes,
1022 2458 1176 2521 sentiebat
1204 2458 1288 2523 idem
1319 2460 1404 2544 quod
1427 2462 1533 2524 ceteri.
1573 2463 1638 2524 Nec
1660 2479 1735 2524 vero

409 2554 539 2617 minoris
561 2551 756 2616 aestimanda
779 2550 913 2614 ducebat
935 2570 989 2625 ea,
1012 2571 1094 2633 qnae
1117 2553 1185 2634 ipse
1206 2552 1292 2616 bona
1312 2562 1441 2636 negaret
1462 2573 1546 2629 esse,
1569 2574 1665 2637 qnam
1678 2552 1736 2626 illi,

410 2649 466 2731 qui
488 2666 526 2710 ea
546 2646 631 2709 bona
652 2664 722 2709 esse
743 2645 901 2707 dicebant.
948 2644 1034 2719 Quid
1058 2645 1154 2727 igitur
1174 2645 1275 2709 voluit
1301 2646 1361 2710 sibi
1390 2648 1444 2729 qui
1472 2647 1527 2711 illa
1547 2645 1735 2712 mutaverit?

410 2740 528 2803 Saltem
550 2740 671 2823 aliquid
693 2738 732 2801 de
755 2738 898 2821 pondere
922 2738 1110 2801 detraxisset
1133 2746 1164 2801 et
1184 2739 1280 2821 paulo
1303 2740 1433 2804 minoris
1455 2739 1684 2805 aestimavisset
1698 2751 1773 2803 eata

410 2854 504 2918 quam
527 2831 742 2917 Peripatetici,
764 2840 799 2895 ut
820 2832 939 2894 sentire
963 2852 1093 2915 quoque
1116 2831 1220 2906 aliud,
1242 2853 1306 2896 non
1329 2833 1430 2897 solum
1447 2834 1551 2897 dicere
1567 2833 1735 2898 videretur.

411 2927 518 3003 Ouidi
553 2928 592 2989 de
624 2927 693 3010 ipsa
721 2925 813 2988 beata
841 2924 920 2997 vita,
953 2925 993 2987 ad
1021 2945 1116 3008 quam
1146 2926 1251 2989 omnia
1273 2926 1468 3000 reseruntur,
1502 2946 1584 3010 quae
1607 2926 1735 2989 dicitist

409 3022 536 3104 Negatis
559 3040 628 3083 eam
652 3039 737 3093 esse,
760 3038 841 3101 quae
864 3018 991 3101 expleta
1012 3021 1052 3081 sit
1073 3019 1114 3081 iis
1136 3019 1230 3082 rebus
1252 3021 1407 3094 omnibus,
1427 3039 1507 3102 quas
1526 3028 1638 3083 natura
1653 3018 1736 3081 desi·

410 3116 513 3189 deret,
535 3121 700 3196 totamque
722 3133 790 3175 eam
815 3111 850 3174 in
869 3132 932 3175 una
955 3113 1071 3175 virtute
1096 3112 1230 3195 ponitis,
1252 3134 1388 3196 cumque
1404 3115 1506 3176 omnis
1521 3113 1735 3177 controversia

409 3217 465 3273 aut
486 3208 525 3271 de
546 3229 581 3271 re
604 3207 705 3270 soleat
726 3214 780 3268 aut
802 3206 841 3268 de
865 3206 991 3269 nomine
1014 3226 1100 3280 esse,
1121 3214 1255 3289 utraque
1279 3226 1386 3270 earum
1402 3209 1550 3280 nascitur,
1572 3207 1599 3269 si
1615 3213 1669 3269 aut
1685 3220 1774 3267 resse

411 3304 574 3386 ignoratur
595 3308 651 3364 aut
673 3308 797 3362 erratur
818 3300 852 3361 in
875 3300 1011 3362 nomine.
1056 3300 1199 3375 Quorum
1222 3300 1249 3362 si
1271 3308 1418 3364 neutrum
1440 3307 1500 3376 est,
1523 3319 1618 3381 opera
1632 3299 1736 3361 danda

409 3405 458 3460 est
487 3402 522 3460 ut
543 3394 647 3458 verbis
673 3401 798 3457 utamur
820 3413 915 3476 quam
945 3395 1157 3458 usitatissimis
1180 3402 1210 3457 et
1231 3413 1326 3476 quam
1348 3394 1485 3455 maxime
1507 3393 1606 3476 aptis,
1633 3390 1666 3454 id
1689 3400 1737 3453 est

409 3509 474 3553 rem
497 3487 740 3550 declarantibus.
785 3485 835 3549 58.
857 3489 939 3550 Num
962 3487 1060 3569 igitur
1081 3488 1211 3549 dubium
1233 3495 1282 3551 est
1305 3488 1397 3571 quin,
1420 3489 1447 3550 si
1468 3488 1501 3550 in
1523 3486 1642 3569 reipsa
1656 3485 1736 3547 nihil

409 3590 596 3667 peccatura
618 3582 852 3663 superioribus,
874 3581 979 3663 verbis
1002 3581 1047 3643 illi
1071 3581 1269 3644 commodius
1286 3583 1435 3643 utantur?
1457 3580 1628 3644 Videamus
1641 3579 1737 3662 igitur

411 3676 582 3740 sententias
605 3695 732 3749 eorum,
755 3684 820 3737 tum
842 3674 884 3736 ad
907 3675 1001 3738 verba
1021 3676 1196 3738 redeamus.
1745 3688 1775 3737 aa

493 3769 580 3831 xxi.
602 3770 716 3831 Dicunt
737 3769 966 3850 appetitionem
989 3768 1082 3831 animi
1105 3768 1241 3842 moveri,
1271 3788 1341 3831 cum
1364 3768 1486 3852 aliquid
1509 3768 1539 3831 ei
1562 3766 1736 3831 secundum

408 3872 553 3928 naturam
576 3882 646 3926 esse
668 3862 826 3937 videatur,
856 3864 1043 3946 omniaque,
1073 3882 1156 3944 quae
1179 3861 1353 3926 secundum
1374 3870 1519 3925 naturam
1543 3861 1621 3935 sint,
1643 3860 1737 3924 aesti-

409 3959 547 4021 matione
568 3955 676 4039 aliqua
699 3956 812 4037 digna,
842 3975 943 4038 eaque
965 3976 1021 4037 pro
1044 3975 1100 4030 eo,
1132 3956 1338 4039 quantumin
1362 3975 1492 4040 quoque
1514 3957 1555 4019 sit
1577 3954 1737 4040 ponderis,

410 4072 479 4114 esse
502 4049 712 4122 aestimanda,
746 4069 894 4132 quaeque
917 4049 1093 4111 secundum
1116 4057 1258 4111 naturam
1281 4050 1361 4122 sint,
1384 4051 1497 4132 partim
1520 4049 1600 4113 nibil
1621 4048 1736 4112 habere

409 4145 441 4206 in
464 4162 533 4205 sese
557 4143 625 4204 eius
648 4143 870 4223 appetitionis,
894 4141 932 4204 de
956 4163 1018 4225 qua
1041 4163 1134 4226 saepe
1157 4144 1218 4205 iam
1242 4143 1396 4216 diximus,
1420 4164 1502 4226 quae
1524 4165 1582 4207 nec
1603 4143 1774 4206 honestato

409 4259 467 4300 nec
490 4236 658 4299 laudabilia
682 4236 841 4311 dicantur,
872 4238 1001 4317 partim,
1029 4258 1110 4317 quae
1135 4236 1328 4320 voluptatem
1350 4237 1486 4300 habeant
1507 4238 1540 4301 in
1563 4236 1648 4300 omni
1671 4237 1737 4298 ani-

410 4338 529 4404 mante,
552 4331 606 4391 sed
631 4329 663 4390 in
686 4329 815 4392 homine
838 4330 992 4391 rationem
1016 4332 1129 4405 etiam3
1154 4354 1195 4393 ex
1210 4352 1247 4393 ea
1263 4351 1344 4413 quae
1360 4332 1424 4394 sint
1437 4341 1519 4414 apta,
1541 4352 1578 4394 ea
1593 4331 1738 4404 honesta,

410 4445 446 4487 ea
476 4424 619 4507 pulchra,
650 4443 687 4485 ea
714 4421 903 4497 laudabilia,
935 4424 990 4485 illa
1018 4432 1124 4485 autem
1154 4426 1318 4506 superiora
1347 4425 1503 4488 naturalia
1526 4425 1738 4504 nominantur,

409 4537 491 4600 quae
526 4517 692 4579 coniuncta
725 4539 794 4579 cum
829 4517 970 4579 honestis
1004 4519 1099 4579 vitam
1133 4519 1256 4580 beatam
1290 4520 1459 4600 perficiunt
1494 4528 1526 4581 et
1560 4519 1737 4581 absolvunt.

410 4610 460 4673 59.
484 4611 631 4673 Omnium
654 4620 758 4674 autem
783 4631 890 4673 eorum
915 4612 1169 4682 commodorum,
1201 4613 1315 4694 quibus
1338 4633 1401 4676 nou
1423 4613 1470 4674 illi
1492 4611 1564 4695 plus
1586 4611 1775 4683 tribuunt,es

409 4708 462 4789 qui
487 4706 541 4768 illa
563 4706 645 4768 bona
675 4725 743 4767 esse
767 4705 899 4777 dicunt,
921 4725 1015 4788 quam
1039 4707 1142 4779 Zeno,
1173 4708 1228 4789 qui
1252 4715 1360 4787 negat,
1392 4708 1484 4788 longe
1508 4704 1738 4788 praestantissi-

409 4821 494 4863 mum
528 4820 599 4862 esse
630 4798 716 4882 quod
746 4800 913 4861 honestum
944 4807 1028 4860 esset
1056 4807 1155 4882 atque
1185 4799 1357 4874 laudabile,
1393 4799 1449 4863 sed
1471 4800 1497 4862 si
1521 4798 1584 4860 duo
1606 4798 1737 4861 honesta

409 4896 569 4979 proposita
596 4894 672 4967 sint,
702 4893 835 4954 alterum
863 4912 933 4954 cum
958 4892 1155 4966 valetudine,
1178 4893 1310 4956 alterum
1335 4915 1404 4956 cum
1428 4893 1552 4967 morbo,
1582 4912 1645 4954 nou
1667 4911 1737 4953 esse

409 4989 559 5062 dubium,
588 4987 626 5050 ad
659 4994 762 5048 utrum
794 5006 901 5048 eorum
933 4994 1045 5049 natura
1075 5006 1134 5048 nos
1164 4988 1233 5069 ipsa
1261 4986 1435 5049 deductura
1462 4989 1519 5059 sit,
1548 4986 1603 5049 sed
1632 4995 1737 5048 tamen

408 5089 526 5144 tantam
558 5081 620 5143 vim
650 5100 720 5142 esse
753 5079 928 5143 honestatis
960 5088 1145 5162 tantumque
1177 5100 1245 5143 eam
1280 5082 1374 5143 rebus
1407 5081 1553 5144 omnibus
1578 5089 1775 5163 praestareio

405 5345 510 5406 poenica
529 5344 561 5397 Β;
587 5342 683 5403 poetico
705 5341 783 5390 codd.
804 5340 937 5404 plerique:
962 5342 1093 5390 Phoenicio
1119 5343 1257 5392 Manutius.
1277 5369 1308 5378 -
1326 5343 1350 5391 Β.
1370 5343 1473 5391 dicimus
1489 5343 1523 5392 B:
1542 5343 1653 5392 ducimus
1670 5344 1689 5390 0
1709 5367 1734 5377 -

407 5425 483 5478 aptae
495 5424 516 5465 et
529 5417 620 5465 tudites
632 5417 776 5479 Madvigius
790 5420 823 5472 tin
838 5419 1053 5477 commutarim:
1071 5418 1164 5466 habites
1181 5416 1276 5466 Orellio
1293 5419 1402 5465 auctore
1420 5416 1587 5468 seclusimus.
1603 5441 1629 5453 -
1649 5419 1673 5466 5.
1691 5430 1738 5464 no-

408 5501 480 5541 turus
497 5494 685 5540 accommodato
703 5492 860 5553 Madvigius:
880 5498 974 5540 notura
991 5505 1022 5540 eo
1038 5495 1197 5541 commodato
1214 5493 1248 5549 B;
1266 5497 1361 5540 natura
1379 5505 1410 5540 eo
1426 5493 1580 5540 commodam
1592 5493 1626 5548 Ες
1644 5496 1738 5540 notura

407 5568 463 5630 ipsc
479 5568 636 5615 commodato
654 5568 673 5615 0
694 5593 719 5602 -
748 5567 771 5613 i.
790 5568 886 5627 purtim
906 5573 989 5615 cariem
1005 5568 1146 5627 parcutali
1171 5595 1196 5603 -
1225 5567 1248 5617 Β.
1271 5571 1347 5615 cuent
1364 5566 1414 5615 toll.
1436 5567 1455 5614 Β
1480 5593 1506 5603 -
1529 5567 1552 5615 9.
1575 5566 1655 5629 quati]
1675 5577 1739 5625 quoa

408 5643 507 5691 ΒΕ-
525 5642 564 5690 to.
581 5647 683 5702 possunt
699 5642 828 5702 peruenire
846 5642 864 5689 Β
883 5667 908 5676 -
930 5643 969 5690 ta.
988 5642 1126 5690 tendebant
1144 5644 1162 5691 B
1177 5668 1203 5677 -
1224 5642 1263 5690 te.
1283 5643 1339 5703 ipso
1355 5643 1374 5691 Β
1390 5668 1416 5677 -
1436 5654 1513 5702 quom
1529 5642 1566 5689 itti
1577 5664 1614 5676 ·-
1626 5640 1739 5689 dicebant

407 5731 457 5766 crac
473 5730 526 5765 om.
547 5717 609 5764 E—
629 5716 668 5765 tl.
687 5716 798 5763 dicebaut
815 5728 865 5764 esse
882 5716 900 5764 Β
915 5741 940 5749 -
963 5717 1002 5763 te.
1022 5716 1092 5764 atiud
1109 5730 1205 5777 quoque
1222 5719 1281 5766 Β-
1303 5716 1342 5765 ta.
1361 5717 1405 5776 lips
1421 5716 1493 5765 rebus
1509 5714 1663 5770 omnidotali:
1683 5728 1737 5763 om·

410 5792 479 5840 ribus
496 5791 527 5840 iis
543 5791 617 5839 rebus
633 5792 653 5839 0
674 5818 699 5826 -
718 5793 759 5840 tt.
778 5797 812 5839 cst
829 5794 889 5839 ante
906 5795 934 5839 ut
951 5804 1004 5840 orn.
1023 5791 1042 5839 B
1062 5818 1089 5827 -
1109 5792 1150 5840 at.
1169 5793 1254 5840 omnia
1270 5803 1364 5852 queque
1382 5791 1446 5847 ΒΕς
1465 5792 1527 5839 item
1545 5804 1572 5854 p.
1592 5790 1648 5849 tid,
1666 5791 1690 5840 Β.
1704 5817 1737 5828 -

409 5868 448 5916 28.
467 5880 564 5929 quoque
582 5867 724 5916 Manutius:
744 5879 843 5928 qaoque
859 5864 937 5915 codd.
953 5892 980 5901 -
1000 5863 1040 5916 34.
1058 5866 1147 5915 babeat
1165 5867 1183 5916 Β
1198 5894 1224 5904 -
1244 5866 1285 5915 32.
1304 5877 1337 5914 ee
1353 5877 1383 5914 co
1401 5866 1433 5913 B:
1452 5877 1485 5913 ar
1501 5865 1535 5913 cia
1551 5865 1571 5914 0
1585 5890 1612 5901 -
1632 5864 1672 5915 ³5.
1690 5864 1736 5930 ills]

408 5943 457 5991 illis
473 5944 492 5993 Β
512 5969 538 5979 -
558 5942 599 5992 39.
618 5940 711 6005 utrum]
729 5947 861 6005 utrumque
877 5943 905 5993 Β.
