4342 7459
540 1271 596 1334 DE
617 1269 735 1335 FINIB.
755 1268 849 1334 BON.
869 1270 922 1335 ET
943 1269 1037 1335 MAI..
1058 1270 1128 1334 Lrs.
1143 1271 1182 1334 11.
1205 1266 1594 1357 cn.1—111.§§l-7.
1688 1267 1730 1333 97

409 1438 488 1503 reiis
517 1445 549 1501 et
576 1441 617 1503 ad
645 1441 766 1504 exitum
791 1442 961 1524 perveniri.
1006 1441 1083 1504 Cum
1112 1443 1195 1506 enim
1223 1441 1324 1505 fertur
1350 1442 1441 1526 quasi
1467 1450 1591 1507 torrens
1618 1445 1730 1517 oratio,

409 1533 553 1616 quamvis
580 1533 680 1597 multa
707 1535 862 1618 cuiusque
884 1534 969 1598 modi
990 1535 1106 1619 rapiat,
1134 1536 1213 1598 nihil
1235 1543 1341 1601 tamen
1362 1544 1488 1614 teneas,
1516 1537 1596 1600 nihil
1619 1556 1731 1621 appre-

407 1624 544 1701 hendas,
566 1648 723 1712 nusquam
745 1629 920 1691 orationem
943 1629 1084 1711 rapidam
1107 1649 1262 1694 coerceas.

490 1719 604 1785 Omnis
631 1731 738 1785 autem
764 1723 795 1785 in
825 1722 1023 1805 quaerendo,
1055 1742 1136 1806 quae
1158 1725 1209 1787 ria
1230 1724 1367 1808 quadam
1389 1732 1422 1788 et
1442 1726 1565 1791 ratione
1586 1729 1731 1801 babetur,

408 1812 507 1875 oratio
536 1816 753 1896 praescribere
783 1816 919 1899 primum
950 1813 1060 1890 debet,
1089 1823 1125 1878 ut
1154 1815 1342 1898 quibusdam
1370 1819 1404 1881 in
1434 1819 1578 1884 formulis
1607 1842 1649 1885 ns
1675 1828 1755 1883 nest

409 1924 546 1981 sessor,
568 1916 621 1982 ut,
643 1910 831 1994 intorques
853 1908 1034 1983 disseritur,
1056 1908 1226 1972 conveniat
1246 1909 1324 1994 quid
1346 1913 1386 1975 sit
1407 1912 1457 1986 id,
1486 1914 1527 1976 de
1549 1935 1612 1997 quo
1635 1915 1733 1977 disse·

410 2008 504 2064 ratur.
547 2002 588 2065 11.
611 1999 642 2066 l.
664 2003 732 2068 Hoc
753 2003 890 2085 positum
913 2004 946 2065 in
968 2002 1111 2066 Phaedro
1132 2023 1151 2065 a
1173 2004 1304 2075 Platone
1325 2006 1472 2088 probavit
1485 2008 1639 2089 Epicurus
1662 2028 1734 2071 sen-

409 2094 514 2177 sitque
535 2096 569 2159 iu
593 2098 679 2163 omni
703 2097 916 2181 disputatione
938 2096 971 2158 id
993 2093 1060 2158 fieri
1083 2107 1240 2179 oportere.
1279 2100 1342 2162 Sed
1366 2098 1450 2183 quod
1472 2100 1652 2184 proximum
1673 2100 1734 2163 suit

410 2206 474 2250 non
496 2187 595 2264 ridit3
617 2197 714 2272 negat
735 2190 819 2253 enim
842 2186 966 2252 definiri
986 2210 1051 2254 rem
1073 2190 1214 2274 placere,
1238 2193 1305 2255 sine
1320 2213 1385 2277 quo
1407 2190 1474 2256 fieri
1495 2194 1653 2258 interdum
1668 2214 1733 2257 non

409 2290 514 2363 potest
535 2291 570 2347 ut
591 2282 676 2347 inter
698 2303 770 2359 eos,
793 2283 847 2367 qui
869 2283 1048 2365 ambigunt,
1069 2286 1254 2360 conveniat,
1277 2286 1355 2367 quid
1377 2288 1419 2350 sit
1440 2287 1490 2362 id,
1512 2286 1551 2349 de
1575 2307 1639 2370 quo
1661 2300 1771 2369 aga-⁴⁰

409 2382 475 2450 tnr;
496 2376 639 2440 velutin
660 2376 722 2439 hoc
743 2377 830 2460 ipso,
853 2375 894 2439 de
917 2398 980 2459 quo
997 2397 1081 2442 nunc
1096 2379 1301 2461 disputamus.
1333 2379 1523 2455 Quaerimus
1540 2382 1623 2443 enirn
1638 2380 1734 2443 finem

408 2466 578 2534 bonorum:
605 2489 816 2553 possumusne
838 2470 900 2532 boc
922 2470 1003 2533 scire
1025 2470 1119 2553 quale
1141 2473 1198 2545 sit,
1229 2472 1292 2534 nisi
1316 2473 1541 2537 contulerimus
1562 2474 1734 2548 internos,

410 2580 480 2624 eum
501 2558 599 2626 finem
620 2562 776 2627 bonorum
799 2562 989 2637 dixerimus,
1011 2563 1089 2647 quid
1107 2560 1194 2639 finis,
1218 2565 1295 2648 quid
1310 2566 1403 2629 etiam
1420 2567 1462 2629 sit
1475 2568 1580 2651 ipsum
1594 2568 1735 2632 bonumt

407 2650 437 2715 5.
449 2656 548 2737 Atqui
563 2654 641 2719 baec
656 2655 825 2740 patefactio
842 2656 932 2739 quasi
947 2676 1051 2720 rerum
1067 2666 1342 2739 opertarum,cum
1356 2658 1588 2745 quidquidque
1602 2662 1643 2724 sit
1661 2681 1736 2744 spe·

407 2748 496 2823 ritur,
518 2745 660 2813 definitio
683 2757 750 2813 est:
771 2769 835 2833 qua
855 2757 890 2813 tu
906 2751 999 2812 etiarn
1022 2750 1206 2834 imprudens
1220 2751 1351 2815 utebare
1365 2772 1429 2815 non
1444 2773 1628 2835 numquam.
1656 2756 1773 2819 Names

406 2840 492 2905 bunc
513 2844 618 2926 ipsum
641 2843 709 2907 sire
732 2840 826 2907 finem
848 2845 916 2907 sire
938 2851 1115 2907 extremum
1144 2850 1212 2909 sire
1234 2845 1382 2908 ultimum
1404 2844 1578 2911 definiebas
1599 2848 1632 2910 id
1654 2867 1735 2922 esse,

409 2955 475 3019 quo
506 2938 632 3012 omnia,
661 2957 745 3022 quae
773 2946 858 3001 recte
885 2938 1014 3011 fierent,
1043 2937 1251 3014 referrentur,
1280 2959 1387 3023 neque
1416 2940 1449 3003 id
1476 2942 1580 3023 ipsum
1601 2960 1736 3024 usquam

408 3029 588 3093 referretur.
624 3031 787 3095 Praeclare
808 3032 869 3094 boc
891 3033 1031 3115 quidem.
1067 3034 1192 3094 Bonum
1214 3035 1318 3116 ipsum
1342 3033 1437 3097 etiam
1458 3033 1537 3117 quid
1552 3042 1651 3108 esset,
1671 3034 1737 3097 for·

407 3130 510 3198 tasse,
532 3125 560 3187 si
581 3144 663 3208 opus
684 3125 812 3200 fuisset,
836 3123 1002 3188 definisses
1024 3132 1079 3188 aut
1099 3126 1186 3209 quod
1209 3133 1294 3189 esset
1315 3134 1428 3190 natura
1440 3127 1662 3211 appetendum
1683 3135 1738 3191 aut

408 3216 494 3300 quod
524 3218 691 3302 prodesset
720 3225 774 3282 aut
802 3218 889 3302 quod
917 3219 1042 3281 iuvaret
1063 3227 1120 3282 aut
1141 3219 1227 3302 quod
1249 3219 1361 3286 liberet
1382 3220 1486 3284 modo.
1529 3222 1619 3283 Nunc
1641 3220 1773 3296 idem,ao

408 3311 467 3375 nisi
489 3312 661 3376 molestum
683 3318 746 3386 est,
770 3313 921 3395 quoniam
943 3312 999 3374 tibi
1020 3332 1084 3375 non
1104 3313 1233 3377 omnino
1249 3312 1394 3396 displicet
1409 3313 1540 3376 definire
1554 3320 1587 3376 et
1601 3313 1633 3375 id
1647 3313 1736 3388 sacis,

408 3425 480 3468 cun
500 3408 566 3483 ris,
588 3407 684 3470 ralim
707 3402 856 3480 definias,
880 3405 955 3488 quid
978 3406 1020 3468 sit
1040 3406 1206 3489 voluptas,
1228 3407 1267 3470 de
1290 3426 1355 3490 quo
1378 3407 1479 3471 omnis
1499 3408 1578 3470 baec
1592 3408 1736 3488 quaestio

407 3507 466 3562 est.
509 3498 540 3563 6.
564 3501 663 3577 Quis,
693 3520 829 3584 quaeso,
860 3500 982 3582 inquit,
1005 3501 1149 3583 estqui,
1172 3500 1248 3583 quid
1271 3500 1312 3564 sit
1333 3500 1495 3584 voluptas,
1523 3502 1662 3577 nesciat,
1682 3511 1738 3566 aut

408 3592 481 3675 qni,
503 3614 569 3677 quo
592 3596 693 3676 magis
715 3594 750 3655 id
770 3594 950 3675 intellegat,
973 3593 1190 3658 definitionem
1205 3593 1344 3677 aliquam
1358 3594 1538 3657 desideret?
1560 3595 1611 3657 blo
1633 3595 1737 3677 ipsum

408 3706 479 3751 esse
501 3688 659 3764 dicerem,
681 3689 830 3772 inquam,
853 3687 915 3750 nisi
938 3687 1016 3750 mibi
1037 3688 1162 3750 viderer
1183 3686 1299 3750 babere
1320 3688 1402 3751 bene
1423 3687 1579 3770 cognitum
1594 3690 1774 3772 volupia-so

407 3788 471 3845 ten
502 3791 535 3846 et
562 3784 639 3847 satis
666 3777 754 3845 firme
783 3788 967 3863 conceptum
994 3782 1102 3843 auimo
1124 3788 1221 3865 atqua
1247 3800 1474 3865 comprensam.
1517 3784 1608 3846 Nunc
1630 3793 1735 3848 autem

407 3873 479 3939 dieo
500 3877 607 3960 ipsum
628 3877 803 3959 Epicurum
823 3876 946 3939 nescire
968 3881 1000 3937 et
1022 3875 1054 3937 iu
1071 3894 1111 3938 eo
1126 3883 1253 3950 nutare,
1276 3896 1431 3960 eumque,
1455 3876 1510 3959 qui
1525 3875 1636 3939 crebro
1653 3876 1738 3941 dicat

406 3968 579 4053 diligenter
599 3975 749 4052 oportere
771 3969 923 4053 exprimi,
950 3987 1034 4051 quas
1055 3969 1104 4032 ris
1126 3968 1267 4032 subiecta
1288 3970 1331 4032 sit
1352 3970 1496 4046 vocibus,
1526 3987 1592 4032 non
1613 3970 1738 4034 intelle·

407 4081 480 4145 garo
509 4062 686 4138 interdum,
715 4061 793 4146 quid
824 4069 914 4126 sonet
934 4060 1013 4126 baec
1035 4082 1099 4126 vox
1120 4062 1308 4146 voluptatis,
1337 4063 1371 4126 id
1393 4069 1456 4137 est,
1485 4082 1569 4147 quae
1590 4083 1640 4127 res
1661 4065 1736 4129 huic

407 4158 478 4221 voci
501 4157 684 4221 subiciatur.
1745 4180 1774 4225 eo

489 4253 544 4315 lll.
568 4254 647 4315 Tum
670 4253 725 4315 ille
745 4250 868 4326 ridens,
891 4250 958 4314 Hoc
979 4270 1071 4323 vero,
1102 4250 1223 4334 iuquit,
1246 4251 1418 4334 optimum,
1440 4258 1476 4314 ut
1497 4252 1541 4327 is,
1564 4254 1619 4337 qui
1641 4249 1736 4316 finem

406 4365 512 4410 rerum
542 4345 791 4429 expetendarum
814 4345 1009 4428 voluptatem
1036 4363 1106 4407 esse
1129 4342 1229 4419 dicat,
1258 4346 1290 4408 id
1314 4352 1505 4421 extremum,
1535 4346 1570 4408 id
1592 4347 1736 4411 ultimum

407 4439 581 4514 bonorum,
603 4439 635 4504 id
659 4442 763 4523 ipsum
787 4441 863 4524 quid
885 4446 918 4502 et
939 4440 1034 4522 quale
1056 4438 1112 4511 sit,
1135 4438 1271 4501 nescisti
1293 4439 1407 4521 Atqui,
1430 4439 1567 4521 inquam,
1588 4447 1643 4503 aut
1660 4441 1737 4522 Epi·

409 4554 519 4610 cnrus,
541 4533 618 4618 quid
640 4535 681 4597 sit
704 4535 859 4617 voluptas,
882 4540 936 4596 aut
950 4553 1060 4594 omnes
1078 4532 1236 4606 mortales,
1260 4533 1315 4615 qui
1335 4532 1453 4614 ubique
1468 4542 1557 4607 sunt,
1580 4534 1736 4596 nesciunt.

408 4627 572 4703 Quonam,
602 4628 723 4712 inquit,
752 4630 870 4692 modo?
911 4628 994 4702 Quia
1022 4626 1214 4708 voluptatem
1246 4624 1328 4688 banc
1355 4647 1425 4688 esse
1453 4626 1595 4689 sentiunt
1616 4645 1772 4698 omnesas

408 4742 503 4806 quam
541 4742 654 4786 sensus
694 4724 852 4806 accipiens
891 4729 1034 4783 movetur
1065 4729 1097 4782 et
1131 4720 1325 4782 iucunditate
1358 4719 1494 4802 quadam
1527 4719 1735 4802 perfunditur.

407 4812 438 4878 7.
460 4816 548 4891 Quid
571 4821 669 4899 ergo?
690 4818 782 4881 istam
799 4816 1009 4897 voluptatem,
1032 4814 1153 4897 inquit,
1175 4813 1330 4897 Epicurus
1344 4814 1490 4896 ignorati
1513 4814 1584 4875 Nou
1599 4832 1734 4894 semper,

408 4912 548 4996 inquam.
590 4914 670 4975 Nam
700 4911 858 4975 interdum
886 4910 982 4972 nimis
1011 4909 1105 4972 etiam
1130 4909 1234 4981 novit,
1264 4907 1384 4990 quippe
1408 4908 1464 4991 qui
1487 4907 1672 4970 testificetur
1693 4926 1734 4969 ne

470 5154 496 5204 Β.
514 5153 586 5204 matti
602 5155 621 5204 Β
639 5179 667 5191 -
686 5153 851 5217 reprehendas
867 5152 886 5201 Β
900 5177 927 5186 -
947 5149 971 5200 3.
989 5151 1120 5200 colrcrcsos
1135 5150 1196 5199 A²B
1210 5174 1237 5184 -
1256 5148 1281 5200 4.
1300 5149 1327 5197 tc
1338 5147 1489 5212 quaerendo]
1506 5148 1653 5211 inquirendo
1670 5149 1689 5199 Β
1704 5173 1731 5185 -

407 5240 471 5288 eser
492 5229 623 5278 ssa--us
645 5229 793 5291 quibusdam
818 5241 871 5277 orn.
890 5226 921 5276 s*
945 5251 973 5263 -
998 5232 1021 5275 st
1038 5226 1190 5274 oracionsss
1212 5251 1238 5259 -
1262 5225 1288 5272 s.
1306 5224 1342 5287 ιιι]
1360 5236 1391 5273 ιιι
1408 5224 1550 5287 (superscr.
1569 5227 1604 5287 ιιι)
1621 5227 1642 5275 Α
1662 5250 1689 5260 -
1708 5225 1734 5272 ιἰι

407 5314 461 5352 om.
479 5302 500 5352 Β
519 5327 548 5341 -
567 5301 591 5354 t.
611 5309 701 5367 operor
717 5304 779 5354 AB:
798 5302 923 5365 opstaro
938 5327 964 5335 -
983 5300 1007 5351 8.
1024 5301 1178 5363 promimur]
1194 5300 1306 5361 primam
1323 5300 1382 5347 B·
1403 5298 1427 5347 9.
1444 5299 1593 5360 classen
1605 5300 1734 5348 conveniat

407 5389 460 5427 om.
478 5379 511 5429 ΑΙ
530 5404 557 5416 -
578 5380 619 5430 40.
636 5379 821 5442 spalense
838 5391 886 5439 quo
904 5388 957 5425 om.
972 5377 991 5425 Β
1006 5402 1032 5411 -
1052 5377 1093 5425 44.
1111 5375 1170 5423 uelit
1187 5372 1216 5423 ΑΙ
1231 5399 1257 5408 -
1278 5374 1318 5422 ιι.
1336 5372 1381 5422 boc
1397 5373 1461 5423 scire
1478 5377 1513 5423 A:
1532 5374 1580 5423 boc
1596 5372 1731 5423 scireEE:

406 5452 617 5513 macello
636 5480 663 5491 -
685 5451 865 5516 ᾳιιιιιιιιιιιί
885 5447 1070 5514 ςιιοιιιιιιιιιιῑς
1093 5450 1257 5511 ᾳιιιιιιιιιιΒ
1278 5475 1305 5485 -
1324 5449 1364 5498 43.
1383 5449 1629 5513 menlmssmlt-
1648 5445 1732 5510 etiam]

407 5529 485 5578 aas
500 5555 528 5565 -
547 5527 587 5579 tl.
604 5530 730 5592 patefacio
741 5524 771 5578 ι’
786 5554 812 5563 -
830 5528 862 5575 sit
878 5539 931 5576 om.
945 5523 964 5572 Β
978 5551 1005 5560 -
1025 5526 1064 5574 45.
1078 5525 1193 5588 diffinitio
1210 5525 1304 5574 ΑΒ-
1322 5524 1362 5573 46.
1374 5528 1513 5573 actrsmam
1529 5524 1580 5572 sive
1595 5534 1649 5572 om.
1663 5519 1692 5569 A*
1703 5545 1729 5553 -

408 5602 447 5652 43.
459 5602 630 5666 rosam
645 5629 672 5642 -
691 5603 732 5659 43,
744 5604 890 5665 reparetur
901 5603 920 5650 lt
932 5601 963 5659 E;
980 5600 1103 5663 reseretur
1119 5600 1138 5649 Β
1154 5625 1180 5635 -
1199 5600 1305 5664 quidem]
1319 5613 1395 5662 quam
1409 5602 1428 5650 B
1442 5627 1469 5638 -
1488 5600 1529 5649 20.
1548 5597 1640 5647 liberet
1658 5597 1733 5647 blodo

406 5680 509 5727 md
528 5702 558 5716 -
576 5679 618 5728 El.
636 5679 746 5743 ἀσμένα]
762 5679 836 5741 pairs
851 5678 900 5726 ΑΒ
920 5700 946 5712 -
967 5675 1008 5725 33.
1028 5676 1101 5736 Osis,
1121 5688 1212 5736 quomo
1229 5676 1404 5725 Goerenzius:
1426 5675 1481 5737 quis
1497 5673 1570 5733 qussi
1587 5672 1660 5728 ll¹B3
1679 5671 1734 5732 qais

407 5764 483 5813 qun
498 5749 532 5802 A²
549 5778 575 5789 -
594 5754 678 5815 inpos
693 5750 724 5805 Α*
744 5780 770 5791 ·-
788 5752 924 5814 uoluptatis
939 5756 960 5802 Α
979 5777 1005 5787 -
1025 5752 1067 5801 25.
1085 5751 1175 5801 bebere
1191 5765 1245 5803 om.
1259 5753 1278 5801 B
1294 5778 1320 5789 -
1339 5752 1464 5815 capellam
1480 5749 1539 5799 benc
1555 5749 1574 5797 E
1589 5774 1615 5785 -
1634 5747 1675 5797 26.
1688 5759 1734 5796 oc·

407 5833 503 5889 mm
519 5827 539 5877 Β
557 5853 585 5864 -
609 5835 684 5892 atque
706 5842 759 5880 om.
778 5829 796 5878 Β
818 5854 844 5864 -
866 5828 908 5877 tt.
926 5827 957 5888 ct]
980 5833 1008 5877 ιιι
1031 5829 1049 5877 Β
1070 5854 1097 5865 -
1120 5828 1219 5891 cetere]
1236 5833 1335 5877 mutare
1351 5827 1371 5876 E
1390 5852 1416 5860 -
1436 5826 1477 5875 34.
1495 5823 1584 5887 inquid
1600 5819 1644 5882 A¹;
1670 5822 1733 5871 item

409 5899 480 5966 457.
498 5904 524 5955 8.
542 5904 568 5955 9,
588 5930 615 5941 -
635 5905 675 5955 33.
694 5905 755 5966 quid
770 5909 793 5953 st
809 5903 945 5953 Bremius:
965 5905 1025 5965 quid
1040 5901 1056 5954 ὅ
1074 5904 1108 5964 Α;
1127 5904 1226 5964 quidem
1244 5903 1306 5962 Βο;
1325 5899 1417 5952 etun.
1431 5901 1455 5963 1,
1474 5898 1542 5963 529.
1558 5923 1585 5934 —
1604 5896 1645 5947 33.
1665 5897 1734 5960 Osso-

408 5976 709 6042 ιιιιιῙφιοιιωιιιΛΒΕ
728 6007 755 6017 -
774 5979 904 6031 ιιιιΑΒε
924 5992 977 6030 om.
997 5979 1027 6029 0.

461 6068 553 6119 <beno
568 6070 596 6118 τ.
610 6069 650 6121 tv.
1488 6068 1509 6134 7
