4342 7459
892 1216 1140 1288 FRAGMENTA.

350 1376 504 1439 Demersit
523 1382 617 1456 eaput
631 1383 663 1437 et
681 1375 806 1437 lluetum
825 1374 946 1436 cervice
968 1376 1103 1455 recepit:

348 1469 593 1550 Mollipedesque
616 1468 714 1530 boves
735 1475 914 1547 spectantes
931 1466 1047 1531 lumina
1069 1467 1147 1531 caeli

349 1563 482 1626 Naribus
500 1563 662 1645 umilerum
683 1561 802 1624 duxere
817 1579 857 1622 ex
879 1570 952 1623 aere
976 1581 1096 1624 sucum.

349 1659 465 1732 Saepius
484 1666 509 1715 et
528 1662 603 1716 tertis
621 1661 695 1731 effert
712 1660 896 1730 penetralibus
921 1675 974 1716 eea

349 1756 499 1826 Anausturn
516 1755 635 1823 formica
654 1760 741 1809 terens
760 1754 827 1818 iter,
849 1753 969 1824 sedique
988 1760 1012 1810 et
1031 1754 1110 1810 albos

349 1847 505 1920 blillepedes
523 1850 599 1904 eirea
618 1864 710 1904 neuras
732 1856 880 1905 cernuntur
898 1849 965 1914 iuli,

351 1941 479 2015 Quaeque
496 1944 593 2014 uiprae
606 1950 705 1999 veteres
722 1944 852 1999 dixerunt
872 1944 980 2000 visura
997 1950 1097 2000 terrae.

352 2037 426 2094 Tune
444 2054 549 2108 queque
567 2038 697 2094 eristatru
713 2038 818 2094 soboles
840 2039 948 2110 pallitta
968 2040 1088 2095 uolueris

347 2131 399 2189 0re
417 2133 496 2203 pedes
516 2132 580 2203 teuit
597 2141 622 2186 et
639 2133 774 2188 crocitant
793 2140 930 2204 equitare
951 2147 1037 2188 russeo

351 2226 491 2297 Expressit
507 2227 612 2281 sonitu
626 2228 716 2282 undae
733 2227 866 2283 stillantis
885 2231 916 2283 in
934 2229 1049 2285 undare.

352 2320 452 2377 &ruas
471 2326 496 2377 et
515 2324 616 2375 atratis
634 2321 726 2376 uelata
744 2322 890 2377 rnersedula
907 2323 1004 2391 pennis

354 2414 470 2474 Ventura
489 2423 577 2471 terras
595 2416 751 2471 eruditurus
769 2415 857 2470 imbre
878 2416 1041 2485 manebunt,

350 2509 519 2581 Aeeipitrune
537 2511 567 2564 in
586 2525 688 2565 reserens
707 2511 733 2565 si
751 2511 859 2581 neapnis
877 2510 995 2583 parrula
1017 2511 1118 2566 tarenis

351 2603 470 2677 Apsnina
488 2605 686 2662 concelebrent:
707 2606 838 2677 previbus
856 2621 913 2660 vua
931 2606 1043 2662 aeesula
1060 2606 1145 2678 puteis

351 2697 500 2756 Cumarum
511 2700 622 2770 pluuias
639 2700 781 2770 praedixit
799 2715 879 2771 saepe
899 2701 1028 2770 saluas,

350 2791 405 2848 Asel
423 2794 492 2849 adea
511 2799 645 2864 streperas
663 2795 784 2866 aaudens
802 2795 965 2867 eaniunpere
985 2811 1062 2853 voees

349 2885 489 2959 lne'repuit
506 2890 626 2946 ararim
644 2889 734 2945 densis
753 2891 887 2947 eaereitsss
905 2890 970 2947 alis.

352 2982 426 3039 Tune
443 2989 600 3038 mansuetae
617 2990 713 3040 anates
732 2990 813 3055 atque
831 2985 907 3039 intra
927 2984 1027 3039 lirnina
1039 2983 1136 3053 deperu

350 3075 485 3137 Graculus
504 3079 623 3134 assiduis
642 3080 770 3150 quatiunt
787 3080 958 3151 suppruredia
981 3079 1097 3150 pennis:

353 3171 427 3227 Tune
444 3172 547 3240 [elisae
564 3173 673 3244 snapnis
690 3181 804 3244 poseant
822 3173 990 3239 οἰωνῶν
1014 3170 1114 3227 undas.

350 3265 427 3322 Haec
444 3282 492 3330 ne,
513 3268 539 3323 si
556 3267 668 3337 piueiae
686 3269 776 3338 reples
795 3283 954 3339 repressere
972 3274 1092 3335 sortem,

351 3360 512 3433 brunum,
532 3379 581 3419 ner
599 3379 661 3419 euin
673 3363 755 3418 solita
774 3363 927 3420 maioribus
946 3365 1023 3419 uersis

318 3449 321 3453 “
351 3456 520 3529 Purpureae
539 3474 648 3515 muscae
665 3464 770 3515 entant
788 3460 901 3516 baurire
918 3473 1059 3517 eruerem

350 3550 406 3608 Aut
423 3558 499 3609 noete
517 3552 652 3622 insipient
669 3559 760 3623 putres
778 3568 946 3610 eonerueere
963 3553 1057 3623 lunai,

351 3642 466 3700 Ardenti
484 3647 514 3700 in
533 3652 616 3701 testa:
637 3646 744 3718 pelidae
761 3647 804 3704 uel
822 3653 941 3718 tenspore
960 3646 1089 3709 bum.

350 3736 429 3795 Nune
447 3755 475 3794 se
493 3739 620 3795 submisit
638 3740 767 3797 sublisnes
786 3742 873 3797 ardor
890 3741 921 3796 in
943 3755 1047 3809 auras,

351 3832 386 3889 lit
404 3849 477 3889 nane
495 3836 623 3891 deciduus
641 3837 716 3908 ipnes
734 3853 860 3893 vomuere
882 3836 1009 3892 lueernae

350 3925 487 3999 despuitis
506 3928 609 3984 similes
628 3935 750 3987 tenuesve
769 3947 788 3986 a
807 3931 909 3987 lemine
926 3944 1033 3986 senna

349 4020 504 4082 Dieeunant
521 4024 617 4088 radii,
638 4041 685 4080 seu
703 4027 774 4096 sorte
793 4032 894 4081 aestate
912 4040 1009 4080 serena

352 4114 510 4189 Conspieius
528 4119 625 4174 &neas
644 4127 760 4176 anuum
777 4120 896 4176 saliare
913 4126 1053 4177 emmae:

351 4208 406 4266 Aut
425 4212 485 4283 ipni
504 4214 646 4283 appositas
663 4214 749 4269 neuile
769 4230 830 4270 essee
850 4214 952 4269 tessine
971 4213 1058 4270 ternu

352 4300 511 4362 Scintillam
530 4306 601 4362 ollas
619 4311 645 4361 et
663 4307 749 4363 eruite
768 4323 802 4362 ea
822 4324 884 4363 aere
903 4306 1012 4363 lebetes:

352 4395 386 4453 ln
405 4400 522 4457 eineriue
540 4402 615 4457 uides
634 4402 735 4459 rutilae
753 4402 870 4459 carbone
888 4402 987 4473 tepenti

349 4492 486 4566 Bffernere
506 4500 604 4563 nutas,
624 4496 717 4565 serina
734 4511 791 4551 nan
809 4496 921 4567 dispare
938 4493 1071 4551 eenebrie.

352 4586 429 4645 Haec
446 4594 522 4644 ratus
541 4590 654 4646 absersm
672 4597 698 4646 et
714 4591 840 4662 pluriam
857 4606 970 4661 sperare
987 4593 1131 4649 mentula.

351 4680 452 4753 lebeta
475 4684 617 4740 simonis
635 4686 730 4741 uideas
749 4686 811 4741 sela
828 4692 926 4744 esneta
950 4683 1067 4740 tenebris

352 4776 388 4833 lit
406 4794 489 4834 eaeea
507 4778 616 4835 abaalei
633 4780 735 4837 nebula
752 4795 940 4851 euneeenpsse
959 4793 1091 4836 eaeemn

351 4869 437 4928 Nulla
455 4872 525 4928 nube
534 4875 641 4943 prerei,
662 4875 791 4931 candenti
807 4875 860 4945 fide
878 4888 982 4930 serena

350 4964 421 5033 We
438 4982 532 5023 serena
551 4969 652 5033 etiam,
671 4971 751 5041 penti
768 4985 850 5040 super
869 4983 992 5039 aequare
1012 4965 1083 5036 ferri

352 5057 457 5117 Nubila
473 5063 499 5117 si
518 5078 630 5128 sernas,
651 5066 699 5121 sed
717 5065 839 5120 nendum
856 5080 966 5136 serpere
985 5064 1016 5120 in
1033 5059 1139 5133 altum

355 5151 407 5209 Ces
422 5154 520 5227 priapo
539 5157 675 5213 resinulas
694 5160 788 5214 videas
806 5173 969 5229 eumarum
992 5170 1085 5226 rupes.

356 5244 422 5303 Curre
440 5251 538 5305 renitet
554 5253 669 5323 mduee,
689 5260 833 5309 uenturam
852 5254 962 5323 inquire
982 5247 1155 5322 pratellum:

357 5340 474 5414 Cumque
491 5345 612 5414 praeetta
629 5347 715 5416 surii,
736 5347 855 5401 sudanu
876 5352 958 5416 aspere
976 5349 1040 5399 ante
1059 5342 1155 5397 anenia
1175 5336 1297 5395 Pbatnen

356 5434 486 5509 Adspice,
508 5454 578 5510 quae
595 5440 673 5495 estrei
690 5440 818 5496 eaneluea
837 5445 876 5495 est
894 5439 983 5495 sidere
1008 5433 1109 5493 Caneri
1115 5475 1124 5499 2

356 5530 480 5588 Primum
498 5533 566 5588 adeo
584 5533 713 5589 abstersis
731 5550 792 5590 euin
811 5532 896 5603 sulpet
913 5547 988 5604 pura
1009 5528 1147 5585 tenebris:

357 5624 420 5682 Hae
438 5643 511 5697 pera
527 5628 617 5683 subita
636 5635 778 5701 uenustus
796 5628 913 5684 barrida
938 5627 1019 5683 redit.

358 5717 432 5776 Hine
450 5722 551 5778 tacitae
568 5723 599 5778 in
616 5723 723 5795 lucinis
741 5725 890 5795 pennae,
912 5721 1097 5790 blaedueepss
1109 5727 1258 5772 susurrans
1301 5796 1304 5802 Ι

358 5809 466 5872 Naetea
483 5816 533 5871 sub
551 5818 671 5875 aedues
688 5825 806 5885 eaeteee,
827 5832 992 5875 uureuesre
1009 5813 1111 5873 seneiss
