4342 7459
762 1234 829 1297 Lm.
851 1234 905 1295 ΠΙ.
937 1233 1009 1296 Car.
1032 1234 1164 1295 m-v.
1192 1232 1238 1316 §§
1261 1231 1386 1297 h-ll.
1673 1235 1736 1301 277

411 1391 447 1456 A.
473 1393 605 1455 horsus
631 1393 789 1455 existimo.
833 1394 874 1454 M.
896 1394 942 1453 Ne
972 1393 1032 1455 ista
1059 1392 1196 1474 gloriosa
1226 1393 1382 1475 sapientia
1404 1414 1468 1457 non
1499 1415 1612 1478 magno
1641 1397 1736 1460 aesti-

412 1485 525 1550 manda
554 1495 619 1560 est,
648 1487 674 1548 si
703 1485 831 1568 quidem
860 1507 924 1548 uon
952 1487 1085 1549 multum
1114 1486 1219 1550 differt
1246 1487 1285 1550 ab
1307 1489 1441 1551 insania.
1478 1490 1514 1553 il.
1538 1490 1645 1565 Quidi
1677 1493 1734 1555 tihi

411 1582 553 1644 omnisne
582 1580 679 1643 animi
708 1580 877 1642 commotio
906 1580 1030 1643 videtur
1056 1580 1203 1644 insaniat
1239 1583 1281 1644 Μ.
1302 1582 1373 1643 Nou
1403 1582 1478 1644 mihi
1503 1582 1632 1666 quidem
1660 1585 1735 1659 soli,

412 1673 482 1747 sed,
511 1674 543 1736 id
574 1672 660 1757 quod
688 1674 834 1736 admirari
861 1693 956 1755 saepe
987 1674 1093 1747 soleo,
1128 1676 1298 1738 maioribus
1321 1696 1450 1758 quoque
1471 1677 1587 1740 nostris
1609 1677 1670 1741 hoc
1691 1680 1735 1742 ita

412 1768 510 1830 risum
533 1767 685 1849 intellego
710 1766 817 1829 multis
840 1766 973 1829 saeculis
996 1775 1069 1829 ante
1093 1768 1257 1843 Socraten,
1283 1789 1301 1831 a
1325 1790 1388 1854 quo
1410 1770 1488 1833 haec
1511 1774 1629 1847 omnis,
1654 1781 1759 1856 quael

412 1870 457 1925 est
486 1862 526 1925 de
563 1862 624 1924 vita
654 1872 685 1924 et
713 1862 752 1924 de
780 1861 933 1933 moribus,
967 1860 1167 1943 philosophia
1197 1862 1345 1926 manavit.
1380 1863 1417 1927 Α.
1441 1863 1585 1939 Quonam
1609 1865 1736 1928 taudem

412 1957 524 2020 modat
558 1958 600 2020 Μ.
623 1954 706 2030 Quia
728 1973 843 2017 nomen
867 1954 1009 2016 insaniae
1032 1954 1187 2035 siguificat
1209 1958 1321 2018 mentis
1344 1961 1589 2039 aegrotationem
1605 1968 1636 2023 et
1654 1980 1736 2022 mor·

411 2051 494 2113 bum.
527 2048 557 2110 9.
576 2047 698 2133 [Omnis
720 2055 823 2110 autem
846 2047 1101 2129 perturbationes
1124 2049 1218 2111 animi
1235 2051 1361 2113 morbos
1378 2051 1557 2136 philosophi
1574 2051 1736 2134 appellant

412 2151 589 2228 negantque
618 2142 748 2203 stultum
773 2162 964 2224 quemquam
994 2142 1042 2204 his
1071 2143 1188 2204 morbis
1210 2163 1334 2217 vacare;
1367 2146 1420 2227 qui
1443 2155 1548 2208 autem
1572 2148 1604 2208 in
1626 2146 1735 2208 morbo

413 2246 495 2311 sunt,
529 2239 597 2300 sani
628 2256 692 2298 nou
723 2244 814 2308 suut,
849 2244 880 2298 et
906 2236 1045 2298 omnium
1073 2236 1290 2317 insipientium
1318 2238 1414 2300 animi
1444 2239 1477 2300 in
1509 2240 1619 2301 morbo
1642 2246 1774 2302 suntsto

413 2352 519 2395 omnes
541 2331 726 2414 insipientes
749 2330 846 2411 igitur
873 2324 1058 2413 insaniunt]
1100 2331 1271 2393 Sanitatem
1296 2333 1378 2394 enim
1402 2333 1577 2396 auimomm
1600 2335 1736 2416 positam

412 2429 442 2489 in
462 2423 692 2507 tranquillitate
716 2424 851 2506 quadam
875 2425 1115 2506 constantiaque
1137 2424 1323 2499 censebaut3
1344 2425 1394 2489 bis
1417 2427 1510 2489 rebus
1531 2435 1667 2490 mentem
1682 2446 1737 2491 va·

413 2540 498 2582 cuam
521 2517 722 2601 appellarunt
750 2517 962 2589 insaniam,
985 2526 1153 2601 propterea
1169 2518 1255 2600 quod
1271 2519 1303 2580 in
1320 2520 1499 2601 perturbato
1513 2521 1633 2594 animo,
1656 2521 1738 2584 sicut

412 2613 611 2694 incorpore,
633 2611 753 2673 sanitas
776 2632 846 2674 esse
869 2632 932 2674 uon
955 2619 1072 2692 posset.

493 2708 530 2767 V.
548 2702 599 2767 40.
620 2707 685 2767 Nec
701 2706 804 2767 minus
820 2704 899 2767 illud
915 2714 1023 2780 acute,
1047 2705 1132 2787 quod
1150 2706 1247 2768 animi
1263 2705 1474 2769 adlectionem
1489 2707 1609 2770 lumine
1624 2709 1775 2772 mentisto

411 2811 565 2864 carentem
594 2798 839 2861 nominaverunt
861 2802 1068 2862 amentiam
1093 2798 1293 2882 eandemque
1316 2799 1562 2863 dementiam.
1605 2801 1653 2862 Ex
1674 2821 1737 2883 quo

411 2893 657 2977 intellegendum
680 2901 728 2955 est
751 2912 822 2966 eos,
851 2894 907 2975 qui
928 2892 1008 2955 haec
1030 2892 1125 2955 rebus
1148 2894 1274 2955 nomina
1298 2901 1487 2975 posuerunt,
1517 2893 1655 2957 sensisse
1675 2894 1738 2958 hoc

411 2990 509 3063 idem,
534 2987 661 3072 quoda
685 2986 815 3048 Socrate
837 2994 1002 3067 acceptum
1025 2985 1194 3069 diligenter
1217 2987 1315 3048 Stoici
1336 2988 1550 3061 retinuerunt,
1573 2990 1673 3052 omnis
1690 2988 1738 3050 in·

411 3084 561 3165 sipieutes
583 3099 653 3144 esse
677 3100 740 3142 nou
764 3099 869 3141 sanos.
907 3079 970 3154 Qui
992 3088 1040 3142 est
1062 3080 1146 3143 enim
1161 3082 1285 3143 animus
1301 3080 1333 3141 in
1351 3080 1460 3162 aliquo
1475 3081 1585 3144 morbo
1600 3116 1640 3130 -
1656 3101 1739 3143 mor·

411 3176 466 3239 hos
488 3184 594 3239 autem
608 3174 669 3236 hos
683 3174 883 3255 perturbatos
899 3181 1023 3247 motus,
1046 3182 1081 3236 ut
1098 3173 1192 3236 modo
1209 3173 1292 3246 dixi,
1314 3173 1497 3256 philosophi
1513 3174 1674 3257 appellant
1687 3196 1776 3249 -,sn

412 3289 473 3331 non
497 3269 598 3350 magis
621 3276 669 3329 est
691 3287 787 3329 sanus
810 3287 902 3350 quam
926 3267 958 3329 id
982 3287 1113 3348 corpus,
1136 3267 1222 3349 quod
1244 3268 1277 3328 in
1300 3267 1409 3329 morbo
1433 3275 1488 3329 est.
1523 3268 1569 3330 lta
1592 3264 1675 3330 litut
1689 3288 1739 3331 sa·

413 3364 530 3445 pientia
558 3363 676 3424 sanitas
706 3362 747 3422 sit
775 3361 890 3433 animi,
919 3361 1101 3443 insipientia
1130 3369 1234 3422 autem
1264 3360 1355 3442 quasi
1386 3360 1537 3422 insanitas
1565 3361 1739 3442 quaedam,

413 3476 493 3540 quaa
517 3463 566 3518 est
588 3454 712 3517 insania
735 3454 910 3538 eademque
933 3455 1111 3529 dementia;
1134 3453 1297 3536 multoque
1317 3454 1429 3517 melius
1451 3453 1528 3516 haec
1544 3462 1651 3526 notata
1666 3463 1740 3518 sunt

411 3551 515 3613 verbis
539 3550 659 3613 Latinis
682 3569 775 3632 quam
800 3549 942 3623 Graecis,
973 3548 1058 3631 quod
1081 3549 1152 3611 aliis
1175 3567 1303 3631 quoque
1325 3548 1431 3611 multis
1454 3547 1533 3610 locis
1554 3550 1739 3630 reperietur.

411 3644 470 3706 Sed
494 3644 527 3706 id
550 3645 646 3716 alias,
669 3663 753 3704 nuuc
777 3643 862 3725 quod
885 3643 990 3705 instat.
1037 3636 1086 3703 ll.
1109 3644 1223 3703 Totum
1245 3642 1342 3723 igitur
1364 3641 1412 3715 id,
1435 3640 1522 3723 quod
1546 3643 1778 3726 quaerimus„

412 3740 486 3821 quid
516 3748 547 3801 et
569 3738 663 3822 quale
691 3738 732 3799 sit
752 3737 840 3799 verbi
864 3738 909 3798 vis
933 3738 1001 3817 ipsa
1025 3735 1172 3798 declarat.
1209 3737 1272 3798 Eos
1295 3736 1379 3798 enim
1402 3755 1496 3798 sanos
1519 3737 1669 3818 quoniam
1691 3738 1740 3799 in·

411 3831 514 3913 tellegi
541 3851 672 3894 necesse
702 3839 764 3904 est,
796 3850 932 3913 quorum
964 3849 1051 3892 meus
1080 3837 1167 3891 motu
1198 3830 1288 3911 quasi
1311 3829 1421 3891 morbo
1444 3830 1628 3911 perturbata
1650 3830 1739 3893 nullo

412 3926 465 4000 sit,
497 3926 552 4008 qui
586 3934 693 3987 contra
722 3922 837 3987 adlecti
864 3924 942 3996 siut,
972 3923 1029 3985 hos
1052 3922 1181 3985 insanos
1204 3922 1356 4005 appellari
1380 3942 1510 3985 necesse
1534 3931 1591 3985 est.
1627 3923 1739 4006 ltaque

475 4215 498 4262 4.
517 4213 610 4262 Naso
633 4239 654 4246 -
676 4212 699 4259 i.
720 4210 809 4273 differt]
829 4209 887 4272 syll.
906 4212 955 4271 tert
973 4212 997 4259 in
1016 4223 1107 4258 rasura
1128 4209 1208 4259 hahet
1226 4211 1245 4257 G
1269 4237 1290 4244 -
1314 4208 1335 4258 4.
1356 4211 1464 4258 amirari
1483 4222 1551 4258 corr,
1572 4210 1595 4257 in
1614 4210 1740 4259 admirari

411 4291 443 4347 ii,
463 4290 597 4337 ammirari
615 4289 634 4333 G
654 4312 679 4320 -
700 4288 723 4334 5.
744 4288 872 4332 Socratem
890 4286 969 4332 GiiO
988 4312 1012 4319 -
1034 4284 1056 4332 6,
1077 4286 1196 4345 quoniam
1216 4282 1244 4333 G¹
1259 4310 1284 4317 -
1305 4285 1328 4332 i.
1343 4284 1456 4331 morbum
1473 4283 1597 4345 Bentley:
1616 4284 1738 4346 morbum,

410 4366 485 4414 idest
502 4364 665 4413 insanitatem
681 4367 704 4409 ct
721 4367 851 4422 aegrotam
863 4363 989 4419 ariimnm,
1009 4374 1086 4421 qnam
1104 4361 1262 4421 appellarant
1280 4361 1405 4407 insaniam
1419 4360 1437 4407 C
1449 4360 1477 4407 Ο.
1497 4358 1559 4408 «Vel
1579 4357 1649 4418 illud,
1669 4359 1741 4422 quod

410 4439 473 4488 inira
493 4438 602 4486 demum
622 4436 644 4498 (S
663 4438 701 4496 toi
721 4437 855 4494 insanitas,
876 4434 1034 4483 vocabulum
1053 4438 1109 4482 tum
1129 4448 1242 4492 novum,
1262 4434 1351 4482 addito
1370 4433 1442 4495 qnasi
1453 4434 1576 4494 quaedam
1588 4438 1740 4495 excusatur,

409 4517 567 4576 argumento
585 4515 636 4565 cst.
657 4513 707 4559 hoc
725 4510 782 4559 loco
796 4510 877 4557 verba
895 4511 922 4557 id
939 4515 972 4556 est
990 4512 1247 4558 insanitatem--
1259 4511 1400 4567 insaniam,
1421 4523 1488 4571 quae
1502 4509 1681 4569 turpissimam
1694 4508 1741 4557 ha-

409 4588 474 4637 bent
496 4586 680 4647 tautologiam,
704 4586 792 4648 spuria
816 4598 877 4633 esse
903 4586 941 4644 (er
961 4588 1079 4632 extrema
1101 4585 1150 4633 hac
1170 4589 1245 4633 etex
1265 4584 1278 4646 ἓ
1298 4585 1327 4633 to
1346 4583 1500 4643 coniectat·
1520 4584 1560 4630 W.
1588 4581 1741 4633 «Bentleius

408 4663 556 4711 rectissime
575 4662 650 4717 vidit,
671 4660 751 4708 rerba
770 4661 796 4707 ici
813 4665 894 4708 est--
906 4662 1032 4707 insaniam
1050 4661 1112 4709 hinc
1131 4659 1213 4709 aliena
1234 4672 1302 4708 csse.
1331 4658 1381 4707 Sed
1401 4656 1510 4706 ulterius
1525 4657 1648 4720 progredi
1662 4671 1742 4721 opor·

407 4738 495 4797 lebat,
521 4751 571 4785 nec
594 4736 769 4784 dubitandum
793 4736 855 4797 quin
874 4738 1010 4796 sequeutia
1030 4748 1151 4797 quoque,
1178 4733 1313 4798 usquead
1333 4735 1472 4792 insaniant,
1497 4733 1607 4780 insiticia
1625 4732 1691 4791 sint,
1715 4732 1740 4780 in

407 4812 506 4876 quibus
524 4825 577 4873 quo
596 4813 701 4860 nominc
718 4811 853 4871 philosophi
872 4809 1048 4871 appellarent.
1068 4808 1229 4858 alienissimo
1247 4809 1304 4858 loco
1323 4809 1427 4866 dicitur,
1447 4812 1472 4856 et
1490 4806 1625 4856 sollemnis
1640 4807 1742 4856 Stoico-

407 4901 468 4937 rum
487 4886 656 4948 syllogismus
676 4888 844 4949 proponitur:
864 4889 919 4932 tum
939 4884 1078 4933 subiicitur
1095 4887 1227 4934 sanitatem
1244 4887 1323 4944 mim,
1343 4898 1411 4948 quae
1431 4882 1500 4933 nullo
1518 4881 1598 4931 modo
1616 4895 1677 4929 curn
1693 4880 1741 4931 illis

408 4965 530 5024 coniungi
549 4966 673 5026 possunt,
694 4964 720 5009 et
737 4960 811 5008 uerbi
830 4960 958 5009 censebant
978 4963 1045 5018 (mor
1059 4960 1227 5020 appellarant)
1246 4960 1395 5009 subiectum
1409 4970 1461 5008 non
1475 4959 1516 5006 est
1529 4957 1674 5018 philosophi,
1693 4956 1741 5006 sed

406 5042 517 5088 maiores
534 5039 620 5086 nostri.
650 5038 690 5084 Sic
709 5035 869 5084 habebimus
888 5048 938 5083 non
958 5037 1130 5097 interruptam
1147 5035 1400 5084 demonstrationem
1419 5033 1485 5091 eius,
1505 5030 1575 5094 quod
1591 5030 1742 5095 quaereha-

407 5120 460 5164 tur.
488 5116 636 5162 Stoicorum
655 5111 717 5159 iilud
736 5111 868 5174 aliquanto
887 5114 946 5172 post
965 5112 986 5172 (ἓ
1005 5112 1045 5173 to)
1064 5125 1113 5159 suo
1132 5109 1188 5159 loco
1207 5113 1414 5166 commemorat,
1437 5122 1519 5157 omnes
1537 5108 1678 5168 insipientes
1694 5121 1744 5157 essa

406 5205 457 5238 nan
475 5203 563 5238 sanos:
584 5191 610 5236 et
629 5186 699 5249 quod
718 5192 773 5234 tum
793 5185 938 5241 subiicitur,
959 5186 992 5233 de
1009 5187 1088 5234 morbi
1108 5186 1250 5243 vocabulo,
1271 5191 1298 5234 nt
1315 5187 1387 5234 mado
1404 5185 1474 5243 dixi,
1493 5184 1607 5246 pertinet
1624 5182 1656 5231 ad
1675 5181 1742 5244 57.»

408 5267 478 5315 lissa
497 5265 522 5324 (1.
542 5262 558 5312 Ι.
579 5277 604 5325 ρ.
625 5263 680 5319 89),
701 5265 741 5310 cui
761 5261 881 5309 obsecuti
899 5259 980 5307 rcrha
1000 5262 1087 5309 Omnes
1105 5269 1188 5310 antem
1201 5287 1235 5296 --
1248 5263 1375 5310 insaniunt
1393 5258 1560 5309 seclusimus.
1588 5256 1668 5307 Aliter
1685 5270 1742 5307 rem

408 5340 544 5403 expedivit
563 5338 729 5400 Wesenberg
747 5339 846 5401 pariter
864 5336 996 5384 oliensus:
1017 5336 1095 5384 uhlira
1116 5335 1270 5398 negligentia
1285 5337 1378 5384 Cicero
1397 5347 1457 5382 cum
1476 5333 1573 5382 docere
1588 5330 1665 5380 vellet
1684 5342 1744 5379 om-

407 5428 471 5464 nem
489 5416 568 5462 animi
588 5417 794 5462 commotionem
814 5424 866 5461 non
885 5412 971 5459 minus
992 5410 1136 5460 maioribus
1155 5424 1234 5474 quam
1254 5410 1416 5473 philosophis
1434 5409 1540 5457 Graecis
1559 5407 1685 5456 insaniam
1705 5407 1744 5453 vi·

409 5504 468 5540 sam
487 5503 561 5546 esse,
585 5488 619 5536 ab
642 5489 737 5536 horum
763 5486 931 5535 conclusione
956 5486 1009 5547 (qai
1021 5512 1055 5521 --
1068 5487 1208 5547 insaniant)¹
1226 5485 1258 5534 od
1281 5485 1382 5534 iliorum
1401 5484 1560 5533 sententiam
1578 5483 1613 5530 ita
1631 5481 1741 5540 transiit,

408 5568 438 5613 nt
455 5564 585 5613 scriberet
603 5563 741 5611 Sanitatem
758 5563 835 5610 enim
848 5563 897 5608 cet.
914 5573 964 5608 uon
979 5560 1118 5608 Sanitatem
1136 5566 1236 5608 antem
1255 5562 1398 5609 animorum
1413 5560 1554 5606 maiores
1576 5556 1681 5606 nostri
1695 5569 1743 5618 pa-

408 5641 483 5687 sitam
500 5641 569 5686 cet·
585 5663 610 5670 —
633 5636 669 5685 ll.
686 5644 767 5697 posset
787 5637 934 5684 Ernestius:
949 5637 1027 5696 possit
1046 5637 1104 5684 CO,
1125 5635 1189 5683 Vide
1208 5634 1241 5683 ad
1258 5636 1279 5683 il
1298 5634 1312 5696 S
1331 5633 1370 5684 43.
1387 5661 1412 5669 -
1434 5635 1472 5681 45.
1493 5634 1533 5682 itte
1550 5629 1579 5681 G¹
1599 5659 1624 5668 -
1646 5631 1685 5680 tt.
1704 5644 1743 5681 sa·

408 5715 509 5762 ¹1me
529 5715 555 5761 et
573 5725 640 5761 corr.
656 5713 809 5774 perantiqua
830 5725 864 5760 m.
882 5712 906 5759 in
925 5713 1024 5760 sensisse
1042 5712 1060 5760 li
1076 5739 1101 5747 —
1124 5712 1163 5759 49.
1178 5712 1269 5772 QnisC
1289 5711 1344 5771 (sed
1364 5712 1388 5758 in
1408 5710 1426 5758 li
1445 5723 1455 5756 s
1472 5708 1577 5757 videtur
1588 5705 1621 5755 ab
1635 5704 1682 5755 alia
1696 5706 1741 5768 m.)

414 5814 438 5822 —
458 5791 523 5836 enim
540 5789 690 5835 animares!
708 5787 727 5834 Ο
748 5813 772 5820 -
794 5787 834 5834 ii.
854 5788 996 5846 insipientia
1013 5792 1097 5836 autem
1115 5787 1187 5849 qnasi
1203 5786 1339 5846 insanitas,
1361 5797 1426 5846 qaae
1442 5790 1500 5832 esset
1516 5783 1626 5842 insania,
1644 5782 1744 5831 cadara·

411 5876 457 5925 qus
474 5864 596 5913 dementia
613 5864 712 5912 Nonius
729 5875 755 5925 p.
770 5862 826 5910 tii.
842 5887 867 5896 -
888 5862 929 5909 i'l.
948 5863 1018 5910 natta
1036 5862 1083 5910 Gli
1103 5866 1130 5911 et
1147 5875 1216 5911 corr.
1237 5860 1385 5911 cadmia
1403 5858 1471 5907 natio
1488 5858 1507 5906 B
1523 5883 1549 5892 -
1568 5856 1609 5907 28.
1629 5856 1743 5908 santBO

414 5964 439 5974 -
458 5938 542 5987 insani
561 5939 604 5986 0¹.
