4342 7459
767 1254 836 1318 sn.
850 1254 875 1317 1.
905 1250 979 1317 cn.
994 1252 1098 1317 xxx.
1126 1250 1173 1336 ss
1188 1245 1376 1322 toa-too.
1670 1245 1734 1315 444

408 1416 495 1494 Quin
524 1415 639 1490 etiam,
667 1415 694 1479 si
723 1414 794 1498 quis
823 1419 872 1478 est
900 1412 997 1497 paulo
1019 1413 1059 1477 ad
1081 1413 1263 1496 voluptates
1284 1414 1487 1498 propensior,
1516 1411 1610 1476 4444444
1632 1430 1673 1476 ne
1694 1410 1735 1474 sit

408 1531 449 1576 ax
471 1511 629 1595 pecudum
651 1528 767 1593 genere
789 1543 830 1556 -
852 1516 926 1572 sunt
948 1508 1030 1572 enim
1054 1508 1183 1591 quidam
1203 1506 1349 1572 homines
1371 1525 1437 1570 non
1458 1526 1504 1581 re,
1526 1507 1583 1570 sed
1604 1507 1734 1570 nomine

407 1640 464 1679 -,
487 1604 543 1668 sed
567 1604 593 1667 si
617 1604 689 1687 quis
710 1611 760 1666 est
781 1602 876 1686 paulo
899 1602 1049 1676 erectior,
1071 1601 1217 1686 quamvis
1238 1602 1401 1684 voluptate
1423 1600 1574 1685 capiatur,
1596 1599 1736 1664 occultat

409 1707 442 1762 et
463 1695 641 1762 dissimulat
668 1697 842 1781 appetitum
868 1695 1038 1778 voluptatis
1059 1703 1192 1779 propter
1211 1694 1447 1759 verecundiam.
1495 1689 1568 1758 400.
1599 1693 1735 1776 Exque

407 1788 603 1875 intellegitur
631 1791 774 1875 corporis
804 1788 999 1873 voluptatem
1029 1809 1093 1854 non
1127 1790 1205 1854 satis
1234 1809 1305 1853 esse
1335 1788 1462 1871 dignam
1483 1787 1622 1852 hominis
1644 1798 1760 1871 prae-t

410 1884 527 1948 stantia
549 1903 684 1969 eamque
707 1884 868 1949 contemni
890 1891 923 1947 et
943 1883 1019 1947 reici
1042 1892 1201 1969 oportere,
1223 1885 1272 1947 sio
1295 1882 1528 1967 sttoqntspiam,
1543 1883 1599 1967 qui
1614 1880 1736 1965 aliquid

408 1979 527 2042 trihuat
548 1978 723 2062 voluptati,
754 1977 924 2060 diligenter
953 1976 981 2039 ei
1012 1977 1186 2041 tenendam
1216 1997 1287 2042 esse
1314 1978 1384 2041 eius
1411 1976 1564 2041 fruendae
1592 1976 1734 2040 modum.

407 2072 519 2157 ltaque
549 2072 650 2136 victus
679 2072 847 2156 cultusque
878 2071 1021 2153 corporis
1051 2070 1092 2134 ad
1114 2070 1329 2135 valetudinem
1350 2069 1506 2134 referatur
1527 2067 1620 2135 etad
1642 2067 1736 2141 vires,

408 2185 473 2229 non
495 2165 534 2229 ad
558 2166 764 2249 voluptatem.
807 2168 911 2250 Atque
933 2163 1046 2240 etiam,
1076 2165 1104 2228 si
1126 2165 1328 2229 considerare
1351 2164 1511 2239 volemus,
1538 2161 1737 2246 quaesitio

407 2267 521 2324 natura
550 2261 741 2324 excelientia
769 2267 802 2323 et
831 2259 986 2342 dignitas,
1017 2258 1257 2342 intellegemus,
1291 2276 1385 2342 quam
1412 2260 1454 2321 sit
1480 2266 1572 2343 turpe
1592 2256 1775 2322 dillluerest

407 2354 533 2418 luxuria
555 2362 588 2418 et
609 2354 743 2417 delicate
771 2373 809 2417 ac
831 2352 969 2417 molliter
991 2353 1115 2428 vivere,
1147 2372 1307 2437 quamque
1328 2352 1499 2417 honestum
1521 2371 1633 2435 parce,
1661 2369 1738 2416 con·

409 2448 565 2523 tinenter,
587 2467 716 2523 severe,
738 2446 854 2511 sohrie.

495 2537 567 2605 407.
597 2542 849 2626 Intellegendum
881 2545 973 2607 etiam
1004 2550 1052 2606 est
1081 2540 1203 2605 duabus
1233 2541 1326 2625 quasi
1354 2559 1413 2604 nos
1435 2559 1454 2603 a
1476 2545 1588 2604 natura
1609 2540 1739 2604 indutos

410 2655 481 2699 esse
502 2636 661 2719 personis,
684 2655 818 2719 quarum
841 2656 905 2699 una
927 2635 1104 2700 communis
1127 2643 1240 2698 estex
1263 2655 1312 2708 eo,
1334 2635 1420 2718 quod
1443 2652 1554 2697 omnes
1569 2632 1739 2718 participes

410 2749 519 2793 sumus
541 2729 672 2792 rationis
694 2732 970 2814 praestantiaeque
994 2730 1072 2803 eius,
1088 2748 1151 2812 qua
1165 2728 1384 2791 antecellimus
1399 2727 1520 2802 hestiis,
1534 2747 1553 2791 a
1568 2747 1631 2812 qua
1645 2738 1778 2791 omnett

408 2824 578 2888 honestum
602 2823 817 2907 decorumque
841 2825 977 2889 trahitur
997 2831 1029 2888 et
1051 2844 1093 2887 ex
1115 2842 1178 2905 qua
1200 2822 1281 2886 ratio
1303 2822 1486 2887 inveniendi
1509 2818 1606 2886 officii
1629 2820 1741 2904 exqui-

409 2919 506 2994 ritur,
529 2918 626 2983 altera
648 2925 770 2994 autem,
799 2938 880 3001 qnae
902 2919 1031 3003 proprie
1052 2917 1187 2998 singulis
1209 2924 1259 2981 est
1280 2917 1407 2981 trihuta.
1450 2917 1490 2981 Ut
1510 2916 1594 2981 enim
1617 2916 1650 2979 in
1673 2934 1742 2979 eor-

410 3014 541 3098 porihus
570 3031 704 3094 magnae
735 3012 1011 3076 dissimilitudines
1039 3019 1115 3075 sunt
1146 3046 1184 3057 -
1220 3011 1300 3075 alios
1326 3011 1471 3074 videmus
1504 3011 1671 3076 velocitate
1699 3009 1741 3076 ad

412 3126 559 3183 cursum,
585 3105 667 3169 alios
689 3105 810 3170 virihns
832 3105 873 3169 ad
894 3106 1077 3169 luctandum
1101 3104 1221 3181 valere,
1250 3105 1391 3188 itemque
1412 3106 1447 3168 in
1467 3104 1578 3171 formis
1599 3107 1671 3171 aliis
1694 3105 1742 3169 di·

412 3202 564 3283 gnitatem
586 3202 703 3274 inesse,
726 3200 797 3263 aliis
812 3208 1009 3264 venustatem
1024 3234 1083 3275 -,
1098 3200 1193 3264 sicin
1208 3199 1324 3263 animis
1338 3199 1482 3265 existunt
1494 3202 1631 3265 maiores
1646 3200 1779 3265 etiamst

412 3294 591 3359 varietates.
635 3289 708 3356 408.
729 3294 805 3358 Erat
825 3295 859 3358 in
882 3294 917 3356 L.
940 3293 1068 3369 Crasso,
1097 3294 1133 3356 in
1153 3294 1191 3357 L.
1206 3293 1351 3377 Philippo
1373 3292 1491 3359 multus
1512 3293 1619 3380 lepos,
1641 3294 1743 3359 maior

412 3388 508 3452 etiam
539 3390 704 3472 magisque
733 3388 774 3452 de
802 3388 959 3452 industria
980 3389 1015 3452 in
1038 3387 1072 3451 C.
1096 3388 1248 3463 Caesam,
1270 3387 1305 3450 4..
1327 3387 1410 3453 lilio:
1439 3397 1473 3453 at
1494 3388 1596 3453 isdem
1618 3395 1742 3472 tempo-

411 3482 500 3545 ribus
521 3482 555 3545 in
575 3484 618 3547 44.
642 3482 760 3546 Scauro
782 3489 815 3546 et
835 3484 868 3546 iu
890 3484 933 3547 44.
954 3485 1059 3546 Druso
1088 3482 1294 3546 adulescente
1322 3482 1490 3565 singularis
1512 3484 1677 3559 severitas,
1706 3482 1740 3545 in

414 3574 447 3638 C.
464 3576 574 3639 Laelio
597 3577 695 3640 multa
718 3575 878 3651 hilaritas,
901 3578 934 3640 in
957 3577 1026 3640 eius
1048 3574 1196 3640 familiari
1220 3576 1369 3659 Scipione
1392 3577 1522 3641 ambitio
1545 3577 1653 3651 maior,
1676 3574 1741 3638 rita

412 3670 541 3735 tristior.
584 3672 632 3734 Ile
647 3670 776 3734 Graecis
797 3679 902 3734 autem
925 3671 1049 3735 dulcem
1071 3679 1105 3736 et
1124 3670 1261 3735 facetum
1284 3670 1454 3755 festivique
1473 3670 1628 3735 sermonis
1643 3676 1779 3753 atqueat

412 3763 554 3828 inomni
578 3765 724 3828 oratione
746 3765 973 3839 simulatorem,
996 3785 1091 3849 quem
1113 3769 1232 3849 sipara
1254 3766 1367 3829 Graeci
1387 3765 1606 3840 nominarunt,
1629 3764 1741 3827 Socra·

412 3863 476 3921 tem
498 3858 693 3941 accepimus,
723 3869 831 3924 contra
853 3858 1060 3942 Pythagoram
1091 3868 1122 3923 et
1152 3859 1304 3923 Periclem
1336 3879 1488 3925 summam
1518 3857 1742 3923 auctoritatem

413 3960 603 4016 consecutos
625 3953 694 4015 sine
716 3952 780 4016 ulla
801 3952 971 4033 hilaritate.
1016 3952 1173 4016 Callidum
1195 3953 1406 4017 Hannibalem
1428 3974 1469 4017 ex
1484 3955 1678 4027 Poenorum,
1700 3969 1742 4015 es

412 4046 531 4109 nostris
553 4045 687 4109 ducibus
709 4047 748 4123 Q.
763 4047 938 4109 llaximum
960 4047 1157 4131 accepimus,
1184 4046 1276 4110 iacile
1298 4047 1420 4122 celare,
1448 4055 1569 4123 tacere,
1593 4046 1743 4111 dissimu-

413 4139 490 4214 lare,
512 4139 672 4215 insidiari,
696 4141 876 4223 praeripere
899 4141 1037 4204 hostium
1061 4140 1205 4204 consilia.
1250 4141 1285 4203 lo
1310 4163 1374 4225 quo
1397 4162 1512 4225 genere
1534 4142 1644 4204 Graeci
1659 4139 1780 4202 The-at

414 4234 591 4297 mistoclem
614 4242 645 4297 et
668 4235 840 4297 Pheraeum
869 4235 1013 4298 lasonem
1043 4235 1157 4297 ceteris
1179 4242 1390 4317 anteponunt,
1419 4236 1453 4298 in
1475 4236 1651 4320 primisque
1673 4254 1743 4297 rer·

415 4334 521 4390 sutum
544 4336 575 4391 et
596 4328 745 4392 callidum
769 4329 886 4392 lactum
909 4329 1053 4403 Solonis,
1075 4328 1142 4411 qui,
1164 4349 1228 4412 quo
1250 4337 1282 4391 et
1303 4330 1404 4393 tutior
1424 4330 1494 4393 cius
1516 4331 1581 4394 rita
1603 4336 1689 4393 esset
1710 4335 1744 4392 et

414 4421 487 4507 plus
515 4423 677 4506 aliquanto
708 4423 754 4485 rei
783 4423 929 4506 publicae
959 4421 1139 4507 prodesset,
1170 4422 1332 4486 interese
1355 4423 1523 4487 simulavit.
1568 4420 1640 4485 409.
1663 4423 1744 4487 Sunt

415 4515 466 4579 his
489 4517 543 4579 alii
567 4517 699 4580 multum
723 4517 876 4600 dispares,
898 4515 1058 4600 simplices
1081 4523 1114 4580 et
1134 4517 1248 4598 aperti,
1271 4518 1325 4600 qui
1346 4517 1427 4580 nihil
1450 4538 1491 4581 ex
1506 4516 1648 4591 occulto,
1663 4515 1743 4579 nihil

419 4607 459 4672 de
481 4610 607 4674 insidiis
630 4611 787 4692 agendum
810 4618 938 4695 putant,
962 4611 1102 4674 veritatis
1125 4609 1277 4685 cultores,
1299 4609 1421 4675 fraudis
1443 4612 1580 4688 inimici,
1602 4613 1781 4695 itemqueas

415 4703 487 4778 alii,
511 4704 564 4787 qui
587 4704 714 4787 quidvis
736 4706 971 4789 perpetiantur,
996 4705 1096 4769 cuivis
1118 4704 1312 4781 deserviant,
1343 4708 1417 4771 dum
1440 4705 1525 4791 quod
1547 4705 1646 4769 velint
1667 4724 1745 4768 con·

415 4806 606 4882 sequantur,
636 4808 671 4863 ut
693 4799 813 4865 Sullam
835 4808 868 4864 et
888 4803 930 4865 hl.
953 4801 1101 4866 Crassum
1130 4800 1325 4866 videbamus.
1369 4802 1441 4878 Quo
1470 4802 1502 4867 in
1530 4820 1646 4884 genere
1674 4819 1745 4863 ver·

483 4986 507 5036 t.
523 4985 603 5046 puato
619 4990 655 5035 est
671 4997 686 5035 o
704 5013 737 5023 -
754 4986 778 5037 9.
791 4987 929 5049 44444444)
948 5013 976 5024 -
994 4987 1072 5037 suam
1088 4999 1171 5038 oms
1191 5013 1218 5024 -
1236 4986 1348 5037 44444444
1363 4986 1420 5037 44444
1439 4987 1460 5049 ts
1471 5000 1539 5038 corr.
1553 4986 1613 5038 ead.
1626 4999 1662 5038 444.
1677 4986 1744 5049 exal

416 5070 447 5110 a:
465 5059 583 5110 mitanas
598 5059 697 5119 AB¹h3
715 5062 834 5111 4444444444
850 5073 865 5111 4
884 5089 911 5099 -
937 5062 977 5113 to.
995 5068 1092 5112 actara
1109 5064 1144 5114 C:
1162 5067 1259 5113 setara
1275 5062 1381 5113 44444444
1396 5072 1412 5113 ο
1430 5063 1491 5125 [non
1509 5064 1583 5124 ahu)
1602 5089 1630 5103 -
1648 5062 1746 5113 44444444·

415 5136 499 5199 pissas
515 5151 591 5199 qaam
607 5150 632 5185 ss
647 5141 720 5199 trapa
736 5137 849 5201 dimam
864 5138 982 5198 taearta,
1005 5138 1109 5188 44444444
1128 5151 1159 5188 aa
1175 5138 1283 5189 molliter
1297 5140 1383 5190 atcere
1402 5140 1502 5190 Nonius
1523 5153 1549 5204 p.
1565 5139 1624 5191 339.
1645 5162 1671 5175 ·-
1703 5138 1743 5187 43.

416 5215 453 5259 est
469 5213 545 5260 444444
562 5212 583 5261 ll
602 5237 629 5247 -
649 5212 872 5262 incameratam
888 5226 920 5263 er
938 5215 1024 5277 primo
1042 5214 1076 5264 de
1095 5214 1188 5265 officiis
1205 5213 1292 5263 adiert
1304 5213 1448 5264 Diomedes
1459 5216 1515 5266 Art.
1528 5226 1639 5277 gramm.
1652 5210 1743 5278 pili,

416 5283 450 5333 40
468 5285 511 5335 ed.
529 5283 593 5336 lieil.
616 5311 642 5322 -
671 5286 711 5337 48.
730 5287 794 5336 otios
809 5289 875 5337 44444
890 5288 1035 5337 aldemaro
1064 5316 1090 5325 -
1120 5290 1160 5339 49.
1178 5289 1336 5339 alticoma
1361 5315 1388 5326 -
1412 5290 1453 5339 44.
1472 5290 1499 5339 ts
1516 5292 1577 5339 ante
1594 5290 1622 5339 l.
1636 5286 1746 5349 44444444

417 5365 638 5417 ommate·
666 5362 799 5423 tepaslla
827 5390 852 5399 -
881 5364 1069 5414 22.dsom.o
1090 5364 1287 5428 -fltioczl'¹
1308 5377 1323 5415 4
1343 5363 1746 5422 -4444444444444444,4444444

416 5443 502 5484 44-
524 5436 564 5486 43.
582 5438 617 5485 M.
638 5438 707 5494 tante
720 5438 810 5500 444444)
829 5449 910 5489 omo
934 5464 961 5475 -
989 5439 1030 5490 44.
1049 5453 1080 5489 co
1097 5441 1153 5489 4444
1170 5441 1223 5490 eius
1238 5440 1376 5501 [4444444444
1391 5441 1506 5502 sapsam
1523 5439 1625 5489 44444444
1646 5438 1746 5489 Nonius

417 5522 445 5574 p.
455 5508 503 5559 409
520 5523 541 5560 s.
556 5524 580 5559 v.
594 5512 671 5562 triste.
699 5512 832 5564 Excidisse
850 5514 920 5578 apud
933 5515 1046 5565 Nonium
1065 5515 1142 5565 huius
1160 5512 1275 5577 exempli
1292 5516 1372 5565 tinam
1391 5515 1567 5579 etsaquentls
1579 5513 1745 5574 (4444444444)

417 5585 521 5634 tullium
539 5586 707 5637 manifestum
726 5591 775 5637 est.
796 5613 822 5623 —
846 5588 888 5638 46.
907 5590 1117 5639 dissimulatorem
1135 5588 1289 5641 Lambinus.
1310 5615 1337 5627 -
1361 5590 1446 5639 ironia
1461 5590 1548 5652 praeci
1564 5587 1673 5648 Altllh3
1691 5588 1746 5637 tro·

417 5659 480 5709 44444
496 5664 582 5723 gruem
599 5672 628 5720 a;
654 5664 723 5727 preci
738 5664 896 5713 4444444444
924 5691 951 5703 -
978 5667 1142 5716 seminarunt
1158 5678 1242 5728 emp
1270 5690 1296 5701 -·
1326 5665 1367 5715 st.
1385 5664 1493 5726 44444444
1510 5676 1550 5714 so
1575 5692 1601 5701 -
1625 5664 1667 5714 43.
1685 5677 1746 5713 coa·

417 5737 596 5797 ssqaatorhh
624 5761 650 5773 -
678 5737 855 5788 4444444444
883 5767 910 5776 -
937 5740 978 5790 49.
996 5742 1071 5803 444444
1086 5742 1170 5804 saccea
1186 5740 1442 5791 calarsdlastmalora
1458 5750 1473 5788 a
1492 5763 1519 5776 —
1543 5738 1583 5789 30.
1600 5738 1748 5801 4444444444

419 5810 453 5861 C:
472 5813 650 5873 praeciperso
678 5836 704 5848 -
733 5813 897 5864 thamstoctea
915 5816 961 5866 llo
989 5844 1015 5853 -
1045 5816 1238 5880 3t.pherasam
1254 5815 1426 5866 saionemlh
1453 5838 1479 5849 -
1508 5811 1549 5863 34.
1567 5814 1693 5864 amasso
1711 5812 1745 5863 C:

417 5884 574 5936 4444444444
604 5915 628 5924 -
656 5894 744 5939 essert
760 5889 818 5948 Ah;
835 5891 900 5952 torst
916 5895 971 5941 eto
997 5915 1025 5929 —
1055 5891 1095 5942 33.
1114 5905 1139 5942 44
1156 5903 1240 5955 444444
1266 5916 1294 5930 -
1323 5890 1362 5942 dd.
1382 5889 1447 5942 mc
1466 5888 1607 5954 (atlamatz
1630 5899 1698 5952 emp
1718 5912 1745 5926 -

417 5956 461 6011 34.
480 5961 593 6025 gaiam
612 5964 634 6013 44
651 5964 753 6015 Bllsh
772 5991 800 6002 -
823 5965 864 6020 34.
883 5966 975 6029 radam
992 5967 1106 6031 44444,
1129 5967 1212 6018 4444444
1228 5966 1287 6018 ΑΒ.
