<?xml version="1.0" encoding="UTF-8"?>
<!DOCTYPE html PUBLIC "-//W3C//DTD XHTML 1.0 Transitional//EN"
    "http://www.w3.org/TR/xhtml1/DTD/xhtml1-transitional.dtd">
<html xmlns="http://www.w3.org/1999/xhtml" xml:lang="en" lang="en">
 <head>
  <title>
</title>
<meta http-equiv="Content-Type" content="text/html;charset=utf-8" />
  <meta name='ocr-system' content='tesseract 3.04.00' />
  <meta name='ocr-capabilities' content='ocr_page ocr_carea ocr_par ocr_line ocrx_word'/>
</head>
<body>
  <div class='ocr_page' id='page_1' title='image "./operaquaesupers00halmgoog/operaquaesupers00halmgoog_0080.png"; bbox 0 0 4342 7459; ppageno 0'>
   <div class='ocr_carea' id='block_1_1' title="bbox 457 1248 1432 1333">
    <p class='ocr_par' dir='ltr' id='par_1_1' title="bbox 457 1248 1432 1333">
     <span class='ocr_line' id='line_1_1' title="bbox 457 1248 1432 1333; baseline 0.021 -20"><span class='ocrx_word' id='word_1_1' title='bbox 457 1248 498 1314; x_wconf 83' lang='grc'><strong>64</strong></span> <span class='ocrx_word' id='word_1_2' title='bbox 803 1260 1125 1329; x_wconf 77' lang='lat' dir='ltr'><strong>Acsnnmconuu</strong></span> <span class='ocrx_word' id='word_1_3' title='bbox 1145 1265 1432 1333; x_wconf 81' lang='lat' dir='ltr'>POSTERIORUM</span> 
     </span>
    </p>
   </div>
   <div class='ocr_carea' id='block_1_2' title="bbox 402 1427 1780 3958">
    <p class='ocr_par' dir='ltr' id='par_1_2' title="bbox 454 1427 1780 1788">
     <span class='ocr_line' id='line_1_2' title="bbox 456 1427 1780 1521; baseline 0.01 -31"><span class='ocrx_word' id='word_1_4' title='bbox 456 1427 545 1491; x_wconf 85' lang='lat' dir='ltr'><strong>teria.</strong></span> <span class='ocrx_word' id='word_1_5' title='bbox 581 1427 665 1492; x_wconf 88' lang='lat' dir='ltr'><strong>Nibil</strong></span> <span class='ocrx_word' id='word_1_6' title='bbox 687 1436 736 1492; x_wconf 89' lang='lat' dir='ltr'><strong>est</strong></span> <span class='ocrx_word' id='word_1_7' title='bbox 757 1432 838 1494; x_wconf 92' lang='lat' dir='ltr'><strong>enim</strong></span> <span class='ocrx_word' id='word_1_8' title='bbox 861 1432 947 1515; x_wconf 93' lang='lat' dir='ltr'><strong>quod</strong></span> <span class='ocrx_word' id='word_1_9' title='bbox 970 1453 1033 1497; x_wconf 96' lang='lat' dir='ltr'><strong>non</strong></span> <span class='ocrx_word' id='word_1_10' title='bbox 1055 1434 1170 1497; x_wconf 92' lang='lat' dir='ltr'><strong>alicubi</strong></span> <span class='ocrx_word' id='word_1_11' title='bbox 1193 1456 1264 1499; x_wconf 88' lang='lat' dir='ltr'><strong>esse</strong></span> <span class='ocrx_word' id='word_1_12' title='bbox 1286 1444 1425 1520; x_wconf 76' lang='lat' dir='ltr'><strong>cogatur.</strong></span> <span class='ocrx_word' id='word_1_13' title='bbox 1459 1437 1521 1500; x_wconf 86' lang='lat' dir='ltr'><strong>Sed</strong></span> <span class='ocrx_word' id='word_1_14' title='bbox 1536 1438 1621 1521; x_wconf 90' lang='lat' dir='ltr'><strong>quod</strong></span> <span class='ocrx_word' id='word_1_15' title='bbox 1637 1458 1677 1502; x_wconf 85' lang='lat' dir='ltr'><strong>ex</strong></span> <span class='ocrx_word' id='word_1_16' title='bbox 1691 1448 1780 1503; x_wconf 87' lang='lat' dir='ltr'><strong>utro·</strong></span> 
     </span>
     <span class='ocr_line' id='line_1_3' title="bbox 457 1521 1780 1613; baseline 0.01 -29"><span class='ocrx_word' id='word_1_17' title='bbox 457 1542 537 1605; x_wconf 90' lang='lat' dir='ltr'><strong>que,</strong></span> <span class='ocrx_word' id='word_1_18' title='bbox 559 1521 590 1585; x_wconf 95' lang='lat' dir='ltr'><strong>id</strong></span> <span class='ocrx_word' id='word_1_19' title='bbox 613 1525 676 1586; x_wconf 93' lang='lat' dir='ltr'><strong>iam</strong></span> <span class='ocrx_word' id='word_1_20' title='bbox 698 1543 813 1608; x_wconf 89' lang='lat' dir='ltr'><strong>corpus</strong></span> <span class='ocrx_word' id='word_1_21' title='bbox 836 1534 868 1589; x_wconf 92' lang='lat' dir='ltr'><strong>et</strong></span> <span class='ocrx_word' id='word_1_22' title='bbox 882 1527 972 1610; x_wconf 84' lang='lat' dir='ltr'><strong>quasi</strong></span> <span class='ocrx_word' id='word_1_23' title='bbox 996 1528 1235 1611; x_wconf 83' lang='lat' dir='ltr'><strong>qualitatem</strong></span> <span class='ocrx_word' id='word_1_24' title='bbox 1252 1529 1408 1613; x_wconf 88' lang='lat' dir='ltr'><strong>quandam</strong></span> <span class='ocrx_word' id='word_1_25' title='bbox 1425 1531 1642 1596; x_wconf 83' lang='lat' dir='ltr'><strong>nominabant:</strong></span> <span class='ocrx_word' id='word_1_26' title='bbox 1666 1533 1780 1597; x_wconf 92' lang='lat' dir='ltr'><strong>dabitis</strong></span> 
     </span>
     <span class='ocr_line' id='line_1_4' title="bbox 456 1615 1780 1711; baseline 0.011 -34"><span class='ocrx_word' id='word_1_27' title='bbox 456 1616 540 1679; x_wconf 94' lang='lat' dir='ltr'><strong>enim</strong></span> <span class='ocrx_word' id='word_1_28' title='bbox 562 1615 720 1700; x_wconf 92' lang='lat' dir='ltr'><strong>prolecto,</strong></span> <span class='ocrx_word' id='word_1_29' title='bbox 741 1620 831 1681; x_wconf 91' lang='lat' dir='ltr'><strong>utin</strong></span> <span class='ocrx_word' id='word_1_30' title='bbox 852 1620 947 1683; x_wconf 87' lang='lat' dir='ltr'><strong>rebus</strong></span> <span class='ocrx_word' id='word_1_31' title='bbox 970 1621 1144 1697; x_wconf 78' lang='lat' dir='ltr'><strong>inusitatis,</strong></span> <span class='ocrx_word' id='word_1_32' title='bbox 1167 1624 1253 1706; x_wconf 96' lang='lat' dir='ltr'><strong>quod</strong></span> <span class='ocrx_word' id='word_1_33' title='bbox 1269 1624 1379 1688; x_wconf 86' lang='lat' dir='ltr'><strong>Graeci</strong></span> <span class='ocrx_word' id='word_1_34' title='bbox 1399 1626 1460 1710; x_wconf 87' lang='lat' dir='ltr'><strong>ipsi</strong></span> <span class='ocrx_word' id='word_1_35' title='bbox 1476 1626 1608 1701; x_wconf 83' lang='lat' dir='ltr'><strong>iaciunt,</strong></span> <span class='ocrx_word' id='word_1_36' title='bbox 1630 1628 1780 1711; x_wconf 77' lang='lat' dir='ltr'><strong>aquibus</strong></span> 
     </span>
     <span class='ocr_line' id='line_1_5' title="bbox 454 1709 1540 1788; baseline 0.009 -16"><span class='ocrx_word' id='word_1_37' title='bbox 454 1709 533 1774; x_wconf 91' lang='lat' dir='ltr'><strong>baec</strong></span> <span class='ocrx_word' id='word_1_38' title='bbox 555 1710 618 1773; x_wconf 92' lang='lat' dir='ltr'><strong>iam</strong></span> <span class='ocrx_word' id='word_1_39' title='bbox 640 1711 693 1774; x_wconf 93' lang='lat' dir='ltr'><strong>diu</strong></span> <span class='ocrx_word' id='word_1_40' title='bbox 715 1720 902 1788; x_wconf 85' lang='lat' dir='ltr'><strong>tractantur,</strong></span> <span class='ocrx_word' id='word_1_41' title='bbox 924 1723 1050 1778; x_wconf 90' lang='lat' dir='ltr'><strong>utamur</strong></span> <span class='ocrx_word' id='word_1_42' title='bbox 1070 1717 1176 1783; x_wconf 86' lang='lat' dir='ltr'><strong>verbis</strong></span> <span class='ocrx_word' id='word_1_43' title='bbox 1198 1718 1357 1780; x_wconf 90' lang='lat' dir='ltr'><strong>interdum</strong></span> <span class='ocrx_word' id='word_1_44' title='bbox 1379 1718 1540 1782; x_wconf 79' lang='lat' dir='ltr'><strong>inauditis.</strong></span> 
     </span>
    </p>

    <p class='ocr_par' dir='ltr' id='par_1_3' title="bbox 430 1802 1780 2274">
     <span class='ocr_line' id='line_1_6' title="bbox 430 1802 1779 1894; baseline 0.009 -27"><span class='ocrx_word' id='word_1_45' title='bbox 430 1822 445 1867; x_wconf 89' lang='lat' dir='ltr'><strong>s</strong></span> <span class='ocrx_word' id='word_1_46' title='bbox 538 1806 605 1867; x_wconf 85' lang='lat' dir='ltr'><strong>Vll.</strong></span> <span class='ocrx_word' id='word_1_47' title='bbox 628 1802 679 1867; x_wconf 73' lang='lat'><strong>25.</strong></span> <span class='ocrx_word' id='word_1_48' title='bbox 700 1808 765 1869; x_wconf 88' lang='lat' dir='ltr'><strong>Nos</strong></span> <span class='ocrx_word' id='word_1_49' title='bbox 787 1827 879 1882; x_wconf 87' lang='lat' dir='ltr'><strong>vero,</strong></span> <span class='ocrx_word' id='word_1_50' title='bbox 901 1808 1005 1891; x_wconf 92' lang='lat' dir='ltr'><strong>inquit</strong></span> <span class='ocrx_word' id='word_1_51' title='bbox 1026 1810 1164 1886; x_wconf 64' lang='lat' dir='ltr'><strong>Atticum</strong></span> <span class='ocrx_word' id='word_1_52' title='bbox 1187 1812 1266 1894; x_wconf 95' lang='lat' dir='ltr'><strong>quin</strong></span> <span class='ocrx_word' id='word_1_53' title='bbox 1289 1813 1383 1876; x_wconf 88' lang='lat' dir='ltr'><strong>etiam</strong></span> <span class='ocrx_word' id='word_1_54' title='bbox 1402 1813 1529 1879; x_wconf 86' lang='lat' dir='ltr'><strong>Graecis</strong></span> <span class='ocrx_word' id='word_1_55' title='bbox 1551 1813 1659 1877; x_wconf 89' lang='lat' dir='ltr'><strong>licebit</strong></span> <span class='ocrx_word' id='word_1_56' title='bbox 1678 1821 1779 1891; x_wconf 87' lang='lat' dir='ltr'><strong>utare,</strong></span> 
     </span>
     <span class='ocr_line' id='line_1_7' title="bbox 454 1900 1780 1975; baseline 0.008 -12"><span class='ocrx_word' id='word_1_57' title='bbox 454 1920 525 1963; x_wconf 93' lang='lat' dir='ltr'><strong>cum</strong></span> <span class='ocrx_word' id='word_1_58' title='bbox 547 1901 651 1975; x_wconf 86' lang='lat' dir='ltr'><strong>voles,</strong></span> <span class='ocrx_word' id='word_1_59' title='bbox 682 1901 709 1964; x_wconf 94' lang='lat' dir='ltr'><strong>si</strong></span> <span class='ocrx_word' id='word_1_60' title='bbox 731 1910 763 1963; x_wconf 93' lang='lat' dir='ltr'><strong>te</strong></span> <span class='ocrx_word' id='word_1_61' title='bbox 786 1902 896 1964; x_wconf 88' lang='lat' dir='ltr'><strong>Latina</strong></span> <span class='ocrx_word' id='word_1_62' title='bbox 917 1900 998 1965; x_wconf 84' lang='lat' dir='ltr'><strong>forte</strong></span> <span class='ocrx_word' id='word_1_63' title='bbox 1021 1902 1178 1967; x_wconf 86' lang='lat' dir='ltr'><strong>deficient.</strong></span> <span class='ocrx_word' id='word_1_64' title='bbox 1211 1909 1296 1969; x_wconf 90' lang='lat' dir='ltr'><strong>Bene</strong></span> <span class='ocrx_word' id='word_1_65' title='bbox 1319 1926 1395 1970; x_wconf 86' lang='lat' dir='ltr'><strong>sane</strong></span> <span class='ocrx_word' id='word_1_66' title='bbox 1415 1907 1511 1971; x_wconf 85' lang='lat' dir='ltr'><strong>facis:</strong></span> <span class='ocrx_word' id='word_1_67' title='bbox 1541 1908 1596 1971; x_wconf 87' lang='lat' dir='ltr'><strong>sed</strong></span> <span class='ocrx_word' id='word_1_68' title='bbox 1620 1911 1723 1973; x_wconf 89' lang='lat' dir='ltr'><strong>enitar</strong></span> <span class='ocrx_word' id='word_1_69' title='bbox 1742 1919 1780 1973; x_wconf 91' lang='lat' dir='ltr'><strong>ut</strong></span> 
     </span>
     <span class='ocr_line' id='line_1_8' title="bbox 452 1993 1780 2090; baseline 0.009 -35"><span class='ocrx_word' id='word_1_70' title='bbox 452 1993 562 2057; x_wconf 88' lang='lat' dir='ltr'><strong>Latine</strong></span> <span class='ocrx_word' id='word_1_71' title='bbox 584 1994 713 2078; x_wconf 92' lang='lat' dir='ltr'><strong>loquar,</strong></span> <span class='ocrx_word' id='word_1_72' title='bbox 735 1995 795 2057; x_wconf 93' lang='lat' dir='ltr'><strong>nisi</strong></span> <span class='ocrx_word' id='word_1_73' title='bbox 819 1995 851 2057; x_wconf 94' lang='lat' dir='ltr'><strong>in</strong></span> <span class='ocrx_word' id='word_1_74' title='bbox 873 1995 1005 2059; x_wconf 90' lang='lat' dir='ltr'><strong>huiusce</strong></span> <span class='ocrx_word' id='word_1_75' title='bbox 1028 1998 1112 2060; x_wconf 92' lang='lat' dir='ltr'><strong>modi</strong></span> <span class='ocrx_word' id='word_1_76' title='bbox 1136 2000 1255 2073; x_wconf 86' lang='lat' dir='ltr'><strong>verbis,</strong></span> <span class='ocrx_word' id='word_1_77' title='bbox 1284 2008 1320 2063; x_wconf 93' lang='lat' dir='ltr'><strong>ut</strong></span> <span class='ocrx_word' id='word_1_78' title='bbox 1341 2001 1574 2090; x_wconf 71' lang='lat' dir='ltr'><strong>pbilosopbiam</strong></span> <span class='ocrx_word' id='word_1_79' title='bbox 1596 2011 1652 2066; x_wconf 92' lang='lat' dir='ltr'><strong>aut</strong></span> <span class='ocrx_word' id='word_1_80' title='bbox 1672 2002 1780 2067; x_wconf 85' lang='lat' dir='ltr'><strong>rbeto·</strong></span> 
     </span>
     <span class='ocr_line' id='line_1_9' title="bbox 451 2088 1778 2177; baseline 0.008 -27"><span class='ocrx_word' id='word_1_81' title='bbox 451 2088 549 2151; x_wconf 89' lang='lat' dir='ltr'><strong>ricam</strong></span> <span class='ocrx_word' id='word_1_82' title='bbox 578 2098 632 2151; x_wconf 90' lang='lat' dir='ltr'><strong>nul</strong></span> <span class='ocrx_word' id='word_1_83' title='bbox 658 2088 822 2172; x_wconf 81' lang='lat' dir='ltr'><strong>physicam</strong></span> <span class='ocrx_word' id='word_1_84' title='bbox 850 2097 906 2153; x_wconf 87' lang='lat' dir='ltr'><strong>aut</strong></span> <span class='ocrx_word' id='word_1_85' title='bbox 933 2089 1129 2155; x_wconf 82' lang='lat' dir='ltr'><strong>dialecticam</strong></span> <span class='ocrx_word' id='word_1_86' title='bbox 1151 2093 1323 2176; x_wconf 84' lang='lat' dir='ltr'><strong>appellem,</strong></span> <span class='ocrx_word' id='word_1_87' title='bbox 1350 2096 1482 2177; x_wconf 89' lang='lat' dir='ltr'><strong>quibus,</strong></span> <span class='ocrx_word' id='word_1_88' title='bbox 1512 2104 1547 2158; x_wconf 93' lang='lat' dir='ltr'><strong>ut</strong></span> <span class='ocrx_word' id='word_1_89' title='bbox 1567 2097 1638 2159; x_wconf 87' lang='lat' dir='ltr'><strong>aliis</strong></span> <span class='ocrx_word' id='word_1_90' title='bbox 1659 2097 1778 2172; x_wconf 90' lang='lat' dir='ltr'><strong>multis,</strong></span> 
     </span>
     <span class='ocr_line' id='line_1_10' title="bbox 452 2181 1778 2274; baseline 0.009 -31"><span class='ocrx_word' id='word_1_91' title='bbox 452 2181 649 2244; x_wconf 90' lang='lat' dir='ltr'><strong>consuetudo</strong></span> <span class='ocrx_word' id='word_1_92' title='bbox 682 2182 743 2245; x_wconf 89' lang='lat' dir='ltr'><strong>iam</strong></span> <span class='ocrx_word' id='word_1_93' title='bbox 776 2182 876 2245; x_wconf 89' lang='lat' dir='ltr'><strong>utitur</strong></span> <span class='ocrx_word' id='word_1_94' title='bbox 906 2203 963 2266; x_wconf 89' lang='lat' dir='ltr'><strong>pro</strong></span> <span class='ocrx_word' id='word_1_95' title='bbox 993 2184 1124 2247; x_wconf 88' lang='lat' dir='ltr'><strong>Latinis.</strong></span> <span class='ocrx_word' id='word_1_96' title='bbox 1167 2185 1343 2260; x_wconf 89' lang='lat' dir='ltr'><strong>Qualitates</strong></span> <span class='ocrx_word' id='word_1_97' title='bbox 1372 2188 1468 2270; x_wconf 74' lang='lat' dir='ltr'><strong>igitur</strong></span> <span class='ocrx_word' id='word_1_98' title='bbox 1492 2189 1666 2271; x_wconf 83' lang='lat' dir='ltr'><strong>appellari,</strong></span> <span class='ocrx_word' id='word_1_99' title='bbox 1698 2209 1778 2274; x_wconf 88' lang='lat' dir='ltr'><strong>quas</strong></span> 
     </span>
    </p>

    <p class='ocr_par' dir='ltr' id='par_1_4' title="bbox 414 2270 1778 2737">
     <span class='ocr_line' id='line_1_11' title="bbox 414 2270 1778 2366; baseline 0.006 -27"><span class='ocrx_word' id='word_1_100' title='bbox 414 2294 442 2340; x_wconf 84' lang='lat' dir='ltr'><strong>to</strong></span> <span class='ocrx_word' id='word_1_101' title='bbox 451 2270 631 2355; x_wconf 73' lang='grc' dir='ltr'><em>ποιότητας</em></span> <span class='ocrx_word' id='word_1_102' title='bbox 653 2276 764 2339; x_wconf 89' lang='lat' dir='ltr'><strong>Graeci</strong></span> <span class='ocrx_word' id='word_1_103' title='bbox 787 2286 914 2340; x_wconf 90' lang='lat' dir='ltr'><strong>vocant:</strong></span> <span class='ocrx_word' id='word_1_104' title='bbox 941 2278 1028 2361; x_wconf 94' lang='lat' dir='ltr'><strong>quod</strong></span> <span class='ocrx_word' id='word_1_105' title='bbox 1051 2279 1154 2362; x_wconf 88' lang='lat' dir='ltr'><strong>ipsum</strong></span> <span class='ocrx_word' id='word_1_106' title='bbox 1176 2280 1259 2363; x_wconf 91' lang='lat' dir='ltr'><strong>apud</strong></span> <span class='ocrx_word' id='word_1_107' title='bbox 1282 2281 1420 2344; x_wconf 89' lang='lat' dir='ltr'><strong>Graecos</strong></span> <span class='ocrx_word' id='word_1_108' title='bbox 1443 2302 1507 2345; x_wconf 90' lang='lat' dir='ltr'><strong>non</strong></span> <span class='ocrx_word' id='word_1_109' title='bbox 1529 2291 1578 2346; x_wconf 91' lang='lat' dir='ltr'><strong>est</strong></span> <span class='ocrx_word' id='word_1_110' title='bbox 1597 2283 1684 2366; x_wconf 78' lang='lat' dir='ltr'><strong>vulgi</strong></span> <span class='ocrx_word' id='word_1_111' title='bbox 1706 2304 1778 2347; x_wconf 86' lang='lat' dir='ltr'><strong>ver·</strong></span> 
     </span>
     <span class='ocr_line' id='line_1_12' title="bbox 449 2369 1776 2456; baseline 0.008 -25"><span class='ocrx_word' id='word_1_112' title='bbox 449 2369 541 2445; x_wconf 93' lang='lat' dir='ltr'><strong>bum,</strong></span> <span class='ocrx_word' id='word_1_113' title='bbox 563 2369 619 2434; x_wconf 92' lang='lat' dir='ltr'><strong>sed</strong></span> <span class='ocrx_word' id='word_1_114' title='bbox 642 2370 918 2453; x_wconf 88' lang='lat' dir='ltr'><strong>pbilosophorum,</strong></span> <span class='ocrx_word' id='word_1_115' title='bbox 941 2379 1037 2456; x_wconf 87' lang='lat' dir='ltr'><strong>etque</strong></span> <span class='ocrx_word' id='word_1_116' title='bbox 1059 2371 1092 2434; x_wconf 94' lang='lat' dir='ltr'><strong>id</strong></span> <span class='ocrx_word' id='word_1_117' title='bbox 1114 2373 1146 2434; x_wconf 93' lang='lat' dir='ltr'><strong>in</strong></span> <span class='ocrx_word' id='word_1_118' title='bbox 1169 2373 1286 2436; x_wconf 92' lang='lat' dir='ltr'><strong>multis.</strong></span> <span class='ocrx_word' id='word_1_119' title='bbox 1318 2375 1560 2439; x_wconf 85' lang='lat' dir='ltr'><strong>Dialecticorum</strong></span> <span class='ocrx_word' id='word_1_120' title='bbox 1583 2396 1657 2440; x_wconf 83' lang='lat' dir='ltr'><strong>vero</strong></span> <span class='ocrx_word' id='word_1_121' title='bbox 1679 2378 1776 2442; x_wconf 87' lang='lat' dir='ltr'><strong>verba</strong></span> 
     </span>
     <span class='ocr_line' id='line_1_13' title="bbox 449 2466 1775 2550; baseline 0.004 -22"><span class='ocrx_word' id='word_1_122' title='bbox 449 2466 536 2529; x_wconf 90' lang='lat' dir='ltr'><strong>nulla</strong></span> <span class='ocrx_word' id='word_1_123' title='bbox 558 2466 632 2530; x_wconf 81' lang='lat' dir='ltr'><strong>srint</strong></span> <span class='ocrx_word' id='word_1_124' title='bbox 652 2466 794 2550; x_wconf 88' lang='lat' dir='ltr'><strong>publica:</strong></span> <span class='ocrx_word' id='word_1_125' title='bbox 817 2467 884 2529; x_wconf 91' lang='lat' dir='ltr'><strong>suis</strong></span> <span class='ocrx_word' id='word_1_126' title='bbox 907 2475 1046 2530; x_wconf 88' lang='lat' dir='ltr'><strong>utuntur.</strong></span> <span class='ocrx_word' id='word_1_127' title='bbox 1089 2466 1130 2528; x_wconf 84' lang='lat' dir='ltr'><strong>Et</strong></span> <span class='ocrx_word' id='word_1_128' title='bbox 1150 2466 1182 2529; x_wconf 92' lang='lat' dir='ltr'><strong>id</strong></span> <span class='ocrx_word' id='word_1_129' title='bbox 1205 2467 1333 2550; x_wconf 92' lang='lat' dir='ltr'><strong>quidem</strong></span> <span class='ocrx_word' id='word_1_130' title='bbox 1357 2488 1523 2532; x_wconf 90' lang='lat' dir='ltr'><strong>commune</strong></span> <span class='ocrx_word' id='word_1_131' title='bbox 1545 2471 1686 2532; x_wconf 91' lang='lat' dir='ltr'><strong>omnium</strong></span> <span class='ocrx_word' id='word_1_132' title='bbox 1707 2470 1775 2535; x_wconf 86' lang='lat' dir='ltr'><strong>lere</strong></span> 
     </span>
     <span class='ocr_line' id='line_1_14' title="bbox 449 2561 1775 2627; baseline 0.003 -4"><span class='ocrx_word' id='word_1_133' title='bbox 449 2569 498 2624; x_wconf 92' lang='lat' dir='ltr'><strong>est</strong></span> <span class='ocrx_word' id='word_1_134' title='bbox 519 2562 649 2624; x_wconf 87' lang='lat' dir='ltr'><strong>artium:</strong></span> <span class='ocrx_word' id='word_1_135' title='bbox 672 2569 727 2623; x_wconf 89' lang='lat' dir='ltr'><strong>aut</strong></span> <span class='ocrx_word' id='word_1_136' title='bbox 749 2563 832 2624; x_wconf 92' lang='lat' dir='ltr'><strong>enim</strong></span> <span class='ocrx_word' id='word_1_137' title='bbox 855 2581 936 2624; x_wconf 82' lang='lat' dir='ltr'><strong>nova</strong></span> <span class='ocrx_word' id='word_1_138' title='bbox 958 2569 1031 2624; x_wconf 93' lang='lat' dir='ltr'><strong>sunt</strong></span> <span class='ocrx_word' id='word_1_139' title='bbox 1052 2580 1157 2622; x_wconf 90' lang='lat' dir='ltr'><strong>rerum</strong></span> <span class='ocrx_word' id='word_1_140' title='bbox 1180 2580 1332 2623; x_wconf 84' lang='lat' dir='ltr'><strong>novarum</strong></span> <span class='ocrx_word' id='word_1_141' title='bbox 1356 2561 1498 2625; x_wconf 83' lang='lat' dir='ltr'><strong>facienda</strong></span> <span class='ocrx_word' id='word_1_142' title='bbox 1518 2564 1647 2627; x_wconf 91' lang='lat' dir='ltr'><strong>nomina</strong></span> <span class='ocrx_word' id='word_1_143' title='bbox 1664 2571 1719 2626; x_wconf 88' lang='lat' dir='ltr'><strong>aut</strong></span> <span class='ocrx_word' id='word_1_144' title='bbox 1732 2584 1775 2627; x_wconf 85' lang='lat' dir='ltr'><strong>ex</strong></span> 
     </span>
     <span class='ocr_line' id='line_1_15' title="bbox 447 2653 1775 2737; baseline 0.002 -19"><span class='ocrx_word' id='word_1_145' title='bbox 447 2656 519 2719; x_wconf 90' lang='lat' dir='ltr'><strong>aliis</strong></span> <span class='ocrx_word' id='word_1_146' title='bbox 552 2654 780 2719; x_wconf 81' lang='lat' dir='ltr'><strong>transferenda.</strong></span> <span class='ocrx_word' id='word_1_147' title='bbox 822 2653 917 2730; x_wconf 89' lang='lat' dir='ltr'><strong>Quod</strong></span> <span class='ocrx_word' id='word_1_148' title='bbox 945 2657 972 2718; x_wconf 91' lang='lat' dir='ltr'><strong>si</strong></span> <span class='ocrx_word' id='word_1_149' title='bbox 1001 2655 1111 2717; x_wconf 89' lang='lat' dir='ltr'><strong>Graeci</strong></span> <span class='ocrx_word' id='word_1_150' title='bbox 1137 2653 1273 2728; x_wconf 82' lang='lat' dir='ltr'><strong>iaciunt,</strong></span> <span class='ocrx_word' id='word_1_151' title='bbox 1307 2654 1362 2737; x_wconf 93' lang='lat' dir='ltr'><strong>qui</strong></span> <span class='ocrx_word' id='word_1_152' title='bbox 1390 2655 1423 2717; x_wconf 95' lang='lat' dir='ltr'><strong>in</strong></span> <span class='ocrx_word' id='word_1_153' title='bbox 1452 2655 1502 2718; x_wconf 88' lang='lat' dir='ltr'><strong>his</strong></span> <span class='ocrx_word' id='word_1_154' title='bbox 1524 2656 1620 2718; x_wconf 89' lang='lat' dir='ltr'><strong>rebus</strong></span> <span class='ocrx_word' id='word_1_155' title='bbox 1642 2664 1690 2719; x_wconf 95' lang='lat' dir='ltr'><strong>tot</strong></span> <span class='ocrx_word' id='word_1_156' title='bbox 1711 2657 1775 2720; x_wconf 87' lang='lat' dir='ltr'><strong>ianr</strong></span> 
     </span>
    </p>

    <p class='ocr_par' dir='ltr' id='par_1_5' title="bbox 404 2748 1774 3678">
     <span class='ocr_line' id='line_1_16' title="bbox 409 2748 1774 2833; baseline 0.004 -25"><span class='ocrx_word' id='word_1_157' title='bbox 409 2750 573 2813; x_wconf 71' lang='lat' dir='ltr'><strong>insaecula</strong></span> <span class='ocrx_word' id='word_1_158' title='bbox 600 2757 780 2822; x_wconf 84' lang='lat' dir='ltr'><strong>versantur,</strong></span> <span class='ocrx_word' id='word_1_159' title='bbox 810 2757 930 2831; x_wconf 88' lang='lat' dir='ltr'><strong>quanto</strong></span> <span class='ocrx_word' id='word_1_160' title='bbox 957 2748 989 2811; x_wconf 93' lang='lat' dir='ltr'><strong>id</strong></span> <span class='ocrx_word' id='word_1_161' title='bbox 1018 2748 1112 2811; x_wconf 90' lang='lat' dir='ltr'><strong>nobis</strong></span> <span class='ocrx_word' id='word_1_162' title='bbox 1142 2750 1241 2830; x_wconf 78' lang='lat' dir='ltr'><strong>magis</strong></span> <span class='ocrx_word' id='word_1_163' title='bbox 1264 2748 1501 2812; x_wconf 90' lang='lat' dir='ltr'><strong>concedendum</strong></span> <span class='ocrx_word' id='word_1_164' title='bbox 1524 2758 1587 2824; x_wconf 90' lang='lat' dir='ltr'><strong>est,</strong></span> <span class='ocrx_word' id='word_1_165' title='bbox 1618 2750 1673 2833; x_wconf 92' lang='lat' dir='ltr'><strong>qui</strong></span> <span class='ocrx_word' id='word_1_166' title='bbox 1695 2749 1774 2814; x_wconf 85' lang='lat' dir='ltr'><strong>baec</strong></span> 
     </span>
     <span class='ocr_line' id='line_1_17' title="bbox 445 2838 1774 2927; baseline 0.002 -21"><span class='ocrx_word' id='word_1_167' title='bbox 445 2863 530 2907; x_wconf 94' lang='lat' dir='ltr'><strong>nnnc</strong></span> <span class='ocrx_word' id='word_1_168' title='bbox 558 2844 694 2925; x_wconf 92' lang='lat' dir='ltr'><strong>primum</strong></span> <span class='ocrx_word' id='word_1_169' title='bbox 722 2849 856 2905; x_wconf 89' lang='lat' dir='ltr'><strong>tractare</strong></span> <span class='ocrx_word' id='word_1_170' title='bbox 883 2844 1056 2905; x_wconf 87' lang='lat' dir='ltr'><strong>conamurl</strong></span> <span class='ocrx_word' id='word_1_171' title='bbox 1100 2838 1151 2903; x_wconf 75' lang='lat'><strong>26.</strong></span> <span class='ocrx_word' id='word_1_172' title='bbox 1174 2843 1222 2903; x_wconf 87' lang='lat' dir='ltr'><strong>Tu</strong></span> <span class='ocrx_word' id='word_1_173' title='bbox 1251 2862 1340 2917; x_wconf 87' lang='lat' dir='ltr'><strong>vero,</strong></span> <span class='ocrx_word' id='word_1_174' title='bbox 1370 2843 1515 2927; x_wconf 93' lang='lat' dir='ltr'><strong>inquam,</strong></span> <span class='ocrx_word' id='word_1_175' title='bbox 1547 2845 1663 2919; x_wconf 82' lang='lat' dir='ltr'><strong>Varro,</strong></span> <span class='ocrx_word' id='word_1_176' title='bbox 1691 2845 1774 2909; x_wconf 87' lang='lat' dir='ltr'><strong>bene</strong></span> 
     </span>
     <span class='ocr_line' id='line_1_18' title="bbox 445 2935 1773 3022; baseline 0.003 -23"><span class='ocrx_word' id='word_1_177' title='bbox 445 2938 540 3000; x_wconf 91' lang='lat' dir='ltr'><strong>etiam</strong></span> <span class='ocrx_word' id='word_1_178' title='bbox 570 2937 736 2999; x_wconf 86' lang='lat' dir='ltr'><strong>meriturus</strong></span> <span class='ocrx_word' id='word_1_179' title='bbox 766 2935 842 2998; x_wconf 92' lang='lat' dir='ltr'><strong>mibi</strong></span> <span class='ocrx_word' id='word_1_180' title='bbox 873 2936 989 2999; x_wconf 89' lang='lat' dir='ltr'><strong>videris</strong></span> <span class='ocrx_word' id='word_1_181' title='bbox 1020 2936 1059 2999; x_wconf 95' lang='lat' dir='ltr'><strong>de</strong></span> <span class='ocrx_word' id='word_1_182' title='bbox 1085 2936 1149 2999; x_wconf 90' lang='lat' dir='ltr'><strong>tuis</strong></span> <span class='ocrx_word' id='word_1_183' title='bbox 1179 2936 1316 3011; x_wconf 85' lang='lat' dir='ltr'><strong>civibus,</strong></span> <span class='ocrx_word' id='word_1_184' title='bbox 1346 2937 1373 3000; x_wconf 91' lang='lat' dir='ltr'><strong>si</strong></span> <span class='ocrx_word' id='word_1_185' title='bbox 1401 2957 1457 3001; x_wconf 89' lang='lat' dir='ltr'><strong>eos</strong></span> <span class='ocrx_word' id='word_1_186' title='bbox 1478 2958 1542 3002; x_wconf 96' lang='lat' dir='ltr'><strong>non</strong></span> <span class='ocrx_word' id='word_1_187' title='bbox 1565 2937 1660 3001; x_wconf 93' lang='lat' dir='ltr'><strong>modo</strong></span> <span class='ocrx_word' id='word_1_188' title='bbox 1682 2939 1773 3022; x_wconf 89' lang='lat' dir='ltr'><strong>copia</strong></span> 
     </span>
     <span class='ocr_line' id='line_1_19' title="bbox 444 3030 1774 3117; baseline 0.002 -23"><span class='ocrx_word' id='word_1_189' title='bbox 444 3052 549 3094; x_wconf 87' lang='lat' dir='ltr'><strong>rerum</strong></span> <span class='ocrx_word' id='word_1_190' title='bbox 572 3030 715 3105; x_wconf 79' lang='lat' dir='ltr'><strong>auxeris,</strong></span> <span class='ocrx_word' id='word_1_191' title='bbox 745 3037 782 3093; x_wconf 93' lang='lat' dir='ltr'><strong>ut</strong></span> <span class='ocrx_word' id='word_1_192' title='bbox 803 3030 951 3106; x_wconf 85' lang='lat' dir='ltr'><strong>eliecisti,</strong></span> <span class='ocrx_word' id='word_1_193' title='bbox 981 3030 1035 3093; x_wconf 93' lang='lat' dir='ltr'><strong>sed</strong></span> <span class='ocrx_word' id='word_1_194' title='bbox 1062 3035 1157 3094; x_wconf 90' lang='lat' dir='ltr'><strong>etiam</strong></span> <span class='ocrx_word' id='word_1_195' title='bbox 1180 3030 1356 3093; x_wconf 87' lang='lat' dir='ltr'><strong>verborum.</strong></span> <span class='ocrx_word' id='word_1_196' title='bbox 1394 3031 1588 3096; x_wconf 81' lang='lat' dir='ltr'><strong>Audebimus</strong></span> <span class='ocrx_word' id='word_1_197' title='bbox 1611 3053 1703 3117; x_wconf 76' lang='lat' dir='ltr'><strong>ergo,</strong></span> <span class='ocrx_word' id='word_1_198' title='bbox 1724 3034 1774 3096; x_wconf 91' lang='lat' dir='ltr'><strong>in·</strong></span> 
     </span>
     <span class='ocr_line' id='line_1_20' title="bbox 445 3123 1773 3211; baseline 0.002 -24"><span class='ocrx_word' id='word_1_199' title='bbox 445 3125 531 3208; x_wconf 94' lang='lat' dir='ltr'><strong>quit,</strong></span> <span class='ocrx_word' id='word_1_200' title='bbox 553 3124 645 3187; x_wconf 87' lang='lat' dir='ltr'><strong>noris</strong></span> <span class='ocrx_word' id='word_1_201' title='bbox 668 3123 770 3187; x_wconf 85' lang='lat' dir='ltr'><strong>verbis</strong></span> <span class='ocrx_word' id='word_1_202' title='bbox 792 3123 838 3185; x_wconf 93' lang='lat' dir='ltr'><strong>uti</strong></span> <span class='ocrx_word' id='word_1_203' title='bbox 860 3131 892 3186; x_wconf 92' lang='lat' dir='ltr'><strong>te</strong></span> <span class='ocrx_word' id='word_1_204' title='bbox 915 3133 1056 3198; x_wconf 89' lang='lat' dir='ltr'><strong>auctore,</strong></span> <span class='ocrx_word' id='word_1_205' title='bbox 1080 3125 1107 3187; x_wconf 88' lang='lat' dir='ltr'><strong>si</strong></span> <span class='ocrx_word' id='word_1_206' title='bbox 1129 3144 1259 3187; x_wconf 88' lang='lat' dir='ltr'><strong>necesse</strong></span> <span class='ocrx_word' id='word_1_207' title='bbox 1281 3124 1350 3187; x_wconf 87' lang='lat' dir='ltr'><strong>erit.</strong></span> <span class='ocrx_word' id='word_1_208' title='bbox 1383 3125 1498 3187; x_wconf 81' lang='lat' dir='ltr'><strong>Earum</strong></span> <span class='ocrx_word' id='word_1_209' title='bbox 1522 3126 1617 3208; x_wconf 76' lang='lat' dir='ltr'><strong>igitur</strong></span> <span class='ocrx_word' id='word_1_210' title='bbox 1638 3127 1773 3211; x_wconf 85' lang='lat' dir='ltr'><strong>qualita-</strong></span> 
     </span>
     <span class='ocr_line' id='line_1_21' title="bbox 404 3217 1772 3302; baseline 0.002 -22"><span class='ocrx_word' id='word_1_211' title='bbox 404 3226 510 3282; x_wconf 76' lang='lat' dir='ltr'><strong>totum</strong></span> <span class='ocrx_word' id='word_1_212' title='bbox 532 3227 604 3284; x_wconf 89' lang='lat' dir='ltr'><strong>sunt</strong></span> <span class='ocrx_word' id='word_1_213' title='bbox 626 3219 707 3281; x_wconf 93' lang='lat' dir='ltr'><strong>aliae</strong></span> <span class='ocrx_word' id='word_1_214' title='bbox 729 3217 907 3301; x_wconf 90' lang='lat' dir='ltr'><strong>principes,</strong></span> <span class='ocrx_word' id='word_1_215' title='bbox 931 3217 1012 3281; x_wconf 89' lang='lat' dir='ltr'><strong>aliae</strong></span> <span class='ocrx_word' id='word_1_216' title='bbox 1035 3237 1074 3281; x_wconf 81' lang='lat' dir='ltr'><strong>ex</strong></span> <span class='ocrx_word' id='word_1_217' title='bbox 1096 3219 1135 3282; x_wconf 87' lang='lat' dir='ltr'><strong>iis</strong></span> <span class='ocrx_word' id='word_1_218' title='bbox 1158 3228 1256 3281; x_wconf 86' lang='lat' dir='ltr'><strong>ortae.</strong></span> <span class='ocrx_word' id='word_1_219' title='bbox 1293 3219 1455 3302; x_wconf 88' lang='lat' dir='ltr'><strong>Principes</strong></span> <span class='ocrx_word' id='word_1_220' title='bbox 1477 3227 1550 3282; x_wconf 90' lang='lat' dir='ltr'><strong>sunt</strong></span> <span class='ocrx_word' id='word_1_221' title='bbox 1570 3220 1663 3282; x_wconf 89' lang='lat' dir='ltr'><strong>nnius</strong></span> <span class='ocrx_word' id='word_1_222' title='bbox 1685 3219 1772 3283; x_wconf 94' lang='lat' dir='ltr'><strong>modi</strong></span> 
     </span>
     <span class='ocr_line' id='line_1_22' title="bbox 443 3310 1771 3398; baseline 0.001 -23"><span class='ocrx_word' id='word_1_223' title='bbox 443 3322 475 3377; x_wconf 90' lang='lat' dir='ltr'><strong>et</strong></span> <span class='ocrx_word' id='word_1_224' title='bbox 496 3314 673 3398; x_wconf 90' lang='lat' dir='ltr'><strong>simplices,</strong></span> <span class='ocrx_word' id='word_1_225' title='bbox 695 3333 735 3375; x_wconf 85' lang='lat' dir='ltr'><strong>ex</strong></span> <span class='ocrx_word' id='word_1_226' title='bbox 758 3313 797 3375; x_wconf 94' lang='lat' dir='ltr'><strong>iis</strong></span> <span class='ocrx_word' id='word_1_227' title='bbox 819 3321 924 3374; x_wconf 89' lang='lat' dir='ltr'><strong>autem</strong></span> <span class='ocrx_word' id='word_1_228' title='bbox 947 3310 1035 3375; x_wconf 87' lang='lat' dir='ltr'><strong>ortae</strong></span> <span class='ocrx_word' id='word_1_229' title='bbox 1052 3312 1156 3375; x_wconf 88' lang='lat' dir='ltr'><strong>variae</strong></span> <span class='ocrx_word' id='word_1_230' title='bbox 1172 3320 1246 3375; x_wconf 90' lang='lat' dir='ltr'><strong>sunt</strong></span> <span class='ocrx_word' id='word_1_231' title='bbox 1261 3319 1292 3374; x_wconf 93' lang='lat' dir='ltr'><strong>et</strong></span> <span class='ocrx_word' id='word_1_232' title='bbox 1307 3313 1398 3395; x_wconf 90' lang='lat' dir='ltr'><strong>quasi</strong></span> <span class='ocrx_word' id='word_1_233' title='bbox 1414 3312 1631 3377; x_wconf 82' lang='lat' dir='ltr'><strong>multiformes.</strong></span> <span class='ocrx_word' id='word_1_234' title='bbox 1661 3314 1771 3397; x_wconf 89' lang='lat' dir='ltr'><strong>ltaque</strong></span> 
     </span>
     <span class='ocr_line' id='line_1_23' title="bbox 442 3406 1770 3490; baseline 0 -20"><span class='ocrx_word' id='word_1_235' title='bbox 442 3427 497 3470; x_wconf 87' lang='lat' dir='ltr'><strong>aer</strong></span> <span class='ocrx_word' id='word_1_236' title='bbox 517 3441 559 3455; x_wconf 95' lang='lat'>—</span> <span class='ocrx_word' id='word_1_237' title='bbox 580 3407 641 3471; x_wconf 91' lang='lat' dir='ltr'><strong>hoc</strong></span> <span class='ocrx_word' id='word_1_238' title='bbox 663 3426 791 3489; x_wconf 93' lang='lat' dir='ltr'><strong>quoque</strong></span> <span class='ocrx_word' id='word_1_239' title='bbox 812 3407 932 3468; x_wconf 91' lang='lat' dir='ltr'><strong>utimur</strong></span> <span class='ocrx_word' id='word_1_240' title='bbox 953 3406 1014 3468; x_wconf 94' lang='lat' dir='ltr'><strong>iam</strong></span> <span class='ocrx_word' id='word_1_241' title='bbox 1038 3426 1095 3488; x_wconf 87' lang='lat' dir='ltr'><strong>pro</strong></span> <span class='ocrx_word' id='word_1_242' title='bbox 1118 3406 1231 3468; x_wconf 88' lang='lat' dir='ltr'><strong>Latino</strong></span> <span class='ocrx_word' id='word_1_243' title='bbox 1254 3440 1294 3449; x_wconf 91' lang='lat'>—</span> <span class='ocrx_word' id='word_1_244' title='bbox 1318 3413 1349 3467; x_wconf 89' lang='lat' dir='ltr'><strong>et</strong></span> <span class='ocrx_word' id='word_1_245' title='bbox 1370 3406 1453 3487; x_wconf 76' lang='lat' dir='ltr'><strong>ignis</strong></span> <span class='ocrx_word' id='word_1_246' title='bbox 1475 3415 1506 3469; x_wconf 91' lang='lat' dir='ltr'><strong>et</strong></span> <span class='ocrx_word' id='word_1_247' title='bbox 1527 3426 1611 3490; x_wconf 93' lang='lat' dir='ltr'><strong>aqna</strong></span> <span class='ocrx_word' id='word_1_248' title='bbox 1633 3414 1666 3470; x_wconf 89' lang='lat' dir='ltr'><strong>et</strong></span> <span class='ocrx_word' id='word_1_249' title='bbox 1686 3415 1770 3471; x_wconf 87' lang='lat' dir='ltr'><strong>terra</strong></span> 
     </span>
     <span class='ocr_line' id='line_1_24' title="bbox 442 3498 1769 3584; baseline 0 -20"><span class='ocrx_word' id='word_1_250' title='bbox 442 3503 561 3584; x_wconf 87' lang='lat' dir='ltr'><strong>primae</strong></span> <span class='ocrx_word' id='word_1_251' title='bbox 591 3508 682 3575; x_wconf 90' lang='lat' dir='ltr'><strong>sunt,</strong></span> <span class='ocrx_word' id='word_1_252' title='bbox 711 3520 753 3562; x_wconf 82' lang='lat' dir='ltr'><strong>ex</strong></span> <span class='ocrx_word' id='word_1_253' title='bbox 781 3500 819 3561; x_wconf 94' lang='lat' dir='ltr'><strong>iis</strong></span> <span class='ocrx_word' id='word_1_254' title='bbox 846 3506 950 3561; x_wconf 90' lang='lat' dir='ltr'><strong>autem</strong></span> <span class='ocrx_word' id='word_1_255' title='bbox 979 3505 1065 3561; x_wconf 88' lang='lat' dir='ltr'><strong>ortae</strong></span> <span class='ocrx_word' id='word_1_256' title='bbox 1088 3498 1293 3561; x_wconf 92' lang='lat' dir='ltr'><strong>animantium</strong></span> <span class='ocrx_word' id='word_1_257' title='bbox 1317 3498 1436 3561; x_wconf 83' lang='lat' dir='ltr'><strong>formae</strong></span> <span class='ocrx_word' id='word_1_258' title='bbox 1459 3520 1631 3584; x_wconf 88' lang='lat' dir='ltr'><strong>earumque</strong></span> <span class='ocrx_word' id='word_1_259' title='bbox 1654 3521 1769 3578; x_wconf 85' lang='lat' dir='ltr'><strong>rerum,</strong></span> 
     </span>
     <span class='ocr_line' id='line_1_25' title="bbox 443 3591 1769 3678; baseline 0.001 -21"><span class='ocrx_word' id='word_1_260' title='bbox 443 3614 524 3678; x_wconf 85' lang='lat' dir='ltr'><strong>quae</strong></span> <span class='ocrx_word' id='word_1_261' title='bbox 554 3596 763 3677; x_wconf 72' lang='lat' dir='ltr'><strong>gignunture</strong></span> <span class='ocrx_word' id='word_1_262' title='bbox 792 3601 884 3654; x_wconf 88' lang='lat' dir='ltr'><strong>terra.</strong></span> <span class='ocrx_word' id='word_1_263' title='bbox 926 3593 1009 3674; x_wconf 80' lang='lat' dir='ltr'><strong>Ergo</strong></span> <span class='ocrx_word' id='word_1_264' title='bbox 1035 3591 1091 3654; x_wconf 94' lang='lat' dir='ltr'><strong>illa</strong></span> <span class='ocrx_word' id='word_1_265' title='bbox 1112 3592 1202 3654; x_wconf 91' lang='lat' dir='ltr'><strong>initia</strong></span> <span class='ocrx_word' id='word_1_266' title='bbox 1224 3602 1270 3666; x_wconf 89' lang='lat' dir='ltr'><strong>et,</strong></span> <span class='ocrx_word' id='word_1_267' title='bbox 1300 3599 1335 3655; x_wconf 92' lang='lat' dir='ltr'><strong>ut</strong></span> <span class='ocrx_word' id='word_1_268' title='bbox 1356 3614 1373 3655; x_wconf 93' lang='lat' dir='ltr'><strong>e</strong></span> <span class='ocrx_word' id='word_1_269' title='bbox 1396 3594 1516 3656; x_wconf 88' lang='lat' dir='ltr'><strong>Graeco</strong></span> <span class='ocrx_word' id='word_1_270' title='bbox 1539 3602 1674 3669; x_wconf 85' lang='lat' dir='ltr'><strong>vertam,</strong></span> <span class='ocrx_word' id='word_1_271' title='bbox 1705 3595 1769 3658; x_wconf 90' lang='lat' dir='ltr'><strong>ele·</strong></span> 
     </span>
    </p>

    <p class='ocr_par' dir='ltr' id='par_1_6' title="bbox 402 3684 1769 3958">
     <span class='ocr_line' id='line_1_26' title="bbox 402 3684 1768 3769; baseline -0.001 -17"><span class='ocrx_word' id='word_1_272' title='bbox 402 3698 549 3752; x_wconf 61' lang='lat' dir='ltr'><strong>”menta</strong></span> <span class='ocrx_word' id='word_1_273' title='bbox 572 3689 738 3751; x_wconf 88' lang='lat' dir='ltr'><strong>dicuntur:</strong></span> <span class='ocrx_word' id='word_1_274' title='bbox 761 3706 778 3748; x_wconf 96' lang='lat' dir='ltr'><strong>e</strong></span> <span class='ocrx_word' id='word_1_275' title='bbox 802 3685 917 3769; x_wconf 92' lang='lat' dir='ltr'><strong>quibus</strong></span> <span class='ocrx_word' id='word_1_276' title='bbox 939 3692 993 3747; x_wconf 71' lang='lat' dir='ltr'><strong>aer</strong></span> <span class='ocrx_word' id='word_1_277' title='bbox 1015 3692 1046 3748; x_wconf 90' lang='lat' dir='ltr'><strong>et</strong></span> <span class='ocrx_word' id='word_1_278' title='bbox 1068 3684 1152 3767; x_wconf 83' lang='lat' dir='ltr'><strong>ignis</strong></span> <span class='ocrx_word' id='word_1_279' title='bbox 1174 3686 1321 3749; x_wconf 88' lang='lat' dir='ltr'><strong>movendi</strong></span> <span class='ocrx_word' id='word_1_280' title='bbox 1343 3688 1406 3749; x_wconf 86' lang='lat' dir='ltr'><strong>rim</strong></span> <span class='ocrx_word' id='word_1_281' title='bbox 1421 3687 1538 3750; x_wconf 85' lang='lat' dir='ltr'><strong>habent</strong></span> <span class='ocrx_word' id='word_1_282' title='bbox 1553 3694 1584 3749; x_wconf 94' lang='lat' dir='ltr'><strong>et</strong></span> <span class='ocrx_word' id='word_1_283' title='bbox 1598 3684 1768 3762; x_wconf 86' lang='lat' dir='ltr'><strong>efficiendi,</strong></span> 
     </span>
     <span class='ocr_line' id='line_1_27' title="bbox 439 3778 1768 3867; baseline 0 -22"><span class='ocrx_word' id='word_1_284' title='bbox 439 3783 583 3867; x_wconf 89' lang='lat' dir='ltr'><strong>reliquae</strong></span> <span class='ocrx_word' id='word_1_285' title='bbox 615 3788 721 3865; x_wconf 89' lang='lat' dir='ltr'><strong>partes</strong></span> <span class='ocrx_word' id='word_1_286' title='bbox 755 3778 932 3862; x_wconf 89' lang='lat' dir='ltr'><strong>accipiendi</strong></span> <span class='ocrx_word' id='word_1_287' title='bbox 966 3787 998 3841; x_wconf 93' lang='lat' dir='ltr'><strong>et</strong></span> <span class='ocrx_word' id='word_1_288' title='bbox 1027 3778 1117 3862; x_wconf 87' lang='lat' dir='ltr'><strong>quasi</strong></span> <span class='ocrx_word' id='word_1_289' title='bbox 1152 3780 1310 3861; x_wconf 91' lang='lat' dir='ltr'><strong>patiendi,</strong></span> <span class='ocrx_word' id='word_1_290' title='bbox 1338 3799 1453 3864; x_wconf 88' lang='lat' dir='ltr'><strong>aquam</strong></span> <span class='ocrx_word' id='word_1_291' title='bbox 1483 3780 1554 3844; x_wconf 92' lang='lat' dir='ltr'><strong>dico</strong></span> <span class='ocrx_word' id='word_1_292' title='bbox 1583 3788 1614 3844; x_wconf 91' lang='lat' dir='ltr'><strong>et</strong></span> <span class='ocrx_word' id='word_1_293' title='bbox 1641 3787 1768 3845; x_wconf 87' lang='lat' dir='ltr'><strong>terram.</strong></span> 
     </span>
     <span class='ocr_line' id='line_1_28' title="bbox 440 3875 1769 3958; baseline -0.002 -18"><span class='ocrx_word' id='word_1_294' title='bbox 440 3877 594 3953; x_wconf 88' lang='lat' dir='ltr'><strong>Quintum</strong></span> <span class='ocrx_word' id='word_1_295' title='bbox 616 3894 729 3958; x_wconf 77' lang='lat' dir='ltr'><strong>penus,</strong></span> <span class='ocrx_word' id='word_1_296' title='bbox 752 3893 769 3936; x_wconf 86' lang='lat' dir='ltr'><strong>e</strong></span> <span class='ocrx_word' id='word_1_297' title='bbox 793 3893 857 3957; x_wconf 93' lang='lat' dir='ltr'><strong>quo</strong></span> <span class='ocrx_word' id='word_1_298' title='bbox 873 3880 979 3935; x_wconf 89' lang='lat' dir='ltr'><strong>essent</strong></span> <span class='ocrx_word' id='word_1_299' title='bbox 993 3881 1076 3935; x_wconf 89' lang='lat' dir='ltr'><strong>astra</strong></span> <span class='ocrx_word' id='word_1_300' title='bbox 1091 3881 1291 3956; x_wconf 88' lang='lat' dir='ltr'><strong>mentesque,</strong></span> <span class='ocrx_word' id='word_1_301' title='bbox 1315 3875 1472 3956; x_wconf 75' lang='lat' dir='ltr'><strong>singulare</strong></span> <span class='ocrx_word' id='word_1_302' title='bbox 1488 3893 1660 3957; x_wconf 87' lang='lat' dir='ltr'><strong>eorumque</strong></span> <span class='ocrx_word' id='word_1_303' title='bbox 1676 3883 1769 3957; x_wconf 92' lang='lat' dir='ltr'><strong>quat·</strong></span> 
     </span>
    </p>
   </div>
   <div class='ocr_carea' id='block_1_3' title="bbox 401 3966 1767 4430">
    <p class='ocr_par' dir='ltr' id='par_1_7' title="bbox 401 3966 1767 4430">
     <span class='ocr_line' id='line_1_29' title="bbox 439 3966 1767 4056; baseline -0.001 -23"><span class='ocrx_word' id='word_1_304' title='bbox 439 3978 526 4046; x_wconf 91' lang='lat' dir='ltr'><strong>tuor,</strong></span> <span class='ocrx_word' id='word_1_305' title='bbox 558 3990 641 4056; x_wconf 93' lang='lat' dir='ltr'><strong>quae</strong></span> <span class='ocrx_word' id='word_1_306' title='bbox 679 3988 775 4051; x_wconf 88' lang='lat' dir='ltr'><strong>supra</strong></span> <span class='ocrx_word' id='word_1_307' title='bbox 808 3968 890 4040; x_wconf 83' lang='lat' dir='ltr'><strong>dixi,</strong></span> <span class='ocrx_word' id='word_1_308' title='bbox 925 3966 1078 4030; x_wconf 89' lang='lat' dir='ltr'><strong>dissimile</strong></span> <span class='ocrx_word' id='word_1_309' title='bbox 1112 3967 1297 4030; x_wconf 86' lang='lat' dir='ltr'><strong>Aristoteles</strong></span> <span class='ocrx_word' id='word_1_310' title='bbox 1328 3968 1487 4051; x_wconf 87' lang='lat' dir='ltr'><strong>quoddam</strong></span> <span class='ocrx_word' id='word_1_311' title='bbox 1520 3987 1590 4031; x_wconf 87' lang='lat' dir='ltr'><strong>esse</strong></span> <span class='ocrx_word' id='word_1_312' title='bbox 1628 3969 1767 4032; x_wconf 86' lang='lat' dir='ltr'><strong>rebatur.</strong></span> 
     </span>
     <span class='ocr_line' id='line_1_30' title="bbox 438 4061 1767 4145; baseline -0.001 -18"><span class='ocrx_word' id='word_1_313' title='bbox 438 4061 491 4128; x_wconf 74' lang='lat'><strong>27.</strong></span> <span class='ocrx_word' id='word_1_314' title='bbox 514 4064 577 4128; x_wconf 90' lang='lat' dir='ltr'><strong>Sed</strong></span> <span class='ocrx_word' id='word_1_315' title='bbox 600 4064 772 4127; x_wconf 88' lang='lat' dir='ltr'><strong>subiectam</strong></span> <span class='ocrx_word' id='word_1_316' title='bbox 794 4068 905 4145; x_wconf 90' lang='lat' dir='ltr'><strong>putant</strong></span> <span class='ocrx_word' id='word_1_317' title='bbox 926 4062 1071 4124; x_wconf 93' lang='lat' dir='ltr'><strong>omnibus</strong></span> <span class='ocrx_word' id='word_1_318' title='bbox 1095 4062 1162 4124; x_wconf 90' lang='lat' dir='ltr'><strong>sine</strong></span> <span class='ocrx_word' id='word_1_319' title='bbox 1185 4061 1251 4124; x_wconf 93' lang='lat' dir='ltr'><strong>ulla</strong></span> <span class='ocrx_word' id='word_1_320' title='bbox 1273 4062 1380 4145; x_wconf 91' lang='lat' dir='ltr'><strong>specie</strong></span> <span class='ocrx_word' id='word_1_321' title='bbox 1394 4070 1490 4145; x_wconf 89' lang='lat' dir='ltr'><strong>atque</strong></span> <span class='ocrx_word' id='word_1_322' title='bbox 1506 4070 1663 4125; x_wconf 87' lang='lat' dir='ltr'><strong>carentem</strong></span> <span class='ocrx_word' id='word_1_323' title='bbox 1678 4066 1767 4127; x_wconf 93' lang='lat' dir='ltr'><strong>omni</strong></span> 
     </span>
     <span class='ocr_line' id='line_1_31' title="bbox 401 4155 1766 4243; baseline 0 -24"><span class='ocrx_word' id='word_1_324' title='bbox 401 4171 429 4219; x_wconf 83' lang='lat' dir='ltr'><strong>eo</strong></span> <span class='ocrx_word' id='word_1_325' title='bbox 439 4159 493 4223; x_wconf 88' lang='lat' dir='ltr'><strong>illa</strong></span> <span class='ocrx_word' id='word_1_326' title='bbox 510 4159 662 4243; x_wconf 85' lang='lat' dir='ltr'><strong>qualitate</strong></span> <span class='ocrx_word' id='word_1_327' title='bbox 683 4155 889 4219; x_wconf 85' lang='lat' dir='ltr'><strong>—faciamus</strong></span> <span class='ocrx_word' id='word_1_328' title='bbox 905 4156 990 4217; x_wconf 91' lang='lat' dir='ltr'><strong>enim</strong></span> <span class='ocrx_word' id='word_1_329' title='bbox 1005 4156 1167 4218; x_wconf 89' lang='lat' dir='ltr'><strong>tractando</strong></span> <span class='ocrx_word' id='word_1_330' title='bbox 1182 4157 1328 4219; x_wconf 89' lang='lat' dir='ltr'><strong>usitatius</strong></span> <span class='ocrx_word' id='word_1_331' title='bbox 1342 4155 1402 4217; x_wconf 91' lang='lat' dir='ltr'><strong>boo</strong></span> <span class='ocrx_word' id='word_1_332' title='bbox 1415 4156 1545 4218; x_wconf 83' lang='lat' dir='ltr'><strong>verbum</strong></span> <span class='ocrx_word' id='word_1_333' title='bbox 1560 4164 1591 4218; x_wconf 92' lang='lat' dir='ltr'><strong>et</strong></span> <span class='ocrx_word' id='word_1_334' title='bbox 1606 4156 1708 4219; x_wconf 88' lang='lat' dir='ltr'><strong>tritius</strong></span> <span class='ocrx_word' id='word_1_335' title='bbox 1723 4188 1766 4204; x_wconf 90' lang='lat'><em>-</em></span> 
     </span>
     <span class='ocr_line' id='line_1_32' title="bbox 437 4248 1765 4336; baseline -0.003 -20"><span class='ocrx_word' id='word_1_336' title='bbox 437 4254 599 4316; x_wconf 88' lang='lat' dir='ltr'><strong>materiam</strong></span> <span class='ocrx_word' id='word_1_337' title='bbox 621 4251 793 4336; x_wconf 89' lang='lat' dir='ltr'><strong>quandam,</strong></span> <span class='ocrx_word' id='word_1_338' title='bbox 818 4272 835 4313; x_wconf 91' lang='lat' dir='ltr'><strong>e</strong></span> <span class='ocrx_word' id='word_1_339' title='bbox 859 4269 922 4333; x_wconf 88' lang='lat' dir='ltr'><strong>qua</strong></span> <span class='ocrx_word' id='word_1_340' title='bbox 944 4250 1049 4312; x_wconf 91' lang='lat' dir='ltr'><strong>omnia</strong></span> <span class='ocrx_word' id='word_1_341' title='bbox 1065 4269 1214 4333; x_wconf 89' lang='lat' dir='ltr'><strong>expressa</strong></span> <span class='ocrx_word' id='word_1_342' title='bbox 1230 4258 1324 4332; x_wconf 81' lang='lat' dir='ltr'><strong>etque</strong></span> <span class='ocrx_word' id='word_1_343' title='bbox 1341 4248 1446 4312; x_wconf 87' lang='lat' dir='ltr'><strong>elliota</strong></span> <span class='ocrx_word' id='word_1_344' title='bbox 1461 4250 1539 4312; x_wconf 90' lang='lat' dir='ltr'><strong>sint:</strong></span> <span class='ocrx_word' id='word_1_345' title='bbox 1563 4269 1643 4333; x_wconf 87' lang='lat' dir='ltr'><strong>quae</strong></span> <span class='ocrx_word' id='word_1_346' title='bbox 1659 4251 1681 4329; x_wconf 86' lang='lat'><strong>†</strong></span> <span class='ocrx_word' id='word_1_347' title='bbox 1697 4258 1765 4313; x_wconf 89' lang='lat' dir='ltr'><strong>tota</strong></span> 
     </span>
     <span class='ocr_line' id='line_1_33' title="bbox 438 4341 1764 4430; baseline -0.003 -20"><span class='ocrx_word' id='word_1_348' title='bbox 438 4347 543 4410; x_wconf 93' lang='lat' dir='ltr'><strong>omnia</strong></span> <span class='ocrx_word' id='word_1_349' title='bbox 570 4347 713 4430; x_wconf 85' lang='lat' dir='ltr'><strong>accipere</strong></span> <span class='ocrx_word' id='word_1_350' title='bbox 745 4346 847 4427; x_wconf 91' lang='lat' dir='ltr'><strong>possit</strong></span> <span class='ocrx_word' id='word_1_351' title='bbox 872 4343 1083 4424; x_wconf 86' lang='lat' dir='ltr'><strong>omnibusque</strong></span> <span class='ocrx_word' id='word_1_352' title='bbox 1106 4341 1207 4405; x_wconf 93' lang='lat' dir='ltr'><strong>modis</strong></span> <span class='ocrx_word' id='word_1_353' title='bbox 1229 4345 1342 4406; x_wconf 86' lang='lat' dir='ltr'><strong>mutari</strong></span> <span class='ocrx_word' id='word_1_354' title='bbox 1364 4353 1460 4426; x_wconf 92' lang='lat' dir='ltr'><strong>atque</strong></span> <span class='ocrx_word' id='word_1_355' title='bbox 1482 4362 1523 4405; x_wconf 85' lang='lat' dir='ltr'><strong>ex</strong></span> <span class='ocrx_word' id='word_1_356' title='bbox 1545 4344 1631 4405; x_wconf 94' lang='lat' dir='ltr'><strong>omni</strong></span> <span class='ocrx_word' id='word_1_357' title='bbox 1653 4350 1764 4426; x_wconf 86' lang='lat' dir='ltr'><strong>parte:</strong></span> 
     </span>
    </p>
   </div>
   <div class='ocr_carea' id='block_1_4' title="bbox 427 4610 1762 6034">
    <p class='ocr_par' dir='ltr' id='par_1_8' title="bbox 427 4610 1762 6034">
     <span class='ocr_line' id='line_1_34' title="bbox 501 4610 1762 4678; baseline -0.005 -10"><span class='ocrx_word' id='word_1_358' title='bbox 501 4620 525 4669; x_wconf 89' lang='lat' dir='ltr'><strong>t.</strong></span> <span class='ocrx_word' id='word_1_359' title='bbox 543 4617 605 4667; x_wconf 76' lang='lat' dir='ltr'><strong>ciiii</strong></span> <span class='ocrx_word' id='word_1_360' title='bbox 620 4620 655 4666; x_wconf 82' lang='lat' dir='ltr'><strong>ert</strong></span> <span class='ocrx_word' id='word_1_361' title='bbox 665 4641 703 4652; x_wconf 95' lang='lat'><strong>--</strong></span> <span class='ocrx_word' id='word_1_362' title='bbox 713 4618 819 4678; x_wconf 77' lang='lat' dir='ltr'><strong>cupatur</strong></span> <span class='ocrx_word' id='word_1_363' title='bbox 835 4611 962 4662; x_wconf 79' lang='lat' dir='ltr'><strong>lambino</strong></span> <span class='ocrx_word' id='word_1_364' title='bbox 980 4616 1103 4678; x_wconf 89' lang='lat' dir='ltr'><strong>suspecta</strong></span> <span class='ocrx_word' id='word_1_365' title='bbox 1121 4624 1265 4678; x_wconf 86' lang='lat' dir='ltr'><strong>perperam</strong></span> <span class='ocrx_word' id='word_1_366' title='bbox 1278 4610 1438 4662; x_wconf 87' lang='lat' dir='ltr'><strong>videbantur</strong></span> <span class='ocrx_word' id='word_1_367' title='bbox 1451 4639 1477 4649; x_wconf 98' lang='lat'>-</span> <span class='ocrx_word' id='word_1_368' title='bbox 1496 4613 1521 4661; x_wconf 89' lang='grc'><strong>2.</strong></span> <span class='ocrx_word' id='word_1_369' title='bbox 1539 4612 1565 4661; x_wconf 82' lang='lat' dir='ltr'><strong>id</strong></span> <span class='ocrx_word' id='word_1_370' title='bbox 1581 4610 1642 4675; x_wconf 79' lang='lat' dir='ltr'><strong>iem]</strong></span> <span class='ocrx_word' id='word_1_371' title='bbox 1659 4612 1762 4663; x_wconf 69' lang='lat' dir='ltr'><strong>uiomr</strong></span> 
     </span>
     <span class='ocr_line' id='line_1_35' title="bbox 438 4687 1762 4759; baseline -0.005 -14"><span class='ocrx_word' id='word_1_372' title='bbox 438 4723 464 4733; x_wconf 98' lang='lat'><strong>—</strong></span> <span class='ocrx_word' id='word_1_373' title='bbox 483 4696 556 4759; x_wconf 81' lang='lat' dir='ltr'><strong>quart</strong></span> <span class='ocrx_word' id='word_1_374' title='bbox 572 4707 626 4744; x_wconf 91' lang='lat' dir='ltr'><strong>om.</strong></span> <span class='ocrx_word' id='word_1_375' title='bbox 645 4689 723 4741; x_wconf 89' lang='lat' dir='ltr'><strong>codd.</strong></span> <span class='ocrx_word' id='word_1_376' title='bbox 744 4688 827 4741; x_wconf 87' lang='lat' dir='ltr'><strong>Ursini</strong></span> <span class='ocrx_word' id='word_1_377' title='bbox 846 4711 873 4724; x_wconf 94' lang='lat'><em>-</em></span> <span class='ocrx_word' id='word_1_378' title='bbox 893 4687 917 4737; x_wconf 93' lang='grc'><strong>3.</strong></span> <span class='ocrx_word' id='word_1_379' title='bbox 935 4694 964 4737; x_wconf 84' lang='lat' dir='ltr'><strong>ut</strong></span> <span class='ocrx_word' id='word_1_380' title='bbox 979 4690 1007 4737; x_wconf 80' lang='lat' dir='ltr'><strong>in</strong></span> <span class='ocrx_word' id='word_1_381' title='bbox 1024 4702 1077 4739; x_wconf 93' lang='lat' dir='ltr'><strong>om.</strong></span> <span class='ocrx_word' id='word_1_382' title='bbox 1097 4702 1111 4738; x_wconf 90' lang='lat' dir='ltr'><strong>r</strong></span> <span class='ocrx_word' id='word_1_383' title='bbox 1130 4714 1154 4723; x_wconf 92' lang='lat'><em>-</em></span> <span class='ocrx_word' id='word_1_384' title='bbox 1176 4688 1200 4738; x_wconf 86' lang='grc'><strong>4.</strong></span> <span class='ocrx_word' id='word_1_385' title='bbox 1219 4689 1263 4737; x_wconf 80' lang='lat' dir='ltr'><strong>dtu</strong></span> <span class='ocrx_word' id='word_1_386' title='bbox 1279 4699 1360 4737; x_wconf 89' lang='lat' dir='ltr'><strong>om.r</strong></span> <span class='ocrx_word' id='word_1_387' title='bbox 1378 4714 1404 4722; x_wconf 97' lang='lat'>-</span> <span class='ocrx_word' id='word_1_388' title='bbox 1424 4701 1474 4736; x_wconf 82' lang='lat' dir='ltr'><strong>ron</strong></span> <span class='ocrx_word' id='word_1_389' title='bbox 1490 4687 1582 4736; x_wconf 71' lang='grc'><strong>4444444</strong></span> <span class='ocrx_word' id='word_1_390' title='bbox 1598 4700 1612 4736; x_wconf 88' lang='lat' dir='ltr'><strong>r</strong></span> <span class='ocrx_word' id='word_1_391' title='bbox 1630 4713 1657 4725; x_wconf 94' lang='lat'><em>-</em></span> <span class='ocrx_word' id='word_1_392' title='bbox 1675 4689 1700 4738; x_wconf 79' lang='grc'><strong>4.</strong></span> <span class='ocrx_word' id='word_1_393' title='bbox 1718 4688 1762 4739; x_wconf 83' lang='lat' dir='ltr'><strong>rit-</strong></span> 
     </span>
     <span class='ocr_line' id='line_1_36' title="bbox 433 4762 1761 4829; baseline -0.008 -9"><span class='ocrx_word' id='word_1_394' title='bbox 433 4778 490 4823; x_wconf 84' lang='lat' dir='ltr'><strong>tore</strong></span> <span class='ocrx_word' id='word_1_395' title='bbox 505 4772 528 4820; x_wconf 83' lang='lat' dir='ltr'>V</span> <span class='ocrx_word' id='word_1_396' title='bbox 546 4796 573 4806; x_wconf 97' lang='lat'>-</span> <span class='ocrx_word' id='word_1_397' title='bbox 593 4769 618 4818; x_wconf 87' lang='grc'><strong>6.</strong></span> <span class='ocrx_word' id='word_1_398' title='bbox 636 4767 687 4829; x_wconf 79' lang='lat' dir='ltr'><strong>red]</strong></span> <span class='ocrx_word' id='word_1_399' title='bbox 703 4770 731 4815; x_wconf 80' lang='lat' dir='ltr'><strong>ut</strong></span> <span class='ocrx_word' id='word_1_400' title='bbox 747 4777 761 4813; x_wconf 88' lang='lat' dir='ltr'><strong>r</strong></span> <span class='ocrx_word' id='word_1_401' title='bbox 779 4789 807 4800; x_wconf 96' lang='lat'><em>-</em></span> <span class='ocrx_word' id='word_1_402' title='bbox 826 4763 923 4824; x_wconf 79' lang='lat' dir='ltr'><strong>enitor,</strong></span> <span class='ocrx_word' id='word_1_403' title='bbox 942 4764 1022 4826; x_wconf 82' lang='lat' dir='ltr'><strong>inquit</strong></span> <span class='ocrx_word' id='word_1_404' title='bbox 1037 4762 1147 4813; x_wconf 86' lang='lat' dir='ltr'><strong>Durand</strong></span> <span class='ocrx_word' id='word_1_405' title='bbox 1165 4787 1192 4797; x_wconf 96' lang='lat'><em>-</em></span> <span class='ocrx_word' id='word_1_406' title='bbox 1212 4763 1236 4811; x_wconf 82' lang='lat'><strong>7.</strong></span> <span class='ocrx_word' id='word_1_407' title='bbox 1254 4762 1399 4812; x_wconf 79' lang='lat' dir='ltr'><strong>eiurcuoodi</strong></span> <span class='ocrx_word' id='word_1_408' title='bbox 1417 4762 1452 4822; x_wconf 89' lang='lat' dir='ltr'><strong>G,</strong></span> <span class='ocrx_word' id='word_1_409' title='bbox 1470 4762 1609 4811; x_wconf 81' lang='lat' dir='ltr'><strong>lutormodi</strong></span> <span class='ocrx_word' id='word_1_410' title='bbox 1624 4774 1639 4810; x_wconf 89' lang='lat' dir='ltr'><strong>r</strong></span> <span class='ocrx_word' id='word_1_411' title='bbox 1656 4786 1683 4798; x_wconf 94' lang='lat'>-</span> <span class='ocrx_word' id='word_1_412' title='bbox 1700 4762 1761 4824; x_wconf 78' lang='lat' dir='ltr'><strong>ptr·-</strong></span> 
     </span>
     <span class='ocr_line' id='line_1_37' title="bbox 432 4835 1758 4910; baseline -0.008 -12"><span class='ocrx_word' id='word_1_413' title='bbox 432 4847 570 4910; x_wconf 78' lang='lat' dir='ltr'><strong>tosopbtom</strong></span> <span class='ocrx_word' id='word_1_414' title='bbox 586 4847 632 4893; x_wconf 84' lang='lat' dir='ltr'><strong>out</strong></span> <span class='ocrx_word' id='word_1_415' title='bbox 646 4841 752 4893; x_wconf 70' lang='grc'><strong>44444441</strong></span> <span class='ocrx_word' id='word_1_416' title='bbox 768 4844 814 4889; x_wconf 80' lang='lat' dir='ltr'><strong>out</strong></span> <span class='ocrx_word' id='word_1_417' title='bbox 827 4838 956 4902; x_wconf 71' lang='lat' dir='ltr'><strong>physicam</strong></span> <span class='ocrx_word' id='word_1_418' title='bbox 974 4835 1166 4897; x_wconf 77' lang='lat' dir='ltr'><strong>lluelsemann3</strong></span> <span class='ocrx_word' id='word_1_419' title='bbox 1193 4842 1220 4888; x_wconf 87' lang='lat' dir='ltr'><strong>et</strong></span> <span class='ocrx_word' id='word_1_420' title='bbox 1237 4851 1262 4887; x_wconf 91' lang='lat' dir='ltr'><strong>v.</strong></span> <span class='ocrx_word' id='word_1_421' title='bbox 1282 4838 1335 4888; x_wconf 90' lang='lat' dir='ltr'><strong>Cic.</strong></span> <span class='ocrx_word' id='word_1_422' title='bbox 1355 4836 1389 4887; x_wconf 83' lang='lat' dir='ltr'><strong>de</strong></span> <span class='ocrx_word' id='word_1_423' title='bbox 1407 4835 1470 4886; x_wconf 84' lang='lat' dir='ltr'><strong>dnn.</strong></span> <span class='ocrx_word' id='word_1_424' title='bbox 1490 4836 1516 4887; x_wconf 93' lang='lat' dir='ltr'><strong>b.</strong></span> <span class='ocrx_word' id='word_1_425' title='bbox 1536 4840 1563 4887; x_wconf 91' lang='lat' dir='ltr'><strong>et</strong></span> <span class='ocrx_word' id='word_1_426' title='bbox 1580 4849 1615 4887; x_wconf 93' lang='lat' dir='ltr'><strong>m.</strong></span> <span class='ocrx_word' id='word_1_427' title='bbox 1635 4838 1680 4899; x_wconf 90' lang='lat' dir='ltr'><strong>lll,</strong></span> <span class='ocrx_word' id='word_1_428' title='bbox 1700 4837 1715 4902; x_wconf 73' lang='lat'>5</span> <span class='ocrx_word' id='word_1_429' title='bbox 1732 4839 1758 4899; x_wconf 76' lang='lat' dir='ltr'><strong>b,</strong></span> 
     </span>
     <span class='ocr_line' id='line_1_38' title="bbox 433 4913 1760 4986; baseline -0.007 -13"><span class='ocrx_word' id='word_1_430' title='bbox 433 4937 466 4974; x_wconf 84' lang='lat' dir='ltr'><strong>ex</strong></span> <span class='ocrx_word' id='word_1_431' title='bbox 483 4935 536 4986; x_wconf 91' lang='lat' dir='ltr'><strong>quo</strong></span> <span class='ocrx_word' id='word_1_432' title='bbox 553 4918 613 4971; x_wconf 91' lang='lat' dir='ltr'><strong>loco</strong></span> <span class='ocrx_word' id='word_1_433' title='bbox 629 4916 757 4982; x_wconf 87' lang='lat' dir='ltr'><strong>suspicari</strong></span> <span class='ocrx_word' id='word_1_434' title='bbox 775 4916 875 4980; x_wconf 87' lang='lat' dir='ltr'><strong>possis:</strong></span> <span class='ocrx_word' id='word_1_435' title='bbox 893 4920 922 4963; x_wconf 80' lang='lat' dir='ltr'><strong>ut</strong></span> <span class='ocrx_word' id='word_1_436' title='bbox 934 4913 1129 4976; x_wconf 72' lang='lat' dir='ltr'><strong>philosophiam,</strong></span> <span class='ocrx_word' id='word_1_437' title='bbox 1147 4918 1175 4962; x_wconf 82' lang='lat' dir='ltr'><strong>ut</strong></span> <span class='ocrx_word' id='word_1_438' title='bbox 1191 4913 1340 4964; x_wconf 68' lang='lat' dir='ltr'><strong>rhetoricum</strong></span> <span class='ocrx_word' id='word_1_439' title='bbox 1356 4916 1401 4961; x_wconf 80' lang='lat' dir='ltr'><strong>out</strong></span> <span class='ocrx_word' id='word_1_440' title='bbox 1414 4913 1468 4975; x_wconf 60' lang='lat' dir='ltr'><strong>pt„</strong></span> <span class='ocrx_word' id='word_1_441' title='bbox 1486 4915 1515 4961; x_wconf 93' lang='lat' dir='ltr'><strong>ut</strong></span> <span class='ocrx_word' id='word_1_442' title='bbox 1527 4914 1568 4963; x_wconf 89' lang='lat' dir='ltr'><strong>est</strong></span> <span class='ocrx_word' id='word_1_443' title='bbox 1584 4914 1610 4963; x_wconf 88' lang='lat' dir='ltr'><strong>in</strong></span> <span class='ocrx_word' id='word_1_444' title='bbox 1622 4913 1641 4965; x_wconf 86' lang='lat' dir='ltr'><strong>ll</strong></span> <span class='ocrx_word' id='word_1_445' title='bbox 1653 4938 1681 4948; x_wconf 96' lang='lat'><em>-</em></span> <span class='ocrx_word' id='word_1_446' title='bbox 1700 4913 1760 4964; x_wconf 83' lang='lat' dir='ltr'><strong>ritc-</strong></span> 
     </span>
     <span class='ocr_line' id='line_1_39' title="bbox 431 4988 1757 5057; baseline -0.006 -9"><span class='ocrx_word' id='word_1_447' title='bbox 431 4997 534 5047; x_wconf 81' lang='lat' dir='ltr'><strong>toricem</strong></span> <span class='ocrx_word' id='word_1_448' title='bbox 554 4999 600 5045; x_wconf 83' lang='lat' dir='ltr'><strong>orit</strong></span> <span class='ocrx_word' id='word_1_449' title='bbox 618 4993 744 5057; x_wconf 70' lang='lat' dir='ltr'><strong>pluriores</strong></span> <span class='ocrx_word' id='word_1_450' title='bbox 764 4996 809 5039; x_wconf 79' lang='lat' dir='ltr'><strong>out</strong></span> <span class='ocrx_word' id='word_1_451' title='bbox 825 4990 976 5039; x_wconf 80' lang='lat' dir='ltr'><strong>dialecticem</strong></span> <span class='ocrx_word' id='word_1_452' title='bbox 996 4994 1032 5047; x_wconf 82' lang='lat' dir='ltr'><strong>A,</strong></span> <span class='ocrx_word' id='word_1_453' title='bbox 1055 4989 1206 5039; x_wconf 68' lang='lat' dir='ltr'><strong>rhetoricam</strong></span> <span class='ocrx_word' id='word_1_454' title='bbox 1227 4994 1273 5038; x_wconf 82' lang='lat' dir='ltr'><strong>out</strong></span> <span class='ocrx_word' id='word_1_455' title='bbox 1291 4988 1409 5049; x_wconf 72' lang='lat' dir='ltr'><strong>physicen</strong></span> <span class='ocrx_word' id='word_1_456' title='bbox 1425 4992 1470 5037; x_wconf 83' lang='lat' dir='ltr'><strong>out</strong></span> <span class='ocrx_word' id='word_1_457' title='bbox 1486 4988 1629 5039; x_wconf 82' lang='lat' dir='ltr'><strong>dialecticon</strong></span> <span class='ocrx_word' id='word_1_458' title='bbox 1646 4989 1665 5040; x_wconf 87' lang='lat' dir='ltr'>U</span> <span class='ocrx_word' id='word_1_459' title='bbox 1684 5011 1712 5026; x_wconf 91' lang='lat'><em>-</em></span> <span class='ocrx_word' id='word_1_460' title='bbox 1731 4989 1757 5040; x_wconf 86' lang='grc'><strong>8.</strong></span> 
     </span>
     <span class='ocr_line' id='line_1_40' title="bbox 430 5063 1759 5127; baseline -0.006 -5"><span class='ocrx_word' id='word_1_461' title='bbox 430 5072 515 5122; x_wconf 58' lang='lat' dir='ltr'><strong>multo</strong></span> <span class='ocrx_word' id='word_1_462' title='bbox 529 5071 583 5121; x_wconf 81' lang='lat' dir='ltr'><strong>iom</strong></span> <span class='ocrx_word' id='word_1_463' title='bbox 593 5069 689 5118; x_wconf 71' lang='grc'><strong>44444443·</strong></span> <span class='ocrx_word' id='word_1_464' title='bbox 699 5081 714 5116; x_wconf 92' lang='lat' dir='ltr'><strong>r</strong></span> <span class='ocrx_word' id='word_1_465' title='bbox 724 5092 756 5103; x_wconf 97' lang='lat'>-</span> <span class='ocrx_word' id='word_1_466' title='bbox 774 5065 813 5114; x_wconf 80' lang='lat' dir='ltr'><strong>to.</strong></span> <span class='ocrx_word' id='word_1_467' title='bbox 829 5069 955 5126; x_wconf 74' lang='lat' dir='ltr'><strong>poeotetoe</strong></span> <span class='ocrx_word' id='word_1_468' title='bbox 965 5067 996 5126; x_wconf 89' lang='lat' dir='ltr'><strong>A,</strong></span> <span class='ocrx_word' id='word_1_469' title='bbox 1010 5066 1137 5127; x_wconf 84' lang='lat' dir='ltr'><strong>pointecos</strong></span> <span class='ocrx_word' id='word_1_470' title='bbox 1147 5067 1176 5126; x_wconf 90' lang='lat' dir='ltr'><strong>G,</strong></span> <span class='ocrx_word' id='word_1_471' title='bbox 1193 5065 1333 5127; x_wconf 78' lang='lat' dir='ltr'><strong>poeotbetos</strong></span> <span class='ocrx_word' id='word_1_472' title='bbox 1349 5067 1377 5126; x_wconf 86' lang='lat' dir='ltr'><strong>P,</strong></span> <span class='ocrx_word' id='word_1_473' title='bbox 1392 5064 1518 5126; x_wconf 79' lang='lat' dir='ltr'><strong>poetbetos</strong></span> <span class='ocrx_word' id='word_1_474' title='bbox 1528 5063 1572 5113; x_wconf 87' lang='lat' dir='ltr'><strong>Vr</strong></span> <span class='ocrx_word' id='word_1_475' title='bbox 1585 5088 1613 5099; x_wconf 96' lang='lat'><em>-</em></span> <span class='ocrx_word' id='word_1_476' title='bbox 1631 5063 1759 5126; x_wconf 77' lang='lat' dir='ltr'><strong>oppetiout</strong></span> 
     </span>
     <span class='ocr_line' id='line_1_41' title="bbox 431 5137 1759 5204; baseline -0.007 -7"><span class='ocrx_word' id='word_1_477' title='bbox 431 5149 498 5197; x_wconf 90' lang='lat' dir='ltr'><strong>G-</strong></span> <span class='ocrx_word' id='word_1_478' title='bbox 524 5146 564 5195; x_wconf 89' lang='lat' dir='ltr'><strong>lt.</strong></span> <span class='ocrx_word' id='word_1_479' title='bbox 582 5156 640 5194; x_wconf 86' lang='lat' dir='ltr'><strong>uero</strong></span> <span class='ocrx_word' id='word_1_480' title='bbox 657 5154 710 5193; x_wconf 89' lang='lat' dir='ltr'><strong>om.</strong></span> <span class='ocrx_word' id='word_1_481' title='bbox 729 5140 752 5190; x_wconf 88' lang='lat' dir='ltr'>V</span> <span class='ocrx_word' id='word_1_482' title='bbox 769 5142 796 5188; x_wconf 89' lang='lat' dir='ltr'><strong>et</strong></span> <span class='ocrx_word' id='word_1_483' title='bbox 812 5140 884 5198; x_wconf 81' lang='lat' dir='ltr'><strong>Bas,</strong></span> <span class='ocrx_word' id='word_1_484' title='bbox 907 5152 957 5188; x_wconf 82' lang='lat' dir='ltr'><strong>non</strong></span> <span class='ocrx_word' id='word_1_485' title='bbox 974 5151 988 5187; x_wconf 91' lang='lat' dir='ltr'><strong>r</strong></span> <span class='ocrx_word' id='word_1_486' title='bbox 1006 5164 1033 5176; x_wconf 95' lang='lat'><em>-</em></span> <span class='ocrx_word' id='word_1_487' title='bbox 1060 5138 1100 5189; x_wconf 86' lang='lat' dir='ltr'><strong>ll.</strong></span> <span class='ocrx_word' id='word_1_488' title='bbox 1119 5140 1145 5188; x_wconf 83' lang='lat' dir='ltr'><strong>tn</strong></span> <span class='ocrx_word' id='word_1_489' title='bbox 1161 5141 1192 5189; x_wconf 80' lang='lat' dir='ltr'><strong>tis</strong></span> <span class='ocrx_word' id='word_1_490' title='bbox 1208 5154 1222 5190; x_wconf 88' lang='lat' dir='ltr'><strong>r</strong></span> <span class='ocrx_word' id='word_1_491' title='bbox 1241 5166 1268 5176; x_wconf 91' lang='lat'><em>-</em></span> <span class='ocrx_word' id='word_1_492' title='bbox 1296 5141 1335 5190; x_wconf 82' lang='grc'><strong>43.</strong></span> <span class='ocrx_word' id='word_1_493' title='bbox 1353 5139 1419 5189; x_wconf 83' lang='lat' dir='ltr'><strong>seclo</strong></span> <span class='ocrx_word' id='word_1_494' title='bbox 1436 5139 1515 5189; x_wconf 86' lang='lat' dir='ltr'><strong>APV</strong></span> <span class='ocrx_word' id='word_1_495' title='bbox 1534 5162 1562 5174; x_wconf 95' lang='lat'><em>-</em></span> <span class='ocrx_word' id='word_1_496' title='bbox 1585 5137 1654 5188; x_wconf 77' lang='lat' dir='ltr'><strong>cobis</strong></span> <span class='ocrx_word' id='word_1_497' title='bbox 1676 5140 1759 5204; x_wconf 79' lang='lat' dir='ltr'><strong>moptr</strong></span> 
     </span>
     <span class='ocr_line' id='line_1_42' title="bbox 430 5212 1757 5285; baseline -0.007 -13"><span class='ocrx_word' id='word_1_498' title='bbox 430 5224 464 5272; x_wconf 91' lang='lat' dir='ltr'><strong>G:</strong></span> <span class='ocrx_word' id='word_1_499' title='bbox 482 5216 796 5285; x_wconf 70' lang='lat' dir='ltr'><strong>mopomttsAonr</strong></span> <span class='ocrx_word' id='word_1_500' title='bbox 814 5241 841 5250; x_wconf 93' lang='lat'>-</span> <span class='ocrx_word' id='word_1_501' title='bbox 866 5214 905 5263; x_wconf 87' lang='grc'><strong>46.</strong></span> <span class='ocrx_word' id='word_1_502' title='bbox 924 5227 990 5262; x_wconf 81' lang='lat' dir='ltr'><strong>nuuc</strong></span> <span class='ocrx_word' id='word_1_503' title='bbox 1006 5227 1059 5264; x_wconf 88' lang='lat' dir='ltr'><strong>om.</strong></span> <span class='ocrx_word' id='word_1_504' title='bbox 1078 5228 1093 5263; x_wconf 91' lang='lat' dir='ltr'><strong>r</strong></span> <span class='ocrx_word' id='word_1_505' title='bbox 1111 5242 1138 5251; x_wconf 91' lang='lat'><em>-</em></span> <span class='ocrx_word' id='word_1_506' title='bbox 1165 5220 1217 5265; x_wconf 87' lang='lat' dir='ltr'><strong>tum</strong></span> <span class='ocrx_word' id='word_1_507' title='bbox 1233 5214 1330 5266; x_wconf 85' lang='lat' dir='ltr'><strong>oeroV</strong></span> <span class='ocrx_word' id='word_1_508' title='bbox 1350 5241 1377 5251; x_wconf 95' lang='lat'>-</span> <span class='ocrx_word' id='word_1_509' title='bbox 1402 5216 1441 5264; x_wconf 83' lang='grc'><strong>47.</strong></span> <span class='ocrx_word' id='word_1_510' title='bbox 1459 5214 1644 5265; x_wconf 82' lang='lat' dir='ltr'><strong>meritusG-</strong></span> <span class='ocrx_word' id='word_1_511' title='bbox 1670 5212 1710 5263; x_wconf 84' lang='lat' dir='ltr'><strong>te.</strong></span> <span class='ocrx_word' id='word_1_512' title='bbox 1729 5217 1757 5263; x_wconf 83' lang='lat' dir='ltr'><strong>ut</strong></span> 
     </span>
     <span class='ocr_line' id='line_1_43' title="bbox 428 5288 1757 5360; baseline -0.008 -11"><span class='ocrx_word' id='word_1_513' title='bbox 428 5298 507 5360; x_wconf 75' lang='lat' dir='ltr'><strong>loeistt</strong></span> <span class='ocrx_word' id='word_1_514' title='bbox 523 5294 630 5353; x_wconf 80' lang='lat' dir='ltr'><strong>Lemb.;</strong></span> <span class='ocrx_word' id='word_1_515' title='bbox 652 5298 679 5342; x_wconf 83' lang='lat' dir='ltr'><strong>tit</strong></span> <span class='ocrx_word' id='word_1_516' title='bbox 695 5297 719 5342; x_wconf 88' lang='lat' dir='ltr'><strong>et</strong></span> <span class='ocrx_word' id='word_1_517' title='bbox 734 5291 812 5354; x_wconf 78' lang='lat' dir='ltr'><strong>{scisti</strong></span> <span class='ocrx_word' id='word_1_518' title='bbox 827 5288 951 5353; x_wconf 71' lang='lat' dir='ltr'><strong>Bentley,</strong></span> <span class='ocrx_word' id='word_1_519' title='bbox 974 5290 1012 5339; x_wconf 82' lang='lat' dir='ltr'><strong>titi</strong></span> <span class='ocrx_word' id='word_1_520' title='bbox 1028 5289 1098 5353; x_wconf 82' lang='lat' dir='ltr'><strong>(utet)</strong></span> <span class='ocrx_word' id='word_1_521' title='bbox 1114 5291 1193 5353; x_wconf 69' lang='lat' dir='ltr'><strong>fecisti</strong></span> <span class='ocrx_word' id='word_1_522' title='bbox 1210 5289 1281 5340; x_wconf 85' lang='lat' dir='ltr'><strong>Klotz</strong></span> <span class='ocrx_word' id='word_1_523' title='bbox 1302 5315 1327 5325; x_wconf 96' lang='lat'>-</span> <span class='ocrx_word' id='word_1_524' title='bbox 1347 5291 1422 5340; x_wconf 83' lang='lat' dir='ltr'><strong>etism</strong></span> <span class='ocrx_word' id='word_1_525' title='bbox 1439 5303 1492 5340; x_wconf 87' lang='lat' dir='ltr'><strong>om.</strong></span> <span class='ocrx_word' id='word_1_526' title='bbox 1511 5303 1525 5339; x_wconf 89' lang='lat' dir='ltr'><strong>r</strong></span> <span class='ocrx_word' id='word_1_527' title='bbox 1544 5316 1571 5325; x_wconf 90' lang='lat'><em>-</em></span> <span class='ocrx_word' id='word_1_528' title='bbox 1592 5288 1632 5337; x_wconf 84' lang='grc'><strong>49.</strong></span> <span class='ocrx_word' id='word_1_529' title='bbox 1648 5288 1726 5350; x_wconf 68' lang='lat' dir='ltr'><strong>furit</strong></span> <span class='ocrx_word' id='word_1_530' title='bbox 1743 5301 1757 5338; x_wconf 88' lang='lat' dir='ltr'><strong>r</strong></span> 
     </span>
     <span class='ocr_line' id='line_1_44' title="bbox 430 5364 1757 5433; baseline -0.006 -11"><span class='ocrx_word' id='word_1_531' title='bbox 430 5399 457 5409; x_wconf 97' lang='lat'>-</span> <span class='ocrx_word' id='word_1_532' title='bbox 477 5373 518 5422; x_wconf 83' lang='grc'><strong>20.</strong></span> <span class='ocrx_word' id='word_1_533' title='bbox 537 5384 570 5422; x_wconf 77' lang='lat' dir='ltr'><strong>es</strong></span> <span class='ocrx_word' id='word_1_534' title='bbox 590 5370 621 5419; x_wconf 81' lang='lat' dir='ltr'><strong>iis</strong></span> <span class='ocrx_word' id='word_1_535' title='bbox 641 5369 699 5433; x_wconf 74' lang='lat' dir='ltr'><strong>(bisi</strong></span> <span class='ocrx_word' id='word_1_536' title='bbox 720 5380 744 5417; x_wconf 89' lang='lat' dir='ltr'><strong>r:</strong></span> <span class='ocrx_word' id='word_1_537' title='bbox 771 5380 805 5416; x_wconf 79' lang='lat' dir='ltr'><strong>ec</strong></span> <span class='ocrx_word' id='word_1_538' title='bbox 826 5366 864 5415; x_wconf 78' lang='lat' dir='ltr'><strong>iis</strong></span> <span class='ocrx_word' id='word_1_539' title='bbox 881 5365 930 5415; x_wconf 87' lang='lat' dir='ltr'><strong>CO</strong></span> <span class='ocrx_word' id='word_1_540' title='bbox 956 5391 982 5401; x_wconf 93' lang='lat'>-</span> <span class='ocrx_word' id='word_1_541' title='bbox 1006 5366 1047 5415; x_wconf 89' lang='grc'><strong>24.</strong></span> <span class='ocrx_word' id='word_1_542' title='bbox 1065 5367 1154 5416; x_wconf 84' lang='lat' dir='ltr'><strong>ocriae</strong></span> <span class='ocrx_word' id='word_1_543' title='bbox 1170 5371 1242 5415; x_wconf 82' lang='lat' dir='ltr'><strong>ortae</strong></span> <span class='ocrx_word' id='word_1_544' title='bbox 1259 5367 1278 5415; x_wconf 88' lang='lat' dir='ltr'><strong>G</strong></span> <span class='ocrx_word' id='word_1_545' title='bbox 1298 5388 1325 5398; x_wconf 95' lang='lat'><em>-</em></span> <span class='ocrx_word' id='word_1_546' title='bbox 1345 5366 1385 5414; x_wconf 89' lang='grc'><strong>22.</strong></span> <span class='ocrx_word' id='word_1_547' title='bbox 1404 5378 1451 5414; x_wconf 88' lang='lat' dir='ltr'><strong>oer</strong></span> <span class='ocrx_word' id='word_1_548' title='bbox 1471 5365 1515 5413; x_wconf 82' lang='lat' dir='ltr'><strong>boc</strong></span> <span class='ocrx_word' id='word_1_549' title='bbox 1538 5376 1634 5425; x_wconf 78' lang='lat' dir='ltr'><strong>quoque</strong></span> <span class='ocrx_word' id='word_1_550' title='bbox 1650 5364 1685 5413; x_wconf 87' lang='lat' dir='ltr'><strong>G:</strong></span> <span class='ocrx_word' id='word_1_551' title='bbox 1709 5376 1757 5414; x_wconf 83' lang='lat' dir='ltr'><strong>oer</strong></span> 
     </span>
     <span class='ocr_line' id='line_1_45' title="bbox 428 5436 1755 5512; baseline -0.004 -18"><span class='ocrx_word' id='word_1_552' title='bbox 428 5462 525 5512; x_wconf 77' lang='lat' dir='ltr'><strong>quoquo</strong></span> <span class='ocrx_word' id='word_1_553' title='bbox 540 5446 656 5503; x_wconf 83' lang='lat' dir='ltr'><strong>APVr;</strong></span> <span class='ocrx_word' id='word_1_554' title='bbox 674 5456 720 5492; x_wconf 85' lang='lat' dir='ltr'><strong>oer</strong></span> <span class='ocrx_word' id='word_1_555' title='bbox 736 5442 834 5502; x_wconf 71' lang='lat' dir='ltr'><strong>quidun</strong></span> <span class='ocrx_word' id='word_1_556' title='bbox 850 5440 968 5498; x_wconf 84' lang='lat' dir='ltr'><strong>Ernesti;</strong></span> <span class='ocrx_word' id='word_1_557' title='bbox 987 5452 1032 5489; x_wconf 84' lang='lat' dir='ltr'><strong>aer</strong></span> <span class='ocrx_word' id='word_1_558' title='bbox 1048 5440 1068 5489; x_wconf 91' lang='lat'>0</span> <span class='ocrx_word' id='word_1_559' title='bbox 1088 5466 1115 5475; x_wconf 93' lang='lat'><em>-</em></span> <span class='ocrx_word' id='word_1_560' title='bbox 1133 5441 1186 5490; x_wconf 84' lang='lat' dir='ltr'><strong>iam</strong></span> <span class='ocrx_word' id='word_1_561' title='bbox 1202 5440 1313 5504; x_wconf 86' lang='lat' dir='ltr'><strong>scripsi:</strong></span> <span class='ocrx_word' id='word_1_562' title='bbox 1334 5452 1387 5489; x_wconf 92' lang='lat' dir='ltr'><strong>om.</strong></span> <span class='ocrx_word' id='word_1_563' title='bbox 1406 5453 1434 5497; x_wconf 85' lang='lat' dir='ltr'><strong>r;</strong></span> <span class='ocrx_word' id='word_1_564' title='bbox 1456 5442 1521 5489; x_wconf 85' lang='lat' dir='ltr'><strong>enim</strong></span> <span class='ocrx_word' id='word_1_565' title='bbox 1538 5439 1601 5497; x_wconf 89' lang='lat' dir='ltr'><strong>C0;</strong></span> <span class='ocrx_word' id='word_1_566' title='bbox 1622 5436 1654 5487; x_wconf 89' lang='lat' dir='ltr'><strong>cl.</strong></span> <span class='ocrx_word' id='word_1_567' title='bbox 1673 5449 1755 5501; x_wconf 80' lang='lat' dir='ltr'><strong>supra</strong></span> 
     </span>
     <span class='ocr_line' id='line_1_46' title="bbox 427 5513 1752 5584; baseline -0.01 -9"><span class='ocrx_word' id='word_1_568' title='bbox 427 5537 453 5574; x_wconf 90' lang='lat' dir='ltr'><strong>v.</strong></span> <span class='ocrx_word' id='word_1_569' title='bbox 472 5524 497 5575; x_wconf 86' lang='grc'><strong>3.</strong></span> <span class='ocrx_word' id='word_1_570' title='bbox 514 5548 548 5560; x_wconf 88' lang='grc'>-</span> <span class='ocrx_word' id='word_1_571' title='bbox 569 5526 593 5572; x_wconf 89' lang='lat' dir='ltr'><strong>et</strong></span> <span class='ocrx_word' id='word_1_572' title='bbox 609 5520 674 5584; x_wconf 75' lang='lat' dir='ltr'><strong>ipris</strong></span> <span class='ocrx_word' id='word_1_573' title='bbox 690 5518 711 5566; x_wconf 88' lang='lat' dir='ltr'>G</span> <span class='ocrx_word' id='word_1_574' title='bbox 728 5519 767 5577; x_wconf 90' lang='lat' dir='ltr'><strong>et,</strong></span> <span class='ocrx_word' id='word_1_575' title='bbox 786 5519 815 5565; x_wconf 87' lang='lat' dir='ltr'><strong>ut</strong></span> <span class='ocrx_word' id='word_1_576' title='bbox 831 5514 949 5575; x_wconf 85' lang='lat' dir='ltr'><strong>videtur,</strong></span> <span class='ocrx_word' id='word_1_577' title='bbox 967 5519 1001 5565; x_wconf 84' lang='lat' dir='ltr'><strong>A:</strong></span> <span class='ocrx_word' id='word_1_578' title='bbox 1023 5515 1089 5578; x_wconf 78' lang='lat' dir='ltr'><strong>ipris</strong></span> <span class='ocrx_word' id='word_1_579' title='bbox 1104 5515 1177 5567; x_wconf 85' lang='lat' dir='ltr'><strong>PVr</strong></span> <span class='ocrx_word' id='word_1_580' title='bbox 1197 5541 1224 5553; x_wconf 93' lang='lat'>-</span> <span class='ocrx_word' id='word_1_581' title='bbox 1250 5514 1290 5565; x_wconf 93' lang='grc'><strong>23.</strong></span> <span class='ocrx_word' id='word_1_582' title='bbox 1306 5515 1407 5577; x_wconf 80' lang='lat' dir='ltr'><strong>primos</strong></span> <span class='ocrx_word' id='word_1_583' title='bbox 1422 5513 1542 5564; x_wconf 77' lang='lat' dir='ltr'><strong>Walter:</strong></span> <span class='ocrx_word' id='word_1_584' title='bbox 1564 5514 1651 5576; x_wconf 82' lang='lat' dir='ltr'><strong>primo</strong></span> <span class='ocrx_word' id='word_1_585' title='bbox 1669 5513 1752 5563; x_wconf 88' lang='lat' dir='ltr'><strong>Cr-</strong></span> 
     </span>
     <span class='ocr_line' id='line_1_47' title="bbox 427 5589 1753 5655; baseline -0.007 -7"><span class='ocrx_word' id='word_1_586' title='bbox 427 5611 460 5648; x_wconf 72' lang='lat' dir='ltr'><strong>es</strong></span> <span class='ocrx_word' id='word_1_587' title='bbox 476 5598 513 5647; x_wconf 81' lang='lat' dir='ltr'><strong>bis</strong></span> <span class='ocrx_word' id='word_1_588' title='bbox 531 5596 581 5647; x_wconf 89' lang='lat' dir='ltr'><strong>CO</strong></span> <span class='ocrx_word' id='word_1_589' title='bbox 596 5621 622 5631; x_wconf 91' lang='lat'>-</span> <span class='ocrx_word' id='word_1_590' title='bbox 641 5592 683 5643; x_wconf 87' lang='grc'><strong>24.</strong></span> <span class='ocrx_word' id='word_1_591' title='bbox 700 5596 725 5642; x_wconf 85' lang='lat' dir='ltr'><strong>et</strong></span> <span class='ocrx_word' id='word_1_592' title='bbox 741 5603 795 5641; x_wconf 93' lang='lat' dir='ltr'><strong>om.</strong></span> <span class='ocrx_word' id='word_1_593' title='bbox 814 5591 945 5641; x_wconf 89' lang='lat' dir='ltr'><strong>llanulius</strong></span> <span class='ocrx_word' id='word_1_594' title='bbox 957 5614 984 5625; x_wconf 90' lang='lat'>-</span> <span class='ocrx_word' id='word_1_595' title='bbox 1003 5589 1044 5639; x_wconf 79' lang='grc'><strong>245.</strong></span> <span class='ocrx_word' id='word_1_596' title='bbox 1063 5604 1109 5640; x_wconf 81' lang='lat' dir='ltr'><strong>oer</strong></span> <span class='ocrx_word' id='word_1_597' title='bbox 1124 5591 1238 5641; x_wconf 80' lang='lat' dir='ltr'><strong>movendi</strong></span> <span class='ocrx_word' id='word_1_598' title='bbox 1253 5596 1276 5641; x_wconf 86' lang='lat' dir='ltr'><strong>et</strong></span> <span class='ocrx_word' id='word_1_599' title='bbox 1292 5591 1357 5655; x_wconf 73' lang='lat' dir='ltr'><strong>ipsis</strong></span> <span class='ocrx_word' id='word_1_600' title='bbox 1373 5604 1387 5640; x_wconf 90' lang='lat' dir='ltr'><strong>r</strong></span> <span class='ocrx_word' id='word_1_601' title='bbox 1405 5618 1430 5626; x_wconf 99' lang='lat'>-</span> <span class='ocrx_word' id='word_1_602' title='bbox 1449 5592 1490 5640; x_wconf 84' lang='grc'><strong>26.</strong></span> <span class='ocrx_word' id='word_1_603' title='bbox 1505 5589 1564 5640; x_wconf 91' lang='lat' dir='ltr'><strong>lort.</strong></span> <span class='ocrx_word' id='word_1_604' title='bbox 1575 5589 1674 5652; x_wconf 83' lang='lat' dir='ltr'><strong>reliquo</strong></span> <span class='ocrx_word' id='word_1_605' title='bbox 1687 5602 1753 5652; x_wconf 62' lang='lat' dir='ltr'><strong>porr-</strong></span> 
     </span>
     <span class='ocr_line' id='line_1_48' title="bbox 428 5664 1750 5732; baseline -0.008 -9"><span class='ocrx_word' id='word_1_606' title='bbox 428 5677 477 5732; x_wconf 81' lang='lat' dir='ltr'><strong>tes;</strong></span> <span class='ocrx_word' id='word_1_607' title='bbox 496 5684 558 5723; x_wconf 81' lang='lat' dir='ltr'><strong>nam</strong></span> <span class='ocrx_word' id='word_1_608' title='bbox 575 5668 680 5720; x_wconf 87' lang='lat' dir='ltr'><strong>videtur</strong></span> <span class='ocrx_word' id='word_1_609' title='bbox 692 5670 779 5728; x_wconf 74' lang='lat' dir='ltr'><strong>partes</strong></span> <span class='ocrx_word' id='word_1_610' title='bbox 795 5666 962 5714; x_wconf 85' lang='lat' dir='ltr'><strong>accusativus</strong></span> <span class='ocrx_word' id='word_1_611' title='bbox 975 5689 1002 5699; x_wconf 88' lang='lat'>-</span> <span class='ocrx_word' id='word_1_612' title='bbox 1021 5664 1062 5713; x_wconf 82' lang='grc'><strong>27.</strong></span> <span class='ocrx_word' id='word_1_613' title='bbox 1081 5669 1159 5714; x_wconf 68' lang='lat' dir='ltr'><strong>secut</strong></span> <span class='ocrx_word' id='word_1_614' title='bbox 1174 5677 1252 5714; x_wconf 89' lang='lat' dir='ltr'><strong>om.r</strong></span> <span class='ocrx_word' id='word_1_615' title='bbox 1271 5692 1292 5700; x_wconf 97' lang='lat'><em>-</em></span> <span class='ocrx_word' id='word_1_616' title='bbox 1311 5666 1451 5729; x_wconf 72' lang='lat' dir='ltr'><strong>nequiores</strong></span> <span class='ocrx_word' id='word_1_617' title='bbox 1467 5667 1540 5715; x_wconf 86' lang='lat' dir='ltr'><strong>AGr</strong></span> <span class='ocrx_word' id='word_1_618' title='bbox 1553 5690 1581 5702; x_wconf 94' lang='lat'><em>-</em></span> <span class='ocrx_word' id='word_1_619' title='bbox 1599 5676 1750 5714; x_wconf 81' lang='lat' dir='ltr'><strong>eorumn-</strong></span> 
     </span>
     <span class='ocr_line' id='line_1_49' title="bbox 428 5739 1753 5809; baseline -0.002 -16"><span class='ocrx_word' id='word_1_620' title='bbox 428 5746 609 5809; x_wconf 81' lang='lat' dir='ltr'><strong>quutoorv-</strong></span> <span class='ocrx_word' id='word_1_621' title='bbox 628 5742 670 5793; x_wconf 85' lang='grc'><strong>28.</strong></span> <span class='ocrx_word' id='word_1_622' title='bbox 683 5740 809 5803; x_wconf 73' lang='lat' dir='ltr'><strong>quoddam</strong></span> <span class='ocrx_word' id='word_1_623' title='bbox 825 5739 967 5790; x_wconf 85' lang='lat' dir='ltr'><strong>GPEUr:</strong></span> <span class='ocrx_word' id='word_1_624' title='bbox 987 5740 1141 5799; x_wconf 59' lang='lat' dir='ltr'><strong>octodorum</strong></span> <span class='ocrx_word' id='word_1_625' title='bbox 1160 5741 1386 5801; x_wconf 80' lang='lat' dir='ltr'><strong>quodammodol&#39;3</strong></span> <span class='ocrx_word' id='word_1_626' title='bbox 1405 5742 1596 5801; x_wconf 64' lang='grc'><strong>944444440-</strong></span> <span class='ocrx_word' id='word_1_627' title='bbox 1610 5740 1753 5803; x_wconf 59' lang='lat' dir='ltr'><strong>limitent</strong></span> 
     </span>
     <span class='ocr_line' id='line_1_50' title="bbox 427 5814 1752 5882; baseline -0.001 -13"><span class='ocrx_word' id='word_1_628' title='bbox 427 5833 455 5869; x_wconf 86' lang='lat' dir='ltr'><strong>r:</strong></span> <span class='ocrx_word' id='word_1_629' title='bbox 471 5819 596 5882; x_wconf 78' lang='lat' dir='ltr'><strong>putebant</strong></span> <span class='ocrx_word' id='word_1_630' title='bbox 611 5820 646 5877; x_wconf 85' lang='lat' dir='ltr'><strong>G;</strong></span> <span class='ocrx_word' id='word_1_631' title='bbox 666 5821 742 5879; x_wconf 79' lang='lat' dir='ltr'><strong>potor</strong></span> <span class='ocrx_word' id='word_1_632' title='bbox 757 5815 896 5866; x_wconf 84' lang='lat' dir='ltr'><strong>APVEU</strong></span> <span class='ocrx_word' id='word_1_633' title='bbox 915 5840 941 5851; x_wconf 91' lang='lat'>-</span> <span class='ocrx_word' id='word_1_634' title='bbox 967 5814 1006 5864; x_wconf 83' lang='grc'><strong>30.</strong></span> <span class='ocrx_word' id='word_1_635' title='bbox 1025 5815 1127 5865; x_wconf 80' lang='lat' dir='ltr'><strong>verbum</strong></span> <span class='ocrx_word' id='word_1_636' title='bbox 1143 5816 1273 5865; x_wconf 77' lang='lat' dir='ltr'><strong>contritior</strong></span> <span class='ocrx_word' id='word_1_637' title='bbox 1290 5818 1310 5866; x_wconf 92' lang='lat' dir='ltr'>G</span> <span class='ocrx_word' id='word_1_638' title='bbox 1329 5843 1356 5853; x_wconf 95' lang='lat'>-</span> <span class='ocrx_word' id='word_1_639' title='bbox 1375 5816 1415 5867; x_wconf 88' lang='grc'><strong>34.</strong></span> <span class='ocrx_word' id='word_1_640' title='bbox 1435 5830 1515 5879; x_wconf 80' lang='lat' dir='ltr'><strong>equo</strong></span> <span class='ocrx_word' id='word_1_641' title='bbox 1532 5818 1566 5866; x_wconf 88' lang='lat' dir='ltr'><strong>G:</strong></span> <span class='ocrx_word' id='word_1_642' title='bbox 1584 5828 1619 5865; x_wconf 77' lang='lat' dir='ltr'><strong>ex</strong></span> <span class='ocrx_word' id='word_1_643' title='bbox 1635 5829 1685 5879; x_wconf 81' lang='lat' dir='ltr'><strong>quo</strong></span> <span class='ocrx_word' id='word_1_644' title='bbox 1702 5819 1752 5869; x_wconf 76' lang='lat' dir='ltr'><strong>At&gt;</strong></span> 
     </span>
     <span class='ocr_line' id='line_1_51' title="bbox 428 5890 1751 5959; baseline -0.002 -14"><span class='ocrx_word' id='word_1_645' title='bbox 428 5895 504 5945; x_wconf 83' lang='lat' dir='ltr'><strong>V0r</strong></span> <span class='ocrx_word' id='word_1_646' title='bbox 521 5920 549 5933; x_wconf 89' lang='lat'>-</span> <span class='ocrx_word' id='word_1_647' title='bbox 566 5895 649 5959; x_wconf 74' lang='lat' dir='ltr'><strong>emoto</strong></span> <span class='ocrx_word' id='word_1_648' title='bbox 664 5890 817 5943; x_wconf 82' lang='lat' dir='ltr'><strong>Turnebus:</strong></span> <span class='ocrx_word' id='word_1_649' title='bbox 835 5891 921 5953; x_wconf 67' lang='lat' dir='ltr'><strong>specto</strong></span> <span class='ocrx_word' id='word_1_650' title='bbox 938 5890 981 5941; x_wconf 88' lang='lat' dir='ltr'><strong>Cr</strong></span> <span class='ocrx_word' id='word_1_651' title='bbox 994 5914 1020 5926; x_wconf 94' lang='lat'>-</span> <span class='ocrx_word' id='word_1_652' title='bbox 1041 5891 1127 5940; x_wconf 78' lang='lat' dir='ltr'><strong>mucio</strong></span> <span class='ocrx_word' id='word_1_653' title='bbox 1142 5895 1195 5940; x_wconf 87' lang='lat' dir='ltr'><strong>toto</strong></span> <span class='ocrx_word' id='word_1_654' title='bbox 1207 5893 1243 5952; x_wconf 70' lang='lat' dir='ltr'><strong>A,</strong></span> <span class='ocrx_word' id='word_1_655' title='bbox 1261 5897 1297 5941; x_wconf 88' lang='lat' dir='ltr'><strong>tot</strong></span> <span class='ocrx_word' id='word_1_656' title='bbox 1311 5892 1407 5955; x_wconf 70' lang='lat' dir='ltr'><strong>somnos</strong></span> <span class='ocrx_word' id='word_1_657' title='bbox 1417 5890 1542 5954; x_wconf 81' lang='lat' dir='ltr'><strong>Bentley;</strong></span> <span class='ocrx_word' id='word_1_658' title='bbox 1559 5892 1656 5954; x_wconf 68' lang='lat' dir='ltr'><strong>somnos</strong></span> <span class='ocrx_word' id='word_1_659' title='bbox 1671 5893 1751 5942; x_wconf 81' lang='lat' dir='ltr'><strong>omnir</strong></span> 
     </span>
     <span class='ocr_line' id='line_1_52' title="bbox 429 5964 1752 6034; baseline -0.003 -13"><span class='ocrx_word' id='word_1_660' title='bbox 429 5966 593 6034; x_wconf 84' lang='lat' dir='ltr'><strong>probeblllus</strong></span> <span class='ocrx_word' id='word_1_661' title='bbox 607 5968 704 6020; x_wconf 79' lang='lat' dir='ltr'><strong>Derles</strong></span> <span class='ocrx_word' id='word_1_662' title='bbox 718 5994 746 6007; x_wconf 93' lang='lat'><em>-</em></span> <span class='ocrx_word' id='word_1_663' title='bbox 762 5965 803 6018; x_wconf 86' lang='grc'><strong>32.</strong></span> <span class='ocrx_word' id='word_1_664' title='bbox 818 5966 896 6029; x_wconf 79' lang='lat' dir='ltr'><strong>possit</strong></span> <span class='ocrx_word' id='word_1_665' title='bbox 906 5968 940 6029; x_wconf 91' lang='lat' dir='ltr'><strong>A,</strong></span> <span class='ocrx_word' id='word_1_666' title='bbox 957 5967 988 6016; x_wconf 90' lang='lat' dir='ltr'><strong>ut</strong></span> <span class='ocrx_word' id='word_1_667' title='bbox 998 5964 1117 6029; x_wconf 85' lang='lat' dir='ltr'><strong>videtur,</strong></span> <span class='ocrx_word' id='word_1_668' title='bbox 1136 5968 1163 6017; x_wconf 88' lang='lat' dir='ltr'><strong>et</strong></span> <span class='ocrx_word' id='word_1_669' title='bbox 1179 5965 1239 6018; x_wconf 89' lang='lat' dir='ltr'><strong>cod.</strong></span> <span class='ocrx_word' id='word_1_670' title='bbox 1252 5964 1374 6019; x_wconf 82' lang='lat' dir='ltr'><strong>Ellensis:</strong></span> <span class='ocrx_word' id='word_1_671' title='bbox 1390 5966 1485 6029; x_wconf 75' lang='lat' dir='ltr'><strong>possint</strong></span> <span class='ocrx_word' id='word_1_672' title='bbox 1496 5967 1544 6016; x_wconf 82' lang='lat' dir='ltr'><strong>GP</strong></span> <span class='ocrx_word' id='word_1_673' title='bbox 1555 5965 1597 6016; x_wconf 80' lang='lat' dir='ltr'><strong>Vr</strong></span> <span class='ocrx_word' id='word_1_674' title='bbox 1610 5990 1636 6002; x_wconf 93' lang='lat'>-</span> <span class='ocrx_word' id='word_1_675' title='bbox 1655 5965 1752 6017; x_wconf 78' lang='lat' dir='ltr'><strong>mutari</strong></span> 
     </span>
    </p>
   </div>
   <div class='ocr_carea' id='block_1_5' title="bbox 0 0 2176 7459">
    <p class='ocr_par' dir='ltr' id='par_1_9' title="bbox 0 0 2176 7459">
     <span class='ocr_line' id='line_1_53' title="bbox 0 0 2176 7459; baseline 0 13"><span class='ocrx_word' id='word_1_676' title='bbox 0 0 2176 7459; x_wconf 95' lang='lat' dir='ltr'><strong> </strong></span> 
     </span>
    </p>
   </div>
  </div>
 </body>
</html>
