4342 7459
732 1257 799 1319 un.
819 1256 875 1320 nc
903 1255 978 1320 cn.
1000 1256 1199 1322 aru-xv.
1220 1253 1268 1340 ss
1282 1253 1427 1321 at-aa.
1678 1251 1743 1320 sea

408 1416 473 1492 ¹alia
505 1417 656 1480 medium.
703 1417 789 1480 Haec
821 1417 862 1479 ad
895 1416 1056 1498 quoddam
1088 1423 1212 1500 tempus
1239 1417 1411 1481 cohaerere
1437 1425 1587 1501 possunt,
1619 1436 1743 1501 semper

409 1517 514 1574 aulem
541 1508 628 1573 nullo
657 1510 752 1573 modo
782 1520 938 1593 possunt;
971 1529 1102 1574 necesse
1124 1518 1173 1573 est
1195 1512 1277 1574 enim
1301 1510 1334 1572 iu
1355 1531 1448 1575 suum
1471 1530 1616 1594 quaeque
1636 1510 1741 1575 locum

409 1613 521 1667 natura
543 1604 702 1688 rapiatur:
725 1604 846 1667 nullum
869 1605 966 1685 igitur
987 1604 1104 1667 animal
1127 1613 1175 1667 est
1196 1604 1434 1685 sempiternum.
1476 1601 1528 1668 35.
1552 1604 1614 1667 Sed
1636 1604 1743 1668 omnia

409 1699 520 1771 vestri,
541 1695 656 1771 Balbe,
678 1698 783 1762 solent
803 1697 845 1760 ad
867 1698 991 1779 igneam
1015 1698 1077 1760 vim
1100 1697 1232 1770 reterre,
1255 1698 1467 1769 Heraclitum,
1489 1706 1525 1761 ut
1545 1698 1670 1779 opinor,
1693 1716 1743 1759 se·

409 1798 562 1874 quentes,
584 1811 680 1874 quem
704 1794 809 1873 ipsum
831 1812 896 1854 non
913 1811 1023 1854 omnes
1045 1792 1292 1876 interpretantur
1306 1811 1370 1854 uuo
1383 1791 1493 1864 modo,
1515 1793 1572 1874 qui
1589 1790 1764 1874 quoniame

409 1884 488 1967 quid
511 1883 633 1949 diceret
653 1886 795 1968 intellegi
818 1886 937 1958 noluit,
967 1887 1165 1960 omittamus,
1194 1906 1250 1949 vos
1272 1893 1377 1948 autem
1401 1887 1446 1948 ita
1467 1884 1586 1958 dicitis,
1616 1902 1742 1946 omnem

408 1980 473 2043 vim
495 2000 567 2043 esse
589 1981 730 2061 igneam,
753 1981 862 2061 itaqua
884 1985 916 2040 et
936 1980 1118 2051 animantis,
1142 1999 1213 2041 cum
1236 1980 1324 2042 calor
1337 1978 1505 2050 deiecerit,
1527 1986 1593 2041 tum
1613 1976 1743 2048 interire

408 2081 441 2137 et
462 2074 497 2136 in
520 2074 605 2136 omni
629 2083 742 2136 natura
764 2093 867 2136 rerum
891 2073 923 2134 id
947 2072 1069 2144 vivere,
1092 2071 1124 2134 id
1148 2074 1274 2154 vigere,
1296 2072 1384 2154 quod
1406 2073 1517 2136 caleat.
1549 2072 1616 2153 Ego
1638 2079 1742 2133 autem

407 2187 473 2230 non
496 2166 661 2249 intellego,
683 2186 748 2249 quo
772 2165 866 2229 modo
890 2164 995 2229 calore
1010 2166 1152 2228 extincto
1168 2185 1301 2247 corpora
1315 2166 1487 2238 intereant,
1510 2186 1573 2229 non
1590 2166 1744 2228 intereant

409 2280 519 2323 umore
541 2269 597 2322 aut
618 2261 731 2341 spiritu
754 2261 887 2332 amisso,
910 2260 1095 2340 praesertim
1118 2277 1188 2321 cum
1212 2260 1368 2322 intereant
1389 2261 1485 2321 etiam
1507 2256 1781 2323 nimionimio

408 2349 460 2416 36.
485 2354 587 2430 Quam
610 2353 650 2416 ob
674 2372 739 2416 rem
763 2353 794 2414 id
818 2351 946 2435 quidem
969 2372 1136 2416 commune
1159 2360 1209 2415 est
1229 2350 1270 2414 de
1293 2353 1414 2426 calid03
1441 2373 1551 2415 rerum
1573 2360 1679 2415 umen
1699 2351 1744 2412 vi·

408 2450 541 2511 desmus
569 2447 701 2510 exitum.
745 2447 791 2509 lta
821 2446 928 2518 voltis,
961 2447 1092 2527 opinor,
1124 2445 1204 2509 nihil
1233 2466 1304 2509 esse
1332 2447 1469 2509 animale
1496 2445 1685 2510 intrinsecus
1711 2446 1743 2508 in

409 2551 521 2606 natura
551 2550 649 2622 atque
677 2540 796 2603 mundo
825 2548 951 2622 praeter
973 2542 1088 2620 ignem.
1123 2539 1185 2615 Qui
1207 2540 1309 2621 magis
1332 2560 1429 2623 quam
1450 2549 1575 2624 praeter
1596 2539 1743 2611 animam,

409 2635 497 2699 unde
519 2636 726 2698 animantium
749 2653 881 2717 quoque
903 2641 1029 2696 constet
1049 2634 1189 2706 animus,
1215 2653 1256 2695 ex
1278 2654 1342 2715 quo
1364 2633 1482 2697 animai
1504 2634 1638 2697 dicitur?
1672 2631 1743 2705 Quo

408 2728 506 2792 modo
522 2736 626 2790 autem
643 2727 704 2789 hnc
723 2728 816 2810 quasi
833 2726 1024 2790 concedatur
1041 2727 1181 2799 sumitis,
1203 2726 1283 2789 nibil
1298 2747 1370 2790 esse
1385 2728 1525 2790 animum
1539 2727 1601 2790 uisi
1617 2726 1781 2807 ignentia

409 2821 605 2904 probabilius
628 2820 712 2884 enim
735 2820 862 2883 videtur
883 2820 947 2881 tale
969 2818 1120 2902 quiddam
1144 2839 1215 2882 esse
1230 2820 1384 2893 animum,
1407 2828 1442 2884 ut
1456 2821 1498 2884 sit
1513 2839 1552 2882 ex
1567 2818 1632 2902 igni
1647 2829 1744 2901 atque

408 2917 513 2979 anima
536 2923 754 2994 temperatum.
789 2913 881 2989 Quod
904 2913 930 2975 si
954 2914 1036 2994 ignis
1058 2933 1100 2976 ex
1122 2933 1193 2976 sese
1215 2914 1285 2995 ipse
1306 2914 1425 2977 animal
1446 2922 1495 2976 est
1516 2915 1605 2978 nulla
1626 2933 1661 2976 se
1681 2912 1743 2976 alia

408 3010 603 3073 admiscente
626 3016 752 3083 natura,
781 3007 932 3089 quoniam
954 3008 995 3080 is,
1026 3026 1097 3069 cum
1122 3007 1206 3068 inest
1226 3007 1260 3068 in
1282 3008 1468 3089 corporibus
1489 3008 1626 3080 ansuis,
1647 3005 1746 3069 allicit

410 3112 445 3166 nt
466 3104 657 3172 sentiamus,
680 3121 742 3166 non
766 3107 870 3185 potest
892 3102 960 3183 ipse
983 3119 1052 3162 esse
1074 3100 1144 3163 sine
1166 3120 1272 3163 sensu.
1308 3103 1429 3164 Rursus
1450 3100 1562 3165 eadem
1585 3103 1647 3165 dici
1669 3119 1744 3183 pest

407 3204 502 3261 sunt:
526 3194 684 3278 quidquid
707 3205 757 3258 est
778 3196 881 3268 enim,
904 3192 989 3277 quod
1012 3213 1140 3256 sensum
1162 3192 1292 3267 habeat,
1315 3195 1347 3257 id
1371 3214 1501 3258 necesse
1518 3203 1567 3258 est
1578 3195 1698 3258 sentiat
1711 3201 1782 3257 etit

408 3290 602 3372 voluptatem
625 3297 657 3351 st
679 3287 843 3360 dolorem;
862 3284 901 3350 ad
924 3307 1019 3367 quem
1042 3295 1147 3350 autem
1171 3286 1264 3351 dolor
1286 3289 1405 3362 veniat,
1428 3287 1468 3351 ad
1491 3289 1626 3351 eundem
1650 3288 1743 3352 etism

408 3382 570 3445 interitum
592 3383 721 3444 venire:
749 3383 792 3444 ita
814 3381 850 3443 lit
872 3390 907 3443 ut
929 3401 969 3443 ne
992 3382 1098 3462 ignem
1121 3381 1250 3463 quidem
1273 3381 1398 3444 allicere
1420 3382 1549 3464 possitis
1571 3391 1744 3447 aeternum.

408 3473 461 3539 37.
484 3477 570 3553 Quid
592 3476 704 3538 enimi
726 3495 791 3538 non
814 3477 935 3539 eisdem
959 3474 1048 3538 vobis
1071 3474 1174 3556 placet
1194 3494 1319 3537 omnem
1341 3476 1447 3557 ignem
1469 3483 1578 3557 pastus
1601 3474 1744 3556 indigere

408 3591 468 3634 nec
496 3589 681 3653 permanere
710 3570 775 3632 ullo
803 3571 899 3633 modo
929 3588 1042 3651 posse,
1073 3567 1133 3630 nisi
1156 3568 1275 3643 alatur,
1299 3568 1341 3631 ali
1362 3579 1468 3632 autem
1490 3569 1604 3642 solem,
1626 3568 1744 3640 lunam,

408 3664 532 3748 reliqua
555 3672 638 3726 astra
659 3665 765 3746 aquis,
787 3665 850 3727 alia
874 3663 1035 3736 dulcibus,
1058 3663 1119 3724 alia
1142 3662 1297 3726 marinisl
1319 3663 1464 3747 Eamque
1486 3661 1782 3727 causanctantae

409 3756 480 3820 thes
512 3755 615 3820 adfert
642 3777 698 3819 cur
729 3779 764 3820 se
792 3759 840 3820 sol
870 3754 986 3819 rel'erat
1012 3776 1070 3818 nec
1100 3756 1225 3837 longius
1248 3757 1468 3837 progrediatur
1490 3755 1649 3820 solstitiali
1674 3754 1743 3846 prbi

408 3853 549 3935 itemque
571 3850 723 3924 brumali,
746 3873 786 3913 ne
809 3853 935 3932 longius
958 3849 1103 3912 discedat
1123 3869 1142 3912 a
1165 3849 1247 3912 cibo.
1284 3850 1468 3913 Hoetotum
1484 3850 1744 3932 qualesitm013

410 3966 495 4010 nunc
516 3953 623 4008 autem
645 3946 851 4009 concludatur
865 3944 961 4019 illud,
985 3943 1070 4026 quod
1086 3943 1215 4005 interire
1231 3944 1348 4025 possit,
1370 3943 1403 4006 id
1418 3952 1580 4008 aeternum
1595 3963 1659 4005 nou
1675 3961 1745 4005 esse

410 4048 541 4112 natura3
572 4038 677 4120 ignem
701 4048 806 4102 autem
830 4039 1032 4102 interiturum
1055 4057 1141 4112 esse,
1163 4038 1225 4100 nisi
1246 4037 1367 4101 alatur:
1394 4058 1457 4101 non
1480 4057 1552 4100 esse
1574 4039 1669 4120 igitur
1689 4055 1745 4098 na·

413 4142 483 4197 tura
504 4133 609 4214 ignem
633 4134 869 4214 sempiternum.
1751 4140 1783 4187 ³⁰

500 4226 567 4287 XV.
590 4223 642 4288 38.
667 4227 799 4300 Qualem
821 4235 926 4289 autem
943 4226 1037 4289 deum
1059 4225 1245 4305 intellegere
1267 4246 1326 4289 nos
1343 4245 1512 4309 possumus
1527 4226 1614 4290 nulla
1631 4225 1744 4288 virtute

412 4319 617 4402 praeditum‘l
649 4320 732 4394 Ouid
756 4322 866 4383 enimi
894 4320 1135 4401 prudentiamne
1157 4319 1218 4381 den
1242 4320 1432 4393 tribuemus,
1456 4340 1538 4403 quae
1560 4326 1684 4380 constat
1705 4336 1746 4378 ex

413 4415 544 4476 scientia
568 4435 674 4475 rerum
697 4415 851 4477 bonarum
874 4423 906 4477 et
928 4414 1079 4475 malarum
1104 4422 1135 4475 et
1158 4435 1216 4476 nec
1237 4413 1390 4476 bonarum
1413 4434 1472 4477 nec
1487 4413 1663 4476 malarum?
1686 4409 1744 4472 Cui

410 4508 484 4571 mali
507 4507 587 4571 nihil
610 4516 659 4571 est
688 4530 747 4572 nec
778 4529 847 4571 esse
878 4516 996 4589 potest,
1026 4508 1103 4590 quid
1129 4506 1199 4569 huic
1222 4526 1303 4588 opus
1325 4517 1373 4570 est
1396 4506 1512 4570 dilectu
1536 4506 1690 4569 bonorum
1714 4509 1746 4564 et

410 4601 587 4664 malorum?
610 4604 686 4685 quid
703 4613 806 4664 autem
824 4603 968 4664 ratione?
992 4602 1068 4685 quid
1084 4601 1326 4682 intellegentia?
1351 4602 1466 4683 quibus
1484 4600 1604 4662 utimur
1618 4599 1658 4661 ad
1674 4615 1742 4660 eam
1754 4606 1783 4651 ³5

476 4903 499 4950 t.
513 4900 697 4962 pontonaria
712 4925 738 4934 -
753 4900 776 4947 b.
797 4899 840 4960 qni
858 4898 928 4959 Viti:
949 4911 1002 4948 om.
1016 4900 1036 4948 A
1049 4899 1066 4947 Β
1077 4900 1096 4948 C
1108 4899 1155 4948 ΕΡ
1170 4923 1196 4933 -
1215 4898 1240 4948 e.
1254 4899 1315 4959 qnid
1331 4911 1401 4948 corr.
1416 4911 1451 4947 m.
1469 4910 1524 4949 sec.
1539 4898 1562 4948 in
1581 4900 1624 4960 oui
1640 4901 1698 4949 ist
1714 4927 1740 4936 -

408 4976 500 5025 diceet
511 4976 577 5037 quod
589 4974 695 5035 intellegi
707 4970 730 5023 tt
743 4974 777 5030 tiu
789 4973 809 5019 l'
823 4973 889 5035 qaod
901 4975 1063 5037 expunctum
1074 4976 1123 5032 est)
1132 4999 1158 5007 -
1171 4974 1282 5021 omnium
1292 4975 1330 5035 (ex
1341 4974 1517 5033 correctione)
1529 4987 1579 5024 esse
1588 4975 1646 5036 Vtin
1659 4987 1741 5037 marg.

409 5055 450 5101 est
461 5064 558 5100 emnem
574 5050 635 5107 nint
649 5074 674 5082 -
696 5049 720 5095 t.
734 5048 834 5111 igneam
847 5047 1029 5097 lleindortius:
1050 5050 1132 5110 ignem
1150 5045 1210 5097 iio.
1231 5046 1269 5097 Cl.
1284 5046 1335 5098 v.i
1353 5052 1379 5098 et
1397 5048 1411 5111 5
1426 5048 1464 5098 t8.
1481 5075 1508 5084 -
1528 5048 1552 5098 8.
1571 5049 1599 5099 id
1615 5050 1700 5112 uigere
1718 5051 1743 5098 in

409 5139 502 5177 rasura
515 5125 534 5172 V
556 5149 582 5158 -
601 5124 687 5185 sigere
704 5135 765 5170 corr
793 5136 825 5170 er
843 5122 922 5171 uisere
941 5122 958 5170 Β
980 5148 1004 5156 -
1026 5125 1065 5172 40.
1083 5136 1171 5171 umore
1188 5123 1245 5172 AV:
1263 5123 1395 5171 hamoreO
1410 5149 1436 5158 -
1456 5124 1495 5171 ti.
1515 5124 1625 5172 animale
1642 5122 1745 5174 bambi-

409 5214 475 5251 nus:
495 5198 592 5247 animal
609 5195 662 5247 ‘iio
682 5222 707 5230 -
728 5196 875 5244 intrinsecus
892 5196 1024 5246 Bouhier:
1043 5200 1198 5247 extrinsecas
1215 5196 1254 5249 ii:
1274 5205 1296 5247 et
1313 5202 1418 5246 sentiens
1429 5197 1661 5260 wyttenbachius,
1680 5199 1741 5246 0-

409 5274 450 5326 44.
469 5277 624 5323 animantem
641 5270 670 5321 A*
690 5296 715 5305 -
736 5271 834 5320 arrimoi
851 5270 1067 5334 lescaloperius:
1089 5273 1178 5321 animo
1196 5274 1353 5326 ARCPV;
1378 5275 1463 5322 omniu
1482 5274 1500 5323 E
1520 5300 1547 5311 -
1568 5274 1607 5323 it.
1626 5273 1658 5321 ho
1674 5285 1743 5322 corr.

409 5364 446 5401 m.
465 5363 519 5401 sec.
540 5350 565 5399 in
583 5348 628 5396 hoe
645 5346 696 5397 AV
717 5373 741 5381 -
761 5346 809 5395 nisi
827 5345 956 5409 ignem·-
970 5360 1021 5395 esse
1037 5348 1150 5396 animam
1168 5361 1221 5397 om.
1237 5349 1266 5393 V¹
1281 5376 1307 5384 -
1328 5349 1367 5398 is.
1386 5348 1460 5412 enim]
1478 5355 1561 5397 autem
1580 5349 1597 5396 P
1617 5372 1643 5381 -
1663 5348 1743 5409 qaod-

409 5426 505 5475 damC
528 5451 551 5459 -
573 5437 606 5471 ec
623 5422 715 5485 ignei]
736 5448 761 5457 -
784 5422 822 5471 ti.
842 5421 939 5470 animal
955 5435 1024 5472 corr.
1044 5436 1075 5471 ex
1094 5424 1182 5470 animo
1200 5424 1219 5472 B
1240 5449 1266 5459 —
1289 5424 1327 5473 t8.
1346 5424 1367 5473 is
1385 5438 1454 5474 corr.
1468 5438 1499 5473 ex
1517 5425 1555 5473 tiis
1572 5423 1609 5478 V;
1627 5423 1665 5471 his
1681 5423 1700 5471 B
1715 5449 1741 5458 -

411 5500 450 5551 tit.
471 5502 578 5549 ituream
597 5499 615 5547 C
637 5523 663 5533 -
684 5499 723 5547 ii.
743 5498 842 5557 quidem
859 5498 946 5546 omli
967 5524 993 5533 -
1013 5497 1053 5545 23.
1068 5503 1146 5558 posin
1164 5500 1247 5557 (erasa
1266 5501 1327 5562 post
1338 5513 1356 5547 ss
1367 5497 1460 5560 littere)
1474 5499 1493 5548 C
1509 5524 1535 5534 —
1555 5498 1595 5547 26.
1615 5497 1743 5559 qnarAC

409 5603 442 5613 -
459 5575 594 5625 soiistdicti
611 5573 680 5623 avt
699 5573 847 5622 solistitium
864 5575 890 5622 et
907 5572 1055 5621 solisiitioiis
1073 5571 1182 5622 exhibet
1199 5575 1279 5623 etiam
1297 5573 1475 5637 fragmentum
1489 5573 1589 5623 codicis
1601 5569 1744 5620 bibliothe-

410 5664 458 5701 cae
477 5648 687 5700 Carolirnhensis
701 5660 772 5697 saec.
788 5647 818 5695 Vl
832 5648 907 5705 (teste
920 5648 977 5696 Gul.
993 5647 1144 5697 l'roehnero
1162 5649 1186 5696 iu
1205 5646 1295 5697 Plrilol.
1309 5649 1472 5698 Schneidew.
1486 5648 1542 5696 iiiii
1561 5660 1587 5710 p.
1601 5647 1649 5695 602
1660 5647 1743 5708 sqq.),

409 5726 527 5775 antistitio
544 5724 597 5774 duo
616 5722 694 5773 codd.
717 5721 929 5784 hombergenses
946 5723 1124 5787 antiquissimi
1142 5724 1222 5783 (saec.
1240 5723 1294 5772 Vlll
1313 5726 1340 5772 ei
1358 5724 1401 5782 llil
1419 5722 1510 5772 isidori
1529 5720 1625 5783 Hunni.
1644 5719 1678 5768 de
1697 5733 1744 5769 ua·

411 5805 469 5851 tura
488 5814 577 5849 rerum
597 5813 621 5863 p.
637 5800 677 5855 2⁰,
692 5800 730 5846 ts.
745 5797 786 5857 it,
802 5799 810 5846 t
828 5800 855 5847 et
866 5797 880 5846 3
893 5797 935 5846 ed.
950 5800 1022 5849 Gust.
1036 5799 1146 5848 Becker.
1160 5824 1193 5834 -
1211 5797 1265 5847 orbi
1282 5799 1408 5848 ACPV:
1428 5796 1486 5846 orbs
1497 5797 1575 5846 lilio
1590 5818 1617 5831 -
1636 5796 1676 5845 28.
1690 5796 1745 5845 illst

410 5879 472 5926 A·
493 5876 532 5925 it.
551 5874 604 5937 nos]
622 5889 672 5923 non
691 5875 711 5921 V
728 5899 752 5907 -
774 5871 813 5923 33.
832 5877 855 5921 ot
872 5886 916 5923 nse
933 5872 1057 5924 aenariam
1073 5873 1355 5923 eoeneumnoms
1371 5900 1394 5908 -
1411 5872 1591 5923 simiatica
1607 5871 1744 5922 necessat

414 5976 440 5987 -
455 5950 546 6000 dilecta
563 5950 687 6001 ABEP:
706 5950 800 6000 detecta
816 5948 896 5999 CVO
910 5975 938 5986 -
956 5947 997 5999 aa.
1015 5949 1077 6011 qaid
1093 5953 1177 5999 cuein
1193 5947 1361 6013 intellegentia
1378 5948 1453 6012 (voce
1464 5951 1548 5997 oiston
1559 5948 1699 6013 espuuotel
1711 5949 1741 6000 Α.
