4342 7459
818 1253 893 1317 cu.
914 1249 1088 1314 xr-xu
1115 1245 1162 1333 rs
1183 1244 1331 1312 aa-ar.
1668 1241 1730 1309 ern
1765 1325 1767 1329 μ

379 1413 381 1418 ’
407 1414 498 1486 vino,
521 1413 590 1475 sine
612 1410 685 1474 cieo
706 1429 761 1472 ras
783 1429 854 1473 esse
876 1409 1037 1473 dicamus:
1068 1410 1129 1482 sic,
1152 1429 1224 1472 cum
1245 1407 1315 1471 sine
1336 1426 1432 1470 causa
1446 1408 1585 1469 animum
1600 1405 1733 1468 dicimus

407 1508 538 1581 moveri,
561 1507 631 1569 sine
653 1503 860 1568 antecedente
875 1512 908 1567 et
922 1512 1051 1565 externa
1065 1522 1163 1565 causa
1177 1502 1314 1573 moveri,
1329 1520 1394 1563 non
1409 1502 1539 1563 omnino
1554 1502 1623 1563 sine
1638 1518 1733 1563 causa

407 1601 551 1662 dicimus.
594 1602 640 1662 De
662 1599 732 1681 ipsa
752 1606 858 1662 atomo
882 1597 942 1659 dici
964 1604 1084 1679 potest,
1108 1615 1178 1658 cum
1201 1615 1257 1677 per
1278 1596 1373 1658 inane
1395 1603 1559 1657 moveatur
1580 1596 1733 1676 gravitate

407 1702 440 1757 et
465 1692 625 1776 pondere,
654 1694 722 1755 sine
752 1710 846 1755 cansa
872 1690 1008 1761 moveri,
1040 1690 1115 1771 quia
1143 1688 1228 1752 nnita
1254 1707 1348 1751 cansa
1370 1687 1500 1750 accedat
1521 1689 1731 1751 extrinsecus.

406 1783 458 1848 25.
480 1789 601 1849 Rursus
623 1793 744 1858 autem,
766 1805 806 1847 ne
829 1783 975 1847 omnibus
997 1803 1016 1845 a
1038 1782 1178 1866 physicis
1200 1783 1409 1855 inrideamur‚
1433 1783 1459 1845 si
1481 1780 1623 1845 dicamus
1646 1782 1757 1864 quic-a

408 1899 502 1963 quam
526 1878 593 1943 beri
614 1880 684 1942 sine
706 1898 812 1951 causa,
834 1877 1091 1959 distinguendum
1115 1884 1164 1940 est
1185 1884 1217 1940 et
1238 1877 1283 1940 ita
1305 1876 1482 1948 dicendum,
1503 1877 1604 1960 ipsius
1619 1874 1737 1938 indivi-

408 1976 464 2039 dui
484 1976 567 2037 banc
589 1993 660 2037 esse
682 1981 841 2046 naturam,
866 1979 900 2035 ut
915 1972 1055 2054 pondere
1071 1980 1103 2035 et
1118 1971 1270 2054 pravitate
1285 1977 1466 2043 moveatur,
1482 1988 1617 2052 eamque
1632 1970 1735 2052 ipsam

408 2088 477 2133 esse
504 2088 631 2131 causam
659 2087 716 2130 cnr
741 2068 783 2129 ita
805 2066 935 2129 feratur.
980 2066 1133 2129 Similiter
1154 2065 1195 2127 ad
1216 2066 1393 2127 animorum
1416 2072 1519 2127 motus
1541 2064 1736 2126 voluntarios

407 2182 472 2225 non
495 2170 543 2224 est
565 2161 756 2244 requirenda
778 2168 909 2223 externa
933 2179 1048 2233 causa3
1071 2167 1176 2222 motus
1198 2159 1281 2222 enim
1297 2158 1492 2222 voluntarius
1507 2177 1576 2221 eam
1592 2163 1737 2220 naturam

408 2256 442 2319 in
464 2275 498 2319 se
520 2256 590 2338 ipse
612 2256 769 2328 continet,
795 2262 830 2316 ut
852 2253 949 2316 sitin
970 2262 1080 2317 nostra
1102 2259 1256 2336 potestate
1279 2252 1437 2335 nobisque
1459 2260 1590 2334 pareat,
1621 2270 1682 2313 nec
1703 2248 1736 2312 id
1747 2266 1775 2311 aa

409 2352 477 2413 sine
508 2369 622 2423 causa;
655 2349 724 2411 eius
753 2349 800 2410 rei
830 2347 913 2409 enim
942 2366 1037 2410 causa
1062 2349 1133 2429 ipsa
1161 2355 1272 2409 natura
1297 2355 1358 2409 eat.
1404 2343 1455 2407 26.
1485 2346 1579 2423 Quod
1602 2365 1673 2408 eum
1695 2345 1739 2408 ita

409 2446 464 2517 sit,
487 2444 564 2528 quid
587 2451 636 2506 est
657 2463 714 2505 cur
735 2461 800 2505 non
823 2441 926 2503 omnis
948 2441 1160 2523 pronuntiatio
1182 2449 1237 2503 aut
1251 2460 1324 2503 rara
1343 2447 1398 2503 aut
1418 2439 1498 2503 falsa
1512 2440 1570 2512 ait,
1585 2439 1646 2502 nisi
1663 2459 1739 2501 con·

410 2538 596 2600 cesserimus
617 2536 682 2600 sato
706 2533 773 2600 beri
795 2554 1018 2618 quaecumque
1041 2531 1142 2597 bantt
1187 2534 1272 2610 Quia
1292 2534 1397 2598 futura
1419 2555 1510 2608 vera,
1532 2534 1651 2615 inquit,
1672 2552 1738 2596 non

410 2638 546 2714 possunt
566 2650 637 2694 esse
660 2650 715 2704 ea,
738 2648 821 2712 quae
843 2648 954 2691 causas
976 2648 1033 2690 cur
1054 2627 1162 2690 futura
1183 2628 1247 2691 sint
1268 2648 1332 2690 nan
1353 2627 1488 2690 babent:
1522 2628 1658 2690 habeant
1680 2628 1741 2710 igi·

411 2733 462 2788 tur
488 2744 598 2788 causas
625 2744 756 2788 necesse
782 2731 831 2787 eat
860 2742 914 2796 ea,
943 2741 1026 2805 quae
1056 2742 1130 2785 vera
1159 2729 1254 2795 aunt;
1291 2723 1335 2785 ita
1364 2742 1435 2784 cum
1463 2722 1647 2796 evenerint,
1673 2722 1778 2786 iatots

412 2819 586 2881 evenerint.

496 2913 567 2975 ΧΙΙ.
592 2911 774 2976 Coniectum
797 2910 975 2993 negotium,
997 2911 1024 2972 si
1048 2910 1177 2993 quidam
1200 2909 1438 2973 concedendum
1460 2910 1516 2973 tibi
1539 2919 1587 2974 est
1607 2910 1740 2974 autfato

412 3007 518 3070 omnia
547 3003 614 3069 beri
642 3014 698 3069 aut
726 3006 897 3089 quicquam
926 3001 991 3067 beri
1020 3024 1115 3085 posse
1143 3006 1211 3067 sine
1239 3024 1344 3067 causa.
1397 3001 1448 3066 27.
1479 3004 1528 3067 bn
1549 3005 1642 3068 aliter
1663 3008 1742 3069 baec

413 3100 587 3164 enuntiatio
616 3120 689 3164 rara
717 3120 787 3163 esse
818 3118 882 3161 non
910 3105 1017 3181 potest
1051 3097 1184 3182 «Capiet
1207 3100 1405 3161 Numantiam
1428 3098 1578 3181 Scipion,
1612 3102 1673 3165 nisi
1701 3120 1743 3163 ex

412 3195 598 3257 aeternitate
621 3214 718 3257 causa
741 3213 869 3256 causam
892 3211 1000 3254 serens
1023 3191 1084 3253 boc
1107 3193 1168 3255 erit
1190 3193 1361 3255 effectura?
1394 3195 1444 3255 An
1465 3193 1527 3256 boc
1548 3192 1661 3256 falsum
1685 3202 1781 3275 pota

412 3289 526 3351 tuisset
553 3308 640 3361 esse,
670 3288 696 3350 si
724 3295 808 3351 esset
835 3286 989 3349 sescentis
1018 3286 1155 3347 saeculis
1183 3293 1257 3348 ante
1285 3286 1432 3349 dictami
1468 3294 1500 3349 et
1527 3287 1555 3349 si
1582 3295 1649 3351 tum
1678 3307 1743 3351 non

415 3390 500 3444 esset
522 3401 597 3444 vera
619 3383 696 3444 baec
718 3381 892 3444 enuntiatio
917 3379 1050 3460 rCapiet
1070 3380 1271 3442 Numantiam
1294 3380 1446 3462 Scipion,
1475 3401 1516 3444 ne
1538 3380 1591 3443 iiia
1614 3381 1743 3463 quidem

414 3495 525 3538 eversa
547 3494 620 3538 vera
642 3483 690 3538 est
711 3475 790 3537 haec
812 3473 1005 3536 enuntiatinz
1030 3472 1139 3556 «Cepit
1159 3475 1359 3538 Numantiam
1382 3475 1520 3556 Scipion.
1564 3477 1670 3540 Potest
1686 3478 1745 3561 igi·

416 3578 468 3632 tur
489 3570 660 3652 quicquam
683 3569 799 3631 iactum
823 3587 911 3641 esse,
935 3567 1022 3650 quad
1045 3587 1109 3629 nnn
1132 3587 1240 3629 rerum
1262 3567 1359 3630 fuerit
1380 3568 1520 3631 futurum
1543 3573 1638 3631 esset
1670 3588 1744 3633 nam

415 3671 450 3725 nt
477 3663 645 3745 praeterita
673 3682 712 3724 ea
738 3682 813 3725 vera
840 3660 991 3735 dicimus,
1023 3680 1158 3745 quornm
1186 3662 1350 3743 superiore
1378 3669 1519 3745 tempore
1548 3682 1622 3726 vera
1649 3663 1783 3727 faeritas

415 3757 583 3832 instantia,
610 3756 655 3820 sic
683 3756 803 3829 futura,
834 3774 970 3838 quorum
1000 3756 1206 3838 consequenti
1238 3765 1381 3838 tempora
1407 3775 1482 3820 vera
1503 3756 1564 3819 erit
1585 3758 1745 3832 instantia,

416 3870 454 3913 ea
479 3869 553 3913 vera
581 3850 733 3913 dicemus.
783 3846 835 3912 28.
864 3850 927 3911 Nec
955 3849 982 3911 si
1012 3867 1106 3911 omne
1129 3850 1326 3911 enuntiatum
1348 3859 1403 3914 aut
1425 3871 1532 3914 verum
1554 3859 1610 3914 aut
1630 3851 1746 3915 falsum

417 3952 479 4017 est,
503 3944 648 4027 seqnitur
670 3945 742 4006 iiico
765 3962 836 4006 essa
859 3961 970 4005 causas
993 3942 1188 4005 inmutabilis
1210 3962 1327 4026 easque
1350 3952 1511 4020 aeternas,
1533 3966 1617 4028 quae
1637 3946 1747 4030 probi·

416 4039 513 4102 beant
534 4039 703 4122 quicquam
725 4055 818 4099 secus
840 4037 951 4100 radere
974 4043 1070 4118 atque
1093 4055 1239 4100 casurum
1261 4038 1311 4100 sit
1347 4038 1505 4101 Fortuitae
1528 4049 1601 4103 aunt
1622 4059 1746 4114 causae,

418 4152 500 4217 quae
523 4130 678 4205 efficiant,
708 4140 744 4193 ut
770 4149 844 4193 vera
870 4129 1017 4192 dicantur
1045 4148 1128 4213 quae
1154 4128 1199 4192 ita
1220 4130 1364 4193 dicentur
1393 4133 1526 4197 eveniet
1547 4133 1582 4196 in
1603 4142 1785 4196 senatumtn

419 4226 536 4299 Cato»,
566 4245 629 4288 nnn
651 4226 793 4288 inclusae
822 4226 855 4287 in
878 4244 981 4287 rerum
1004 4232 1116 4285 natura
1138 4231 1234 4307 atque
1257 4225 1384 4287 mundo.
1426 4228 1466 4289 Et
1488 4234 1592 4290 tamen
1614 4237 1677 4291 tam
1699 4235 1748 4290 est

418 4320 601 4383 inmutabile
625 4328 806 4393 venturum,
829 4339 901 4381 cnm
924 4325 973 4381 est
995 4337 1119 4393 verum,
1146 4337 1241 4400 quam
1263 4319 1410 4394 venisse,
1439 4320 1559 4383 neceb
1582 4340 1652 4384 eam
1675 4341 1748 4385 cau·

423 4499 585 4511 *-

488 4610 511 4657 4.
530 4622 617 4657 amum
633 4608 665 4658 A¹
684 4631 710 4644 -
735 4608 760 4657 b.
779 4605 892 4656 mnibus
908 4608 1046 4668 aptpricir
1063 4607 1220 4657 inrideamur
1242 4620 1338 4658 censor
1353 4606 1461 4661 Jeuens.
1481 4609 1525 4661 ed.
1544 4612 1643 4663 liram:
1667 4626 1750 4665 omnes

420 4683 516 4747 pbprici
532 4684 691 4733 inrideamur
708 4683 744 4740 C,
770 4696 855 4731 annes
875 4696 920 4731 nor
935 4682 1033 4744 ptpsici
1049 4683 1176 4732 inrideant
1198 4684 1284 4733 Bremi
1309 4709 1335 4719 -
1363 4684 1388 4734 8.
1407 4699 1454 4734 cur
1474 4698 1534 4750 sup.
1552 4686 1597 4738 tin.
1617 4702 1687 4739 man.
1707 4703 1748 4754 pr.

422 4759 515 4809 addit
531 4786 556 4795 -
576 4760 616 4808 ta.
633 4757 815 4821 pronuntiatio]
828 4758 965 4806 enuntiatio
982 4758 1050 4807 coni.
1065 4758 1201 4815 Davisius3
1221 4761 1248 4807 at
1264 4757 1325 4809 vide
1337 4762 1367 4810 Α.
1378 4759 1488 4810 Gellium
1505 4762 1603 4823 xvt,a
1621 4758 1751 4830 «ἀξίωμα

421 4832 582 4900 appeliatum
600 4835 641 4883 est
658 4847 673 4881 a
691 4834 724 4882 bi.
738 4831 857 4882 Varrone
874 4833 951 4882 sicuti
969 4831 1020 4883 diri
1039 4830 1240 4897 «prologum»,
1264 4846 1280 4883 a
1301 4836 1334 4884 bi.
1354 4837 1444 4885 autem
1462 4837 1590 4889 Cicerone
1614 4854 1752 4905 «pronun-

421 4910 534 4958 tiatum»
553 4921 605 4971 qun
623 4906 665 4957 iiie
684 4911 772 4957 umen
791 4905 922 4957 vocabulo
940 4909 1068 4971 tantisper
1085 4910 1121 4957 uti
1139 4921 1169 4958 se
1187 4908 1333 4959 adtestatus
1351 4911 1405 4970 est,
1424 4911 1512 4973 quoad
1531 4912 1638 4975 melius,
1657 4917 1751 4979 inquit,

421 4984 564 5034 invenero»
589 5011 616 5020 -
644 4983 684 5032 ta.
701 4983 790 5045 inpuid
807 4983 835 5031 Βι
860 5009 885 5018 -
918 4983 956 5031 45.
975 4995 1054 5044 saque
1069 4996 1132 5033 uera
1149 4985 1170 5032 Α
1190 5010 1216 5018 -
1243 4984 1303 5034 tort.
1322 4997 1388 5046 quae
1403 4998 1465 5036 ocra
1480 4986 1570 5048 sutura
1586 4995 1643 5039 runt
1664 5017 1688 5027 -
1709 4991 1750 5041 ta.

421 5060 540 5123 quicquid
557 5057 584 5108 B'
605 5086 630 5094 -
651 5059 691 5106 49.
709 5058 834 5106 nuntiatio
850 5059 881 5107 Αι
902 5084 927 5093 -
949 5063 1047 5119 possent
1063 5059 1094 5108 Bt
1113 5084 1140 5095 -
1163 5059 1245 5120 capiet
1263 5061 1299 5120 (et
1316 5061 1342 5109 in
1360 5061 1425 5121 ras.)
1443 5064 1463 5112 Α
1484 5089 1511 5099 -
1529 5068 1714 5116 summentium
1730 5066 1752 5114 V

423 5159 451 5171 -
471 5137 531 5184 ante
549 5133 632 5195 Scipio
649 5132 733 5182 littera
751 5145 827 5183 erasa
845 5136 887 5183 est
903 5132 960 5181 ins
975 5160 1002 5170 -
1021 5133 1062 5182 2⁰.
1081 5146 1160 5183 causa
1175 5146 1259 5183 serem
1276 5136 1389 5197 (cumam
1399 5140 1463 5197 om.)
1477 5136 1518 5198 V¹,
1536 5153 1674 5190 rauranum
1689 5141 1753 5190 serie

422 5209 455 5258 V²
473 5238 497 5248 -
524 5216 580 5259 erat
597 5208 641 5265 V²;
670 5208 795 5272 equidem
816 5206 898 5257 verba
920 5208 969 5255 erit
989 5209 1108 5270 effectura
1125 5209 1159 5257 ita
1178 5212 1350 5273 interpretor,
1375 5214 1404 5261 ut
1421 5211 1492 5263 idem
1510 5214 1581 5276 quod
1600 5214 1753 5266 «concedes

423 5298 483 5335 esse
501 5285 676 5335 effecturam·
695 5286 726 5333 iis
743 5283 884 5346 significari
901 5281 987 5333 dicam
1008 5310 1033 5319 -
1059 5284 1100 5333 24.
1120 5286 1242 5334 εοωωηιίε
1258 5286 1278 5335 0
1297 5311 1325 5322 -
1348 5286 1438 5336 ritum
1455 5289 1480 5339 in
1498 5302 1550 5339 ras.
1565 5302 1644 5339 manu
1662 5293 1752 5340 seca

424 5384 451 5396 ·-
471 5362 512 5412 22.
531 5375 562 5411 nc
578 5362 623 5409 itta
640 5360 739 5420 quidem
750 5384 786 5395 --
799 5359 883 5421 Scipio
900 5370 981 5407 manu
993 5362 1044 5407 vet.
1058 5359 1083 5408 in
1102 5361 1174 5408 textu
1192 5362 1219 5409 et
1236 5362 1261 5410 in
1274 5374 1357 5424 marg.
1370 5361 1457 5426 suppl.
1473 5364 1492 5411 V
1508 5390 1534 5400 -
1554 5366 1652 5426 puidam
1666 5377 1754 5415 werra

423 5449 485 5486 nera
500 5442 536 5486 ast
556 5433 712 5485 Turnebus:
737 5434 835 5495 quim
851 5445 943 5495 uer,a
963 5438 1023 5483 esset
1045 5434 1069 5495 (t
1087 5447 1122 5484 m.
1141 5447 1196 5485 sec.
1216 5435 1288 5497 add.)
1311 5450 1374 5486 uera
1389 5444 1425 5486 est
1441 5440 1477 5497 Α,
1501 5440 1600 5500 quidem
1615 5453 1678 5489 uera
1694 5443 1755 5490 esset

426 5512 491 5561 Uera
508 5512 583 5572 (asra
595 5516 628 5560 est
646 5522 681 5558 m.
696 5509 761 5569 sec.)
773 5509 802 5567 B,
821 5509 920 5570 wdone
937 5522 1025 5558 eterra
1040 5522 1105 5558 uera
1120 5516 1179 5559 erret
1198 5511 1227 5570 V,
1245 5513 1344 5573 quidem
1360 5526 1424 5565 uera
1440 5520 1501 5563 esset
1516 5528 1580 5564 uera
1596 5520 1632 5565 cst
1648 5514 1752 5578 Ertang.

426 5611 453 5622 -
471 5587 515 5635 23.
533 5588 596 5649 cepit
613 5584 681 5634 cani.
695 5586 722 5633 P.
737 5583 852 5632 Remus:
871 5584 988 5644 capietC
1010 5608 1036 5620 -
1061 5583 1102 5635 ii.
1120 5584 1202 5645 latren
1219 5583 1287 5634 ΑΨ*
1306 5613 1332 5625 -
1352 5588 1486 5650 iuturaun?
1501 5604 1562 5639 nam
1579 5591 1646 5639 coni.
1666 5590 1753 5639 Brenni

428 5685 454 5696 -
474 5661 515 5709 te.
532 5661 610 5721 {uerit
627 5673 659 5708 ex
677 5658 739 5708 edit.
755 5657 814 5709 itta
835 5659 955 5722 reposuit
972 5659 1107 5708 Davisius:
1125 5660 1263 5721 {nemum
1283 5687 1310 5698 -
1334 5664 1374 5712 26.
1393 5665 1441 5712 erit
1458 5665 1594 5714 Davisius:
1612 5670 1685 5714 crunt
1701 5664 1753 5726 AB,

425 5734 526 5798 puniet
544 5736 564 5783 v
583 5760 610 5770 -
629 5734 669 5783 28.
682 5734 740 5783 iiico
757 5731 824 5782 AV¹:
842 5734 909 5783 itticc
926 5734 1026 5792 nv²0;
1053 5734 1087 5783 ct.
1107 5735 1258 5786 Lachmann
1276 5736 1311 5786 ad
1328 5739 1433 5789 Lucret.
1453 5751 1478 5802 p.
1488 5737 1520 5788 ³2
1537 5751 1578 5801 sq.
1605 5766 1631 5775 —
1661 5751 1711 5787 ersa
1727 5741 1754 5789 in

427 5809 515 5859 rasv
534 5836 560 5844 -
585 5809 742 5857 inmutabiter
758 5809 804 5857 VO
828 5833 856 5844 -
882 5821 991 5870 capuae
1008 5815 1028 5859 Α
1051 5836 1077 5848 -
1102 5811 1143 5860 aa.
1161 5824 1281 5861 caawun
1297 5810 1375 5863 A²B²z
1393 5826 1530 5863 sauram
1547 5814 1614 5875 A1V,
1636 5827 1756 5864 casam

427 5882 456 5933 ti*
477 5910 503 5922 -
530 5884 570 5948 rit]
588 5886 609 5933 st
626 5882 669 5943 v¹;
697 5881 799 5934 Netmtn
816 5882 843 5932 tn
859 5884 881 5933 rt
896 5895 959 5933 vera
976 5882 1054 5935 iacun
1071 5891 1214 5936 casurumt
1228 5886 1335 5938 videtur
1352 5886 1434 5938 tatere
1453 5910 1480 5924 -
1507 5888 1548 5938 at.
1567 5890 1628 5955 post
1644 5889 1756 5941 &cistas

429 5962 456 6011 tn
473 5958 494 6009 V
511 5970 592 6025 snpra
608 5957 652 6009 itn.
669 5963 729 6009 runt
746 5956 866 6009 additam
882 5960 933 6009 est.
