4342 7459
343 1237 407 1307 dil
795 1236 849 1302 DE
870 1235 1041 1303 DEORUM
1062 1234 1225 1303 NATURA

344 1423 409 1468 non
431 1402 602 1466 levissuma
631 1402 671 1465 de
697 1420 748 1476 re,
778 1406 816 1464 ut
837 1400 984 1484 queritur
1004 1398 1074 1474 illc,
1104 1398 1143 1462 in
1172 1399 1343 1464 civitate
1370 1396 1470 1465 lieri
1498 1398 1681 1465 facinora

344 1496 559 1582 capitalia,

428 1593 475 1656 ab
497 1591 622 1657 amico
643 1596 794 1655 amante
815 1594 1027 1671 argentum
1049 1589 1236 1672 accipere
1256 1590 1451 1654 meretrix
1471 1587 1631 1665 nevolt,

344 1681 396 1750 tl.
418 1684 477 1750 sed
497 1692 534 1749 ut
546 1685 665 1759 adsint,
688 1692 900 1769 cognoscant,
923 1653 1350 1768 animadvertant,⁸d²did⁹de
1363 1684 1529 1767 religione,
1550 1684 1679 1767 pietate,

321 1780 529 1855 lsauctitate,
551 1780 767 1854 caerimoniis,
789 1777 869 1853 fide,
899 1777 1129 1856 iureiurando,
1151 1780 1230 1864 quid
1244 1778 1285 1843 de
1299 1779 1444 1863 templis,
1466 1776 1608 1841 delubris
1629 1796 1681 1841 sa·

345 1870 536 1957 orificiisque
557 1874 782 1950 sollemnibus,
805 1872 883 1956 qnid
906 1871 1047 1955 deipsis
1070 1872 1238 1958 auspiciis,
1261 1874 1378 1957 quibus
1400 1892 1459 1937 uos
1479 1889 1679 1954 praesumus,

345 1966 590 2032 existimandum
619 1968 678 2046 sit;
708 1969 788 2033 baec
808 1968 892 2031 enim
914 1967 1021 2032 omnia
1041 1969 1081 2031 ad
1104 1967 1187 2031 banc
1209 1966 1320 2031 dedis
1342 1965 1561 2030 inmortalibus
1583 1985 1681 2051 quae

244 2052 247 2058 ’
344 2063 479 2127 ationem
499 2061 667 2126 referenda
687 2070 770 2126 sunt
807 2060 953 2125 Proiecto
977 2080 1038 2124 eos
1059 2062 1164 2144 ipsos,
1186 2062 1243 2145 qui
1265 2082 1300 2126 se
1322 2060 1444 2146 aliquid
1462 2061 1541 2124 certi
1562 2062 1680 2127 babere

344 2155 551 2232 arbitrantur,
584 2155 772 2222 addubitare
804 2163 896 2239 coget
922 2156 1178 2220 doctissimorum
1207 2156 1373 2219 bominum
1401 2155 1442 2219 de
1467 2173 1617 2219 maxuma
1644 2174 1680 2221 re

306 2253 431 2314 “tanta
457 2249 626 2314 dissensio.
669 2247 720 2313 ⁴5.
744 2249 839 2327 Quod
862 2269 934 2312 cum
964 2270 1060 2333 saepe
1089 2249 1184 2326 alias,
1209 2257 1277 2313 tum
1298 2250 1433 2313 maxime
1455 2248 1680 2325 animadverti,

344 2362 417 2406 cum
439 2343 524 2426 apud
549 2344 582 2407 C.
605 2344 744 2419 Cottam,
770 2343 958 2409 familiarem
981 2365 1105 2419 meum,
1128 2352 1275 2407 accurate
1297 2363 1374 2407 sane
1396 2351 1429 2407 et
1450 2344 1617 2426 diligenter
1638 2342 1680 2408 ds

344 2436 394 2501 dis
416 2438 638 2503 inmortalibus
657 2440 852 2524 disputatum
876 2447 934 2503 est.
972 2441 1052 2501 Nam
1075 2458 1145 2502 cum
1168 2437 1257 2501 feriis
1279 2438 1399 2502 Latinis
1421 2437 1461 2501 ad
1484 2457 1558 2502 eum
1579 2438 1679 2522 ipsius

270 2533 290 2632 χ
343 2541 455 2615 rogatu
483 2535 699 2617 arcessituque
721 2533 895 2607 venissem,
925 2531 1043 2595 offendi
1075 2552 1149 2595 eum
1171 2532 1335 2596 sedentem
1357 2534 1390 2596 iu
1414 2531 1531 2596 exedra
1554 2539 1679 2596 etcum

345 2625 380 2689 C.
403 2627 526 2691 Velleio
547 2636 695 2691 senatore
711 2627 942 2712 disputantem,
966 2624 1006 2688 ad
1023 2646 1118 2709 quem
1134 2636 1201 2689 tum
1215 2627 1357 2710 Epicurii
1373 2627 1491 2710 primas
1506 2647 1547 2690 ex
1561 2626 1680 2690 nostris

306 2719 526 2785 ⁴³bomiuibus
548 2719 742 2784 deserebant.
775 2721 892 2784 Aderat
913 2722 1009 2784 etiam
1025 2720 1063 2796 Q.
1080 2722 1220 2784 Lucilius
1242 2722 1377 2795 Balbus,
1402 2722 1457 2805 qui
1482 2727 1586 2784 mutos
1606 2739 1680 2803 pro·

343 2833 471 2898 gressum
498 2814 635 2878 babebat
661 2815 694 2877 in
727 2815 859 2888 Stoicis,
889 2823 924 2878 ut
946 2835 1019 2877 cum
1041 2814 1273 2878 excellentibus
1295 2815 1328 2878 in
1351 2834 1390 2878 eo
1413 2834 1529 2897 genere
1550 2813 1680 2879 Graecis

342 2918 587 2992 compararetur.
627 2901 724 2985 Tum,
753 2918 789 2972 ut
817 2929 867 2972 me
896 2908 987 2972 Cotta
1016 2909 1111 2982 vidit,
1140 2911 1396 2991 Peropportune,
1427 2909 1542 2992 inquit,
1572 2908 1679 2984 renis,

343 3002 444 3065 oritur
465 3003 551 3066 enirn
574 3003 651 3067 mibi
675 3023 789 3086 magun
810 3000 850 3065 de
872 3023 906 3066 re
927 3002 1093 3066 altercatio
1116 3023 1187 3066 cum
1203 3003 1336 3077 Velleio,
1359 3004 1410 3066 cui
1425 3024 1483 3087 pro
1503 3012 1557 3066 tuo
1572 3001 1680 3066 studio

342 3115 406 3159 non
436 3104 485 3159 est
509 3096 646 3160 alienum
674 3106 706 3161 te
733 3098 896 3160 interesse.
939 3097 1008 3158 Vll.
1032 3091 1082 3158 lb.
1105 3097 1203 3180 Atqui
1233 3097 1309 3159 mihi
1332 3117 1462 3181 quoque
1484 3096 1608 3172 videor,
1630 3096 1682 3159 in·

305 3193 453 3273 Quam,
487 3191 629 3265 venisse,
662 3200 700 3254 ut
730 3191 831 3265 dicis,
865 3198 1065 3274 opportune;
1102 3198 1166 3253 tres
1203 3192 1288 3254 enim
1317 3192 1412 3253 nium
1443 3190 1680 3274 disciplinarum

343 3284 501 3368 principes
529 3285 734 3347 convenistis.
780 3286 821 3348 Μ.
849 3285 933 3347 euim
963 3285 1036 3347 Piso
1065 3285 1093 3347 si
1124 3285 1266 3359 adesset,
1297 3286 1417 3348 nullius
1444 3282 1680 3369 philosophiae,

343 3395 453 3441 earum
476 3379 614 3461 quidem,
638 3398 721 3461 quae
744 3379 777 3441 in
800 3379 921 3442 honore
945 3385 1029 3450 sunt,
1052 3387 1179 3442 vacaret
1194 3379 1294 3443 locus.
1331 3381 1412 3443 Tum
1432 3381 1538 3453 Cotta,
1561 3378 1610 3452 Si,
1632 3379 1681 3442 iu·

343 3473 428 3555 quit,
460 3472 541 3535 liber
567 3472 713 3535 Antiochi
742 3472 860 3544 nostri,
888 3472 943 3555 qui
972 3472 1011 3534 ab
1039 3491 1078 3534 eo
1109 3492 1212 3555 nuper
1240 3473 1279 3536 ad
1302 3473 1387 3537 bunc
1410 3470 1542 3537 Balbum
1564 3473 1680 3535 missus

306 3586 311 3591 ·
342 3573 405 3641 est,
428 3585 502 3629 vera
524 3566 680 3649 loquitur,
702 3565 781 3628 nibil
803 3572 852 3627 est
875 3564 961 3646 quod
987 3565 1150 3638 Pisonem,
1172 3565 1360 3630 familiarem
1381 3576 1484 3641 tuum,
1507 3566 1680 3630 desideres.

303 3658 499 3722 ”Antiocho
528 3660 611 3721 euim
641 3659 739 3722 Stoici
769 3678 840 3721 cum
871 3658 1088 3741 Peripateticis
1124 3679 1158 3721 re
1189 3662 1354 3723 concinere
1382 3660 1544 3734 videntur,
1575 3659 1681 3723 verbis

342 3751 533 3834 discrepare.
572 3752 644 3827 Quo
667 3752 707 3813 de
729 3752 829 3825 libro,
851 3751 965 3826 Balbe,
990 3752 1082 3815 velim
1106 3754 1187 3816 scire
1212 3755 1288 3837 quid
1312 3757 1438 3818 sentias.
1476 3756 1609 3838 Egoue'l
1630 3756 1681 3817 in·

342 3848 412 3930 quit
431 3846 505 3909 ille:
529 3847 628 3908 miror
647 3846 850 3919 Antiochum,
873 3846 1034 3909 bominem
1058 3848 1091 3909 iu
1114 3848 1224 3934 primis
1246 3858 1389 3926 acutum,
1412 3868 1475 3912 nou
1493 3849 1609 3912 vidisse
1631 3848 1680 3911 iu-

341 3948 460 4003 teresse
491 3939 660 4023 plnrimum
689 3940 772 4003 iuter
795 3941 936 4012 Stoicos,
965 3941 1020 4023 quai
1051 3921 1232 4005 bodedldba'
1252 3916 1428 4005 coinmbdis
1451 3961 1516 4005 non
1539 3941 1678 4030 nomine,
1697 3988 1703 4003 .
1723 3949 1762 4006 ‚¹

342 4033 398 4099 sed
421 4053 537 4116 genere
561 4041 626 4097 toto
649 4034 864 4144 diiungereut,
888 4043 919 4097 et
940 4035 1183 4117 Peripateticos,
1209 4037 1263 4120 qui
1288 4035 1420 4100 honesta
1437 4017 1680 4100 commiscerent

302 4131 410 4193 ⁸⁰cunr
434 4125 627 4201 commodis,
649 4136 685 4191 ut
706 4124 848 4192 ea'iuter
864 4148 898 4191 se
914 4130 1131 4212 magnitudine
1147 4137 1178 4192 et
1193 4132 1283 4212 quasi
1300 4131 1459 4213 gradibus,
1482 4150 1545 4194 non
1561 4149 1678 4212 genere

341 4219 521 4295 differrent3
544 4219 621 4285 baec
643 4223 728 4285 enim
751 4231 799 4285 est
820 4243 884 4285 nou
906 4223 1074 4287 verborum
1090 4221 1222 4306 parisi}¹
1235 4225 1291 4287 sed
1307 4244 1411 4287 rerum
1428 4224 1597 4308 permagna
1614 4223 1679 4286 dis·

340 4316 457 4380 sensio.
502 4312 552 4378 t7.
584 4320 699 4380 Verum
728 4318 789 4380 hoc
818 4316 913 4380 alias:
942 4337 1026 4379 nuuc
1058 4317 1146 4400 quod
1175 4319 1355 4400 coepimus,
1379 4320 1406 4382 si
1429 4317 1564 4382 videtur.
1600 4316 1679 4380 blibi

340 4430 427 4485 vero,
450 4410 554 4494 inquit
577 4411 684 4485 Cotta,
708 4410 851 4485 videtur3
884 4410 940 4473 sed
964 4419 999 4473 nt
1021 4412 1087 4485 bic,
1111 4412 1165 4495 qui
1190 4413 1376 4487 intervenit,
1402 4434 1452 4475 me
1475 4413 1616 4485 intuens,
1638 4430 1680 4473 ne

341 4506 480 4586 ignoret,
504 4524 586 4587 quae
609 4526 659 4568 res
682 4513 807 4588 agatur,
832 4505 872 4569 de
895 4512 1008 4568 natura
1030 4505 1201 4588 agebamus
1226 4506 1377 4579 deorum,
1401 4526 1484 4589 quae
1507 4525 1577 4568 cum
1600 4502 1679 4567 mibi

302 4598 502 4661 ³drideretur
523 4598 730 4681 perobscura,
761 4609 796 4661 ut
817 4618 942 4681 semper
965 4599 1063 4661 rideri
1088 4600 1183 4672 solet,
1205 4600 1335 4682 Epicuri
1358 4620 1400 4663 ex
1422 4599 1547 4663 Velleio
1570 4598 1678 4662 scisci-

342 4691 431 4754 tabar
446 4693 645 4756 sententiam.
679 4692 932 4767 Quamobrem,
955 4693 1070 4776 inquit,
1091 4693 1203 4767 Vellei,
1223 4694 1284 4757 uisi
1307 4693 1474 4757 molestum
1491 4702 1549 4767 est,
1570 4699 1680 4776 repete

342 4803 425 4867 quae
448 4805 607 4868 coeperas.
640 4787 790 4870 Repetam
814 4805 907 4859 vero,
930 4805 1124 4870 quamquam
1147 4807 1211 4850 non
1234 4788 1327 4860 mibi,
1358 4788 1414 4851 sed
1437 4786 1494 4851 tibi
1516 4785 1570 4850 bic
1590 4785 1680 4849 veuit

409 5102 432 5150 4.
449 5102 505 5164 fleri
522 5101 548 5150 in
565 5103 705 5152 civitoteo
725 5128 752 5139 -
771 5102 795 5151 3.
814 5103 896 5152 nevolt
913 5102 939 5152 F.
959 5103 988 5152 Α.
1006 5101 1135 5153 Woldus:
1154 5101 1324 5154 seruauit.
1346 5104 1426 5164 [Statii
1444 5101 1526 5152 verbo
1545 5103 1584 5153 sie
1602 5102 1680 5152 ellert

342 5178 371 5230 0.
391 5175 507 5226 Ribbeck
527 5177 629 5227 Cornic.
649 5178 704 5226 Lat.
725 5175 807 5240 Reliq.
827 5191 853 5241 p.
873 5179 921 5226 60:
948 5202 987 5214 --
1005 5177 1032 5226 in
1054 5178 1158 5228 deitate
1174 5182 1238 5242 flunt
1259 5180 1375 5236 lecim
1397 5180 1537 5239 condutio:
1563 5178 1630 5227 Nom
1647 5177 1680 5226 ub

342 5254 424 5303 emico
440 5257 542 5303 ernosto
559 5256 692 5314 argentum
709 5253 821 5313 occipere
837 5253 960 5302 mosem
976 5266 1043 5300 nunc
1059 5253 1162 5316 nevolt.)
1177 5279 1203 5289 -
1218 5254 1242 5303 6.
1262 5253 1435 5315 sollempnibus
1447 5258 1466 5302 Α
1477 5254 1497 5303 C
1509 5268 1515 5310 ;
1533 5251 1681 5301 romanibus

342 5328 408 5386 BE3
426 5327 574 5377 solennibus
590 5327 610 5375 0
628 5352 655 5361 -
675 5327 698 5376 8.
717 5327 850 5388 referendo
866 5332 924 5378 sunt
938 5329 1057 5390 profecto.
1075 5329 1126 5377 Eos
1144 5328 1212 5377 Rake
1230 5326 1316 5377 schol.
1338 5328 1452 5391 Hypom.
1470 5328 1503 5377 lV
1521 5340 1550 5390 p.
1571 5326 1628 5377 407.
1650 5353 1677 5362 -

342 5403 444 5454 certsC
465 5428 492 5439 -
511 5402 536 5452 9.
555 5407 582 5451 ot
598 5400 712 5451 dubitare
729 5403 778 5452 ΑΕ
799 5428 825 5438 -
847 5405 886 5453 lt.
907 5402 943 5466 0.]
967 5418 992 5466 g.
1013 5400 1035 5453 a
1053 5429 1086 5440 -
1112 5403 1152 5451 lb.
1172 5408 1206 5451 est
1224 5403 1366 5465 (supersor.
1385 5404 1426 5461 sit)
1443 5402 1481 5451 B:
1503 5404 1534 5451 sit
1551 5401 1630 5453 ACE
1650 5427 1678 5437 -

344 5478 384 5529 43.
402 5477 551 5531 abablio
574 5503 599 5511 -
620 5475 661 5526 ll.
680 5476 707 5526 C.
728 5478 762 5526 u:
782 5492 807 5539 g.
828 5478 907 5527 tce:
928 5504 955 5513 -
973 5478 1060 5527 uellslc
1077 5479 1111 5535 Α,
1131 5478 1195 5527 item
1211 5490 1236 5527 v.
1252 5477 1292 5526 48.
1309 5502 1333 5511 -
1353 5476 1505 5538 epictriti,
1525 5478 1680 5540 eptesrsto

344 5555 384 5604 444.
405 5550 601 5616 alucinanti
621 5579 646 5590 -
672 5552 712 5601 47.
730 5554 926 5613 cooperatore
946 5578 973 5589 -
996 5557 1164 5615 peroportone
1182 5549 1204 5602 li
1223 5577 1250 5587 -
1271 5551 1310 5600 49.
1330 5552 1409 5611 adem
1424 5554 1461 5612 Α;
1485 5557 1562 5615 atque
1579 5551 1628 5601 Cli
1651 5578 1678 5589 -

343 5639 385 5689 20.
403 5639 598 5700 apportarem:
617 5642 738 5698 comtum
754 5634 871 5687 ΑΜΕ
887 5665 912 5674 -
931 5639 973 5686 il.
992 5639 1028 5687 44.
1047 5637 1112 5687 subn
1128 5633 1350 5698 (reveles.)
1365 5637 1422 5696 ptso
1439 5637 1538 5686 ABE:
1558 5615 1680 5698 Gffipiso

345 5713 382 5771 C;
405 5716 440 5764 ll.
457 5714 512 5775 piso
528 5711 587 5767 alii:
613 5714 650 5763 ll.
667 5714 744 5762 etiem
766 5712 820 5761 Piso
842 5711 1020 5762 Heindortius.
1041 5738 1067 5748 -
1092 5712 1211 5761 canusii
1233 5738 1265 5748 -
1284 5711 1454 5775 philosophice
1476 5710 1528 5762 del.
1548 5713 1627 5762 Bake.
1648 5737 1677 5748 -

344 5789 386 5839 ἥ.
404 5790 499 5839 2ch
520 5815 545 5825 -
569 5788 610 5838 23.
630 5788 754 5838 wtliocbl
771 5789 821 5838 Ac
848 5815 875 5825 -
902 5789 942 5837 26.
961 5788 1035 5837 ostias
1050 5787 1127 5847 scire,
1150 5785 1226 5835 Bolbe
1247 5787 1267 5836 0
1292 5810 1319 5822 -
1343 5786 1628 5837 tarsumenno
1649 5810 1676 5822 -

344 5862 385 5913 29.
405 5864 561 5927 diiosgsrsst
576 5864 645 5915 Ac:
669 5863 838 5926 disiaagsrent
854 5862 932 5913 ΒΕΟ
952 5887 978 5898 -
1002 5861 1042 5912 30.
1061 5874 1119 5911 eum
1135 5873 1204 5911 corr.
1223 5874 1257 5912 ex
1272 5863 1365 5911 coma
1384 5886 1412 5898 -
1431 5860 1472 5911 ³2.
1490 5860 1536 5910 boc
1552 5857 1592 5912 a:
1616 5860 1678 5911 boso

345 5937 413 5986 0-
431 5939 541 6001 cepimus
556 5939 637 5990 ACE
655 5964 683 5977 -
701 5938 743 5991 33.
761 5944 833 5989 cocto
848 5941 870 5989 A
888 5963 916 5975 -
935 5937 976 5989 34.
994 5948 1096 6000 meros
1112 5936 1172 5988 GE.
