4342 7459
725 1289 795 1354 aa.
817 1289 871 1353 nr.
899 1290 976 1354 cn».
997 1287 1177 1354 vm-rx.
1204 1285 1250 1372 §s
1272 1284 1416 1352 ai-so.
1670 1274 1731 1345 rao

410 1481 476 1525 non
506 1480 601 1523 omne
627 1460 746 1523 bonum
773 1479 843 1522 esse
871 1459 1046 1534 laudabile:
1075 1477 1149 1521 nam
1178 1457 1263 1542 quod
1290 1457 1449 1521 laudabile
1477 1458 1535 1532 sit,
1562 1455 1731 1519 honestum

411 1575 482 1618 esse
504 1554 696 1618 conceditur.
739 1552 821 1614 lllud
843 1560 947 1616 autem
969 1552 1211 1637 perabsurdum,
1241 1552 1358 1615 bonum
1386 1572 1457 1615 esse
1478 1550 1616 1635 aliquid,
1645 1548 1731 1633 quod

411 1669 474 1712 non
504 1647 717 1731 expetendum
749 1648 807 1720 sit,
835 1654 890 1709 aut
911 1648 1139 1729 expetendum,
1169 1646 1254 1729 quod
1277 1667 1340 1709 non
1362 1646 1507 1730 placens,
1535 1652 1605 1718 aut,
1634 1643 1661 1706 si
1683 1642 1732 1716 id,

411 1762 476 1806 non
499 1744 592 1806 etiam
616 1740 829 1823 diligendum:
851 1760 926 1823 ergo
948 1749 980 1803 et
1003 1740 1216 1823 probandum:
1233 1740 1282 1803 ‘ita
1304 1740 1397 1803 etiam
1419 1738 1594 1803 laudabile:
1622 1736 1654 1799 id
1676 1756 1733 1799 au·

411 1844 474 1899 tem
502 1836 682 1898 honestum.
729 1834 776 1897 lta
803 1831 838 1896 fit
866 1841 918 1908 ut,
952 1834 1037 1919 quod
1073 1834 1190 1897 bonum
1217 1834 1273 1908 sit,
1303 1833 1336 1895 id
1364 1834 1457 1897 etiam
1486 1834 1654 1897 honestum
1683 1831 1757 1894 sito

412 1927 463 1993 28.
484 1927 608 1993 Deinde
630 1947 766 2011 quaero,
796 1929 868 2011 quis
897 1937 952 1991 aut
974 1928 1014 1991 do
1035 1930 1149 1992 misera
1171 1929 1235 1990 vita
1261 1928 1361 2009 possit
1383 1927 1511 2009 gloriari
1532 1934 1587 1990 aut
1608 1928 1648 1989 de
1669 1944 1733 1987 non

411 2024 525 2087 bestat
552 2023 599 2084 Do
620 2022 688 2084 sola
710 2023 808 2104 igitur
828 2022 937 2085 beata:
959 2042 1000 2084 cx
1023 2043 1087 2105 quo
1110 2017 1246 2084 efficitur
1272 2022 1473 2103 gloriatione,
1501 2028 1538 2083 ut
1557 2021 1600 2084 ita
1622 2020 1733 2093 dicam,

412 2117 537 2199 dignam
567 2136 639 2179 esse
665 2117 787 2179 beatam
808 2117 921 2189 vitam,
951 2116 1038 2199 quod
1067 2135 1131 2178 non
1160 2115 1261 2198 possit
1289 2115 1351 2177 nisi
1380 2115 1532 2177 honestae
1560 2116 1643 2178 vitae
1664 2114 1734 2176 iure

412 2212 602 2292 contingere.
648 2209 693 2273 lta
722 2206 757 2271 fit
784 2218 819 2272 ut
845 2210 978 2272 honesta
1001 2210 1063 2273 vita
1093 2209 1185 2271 beata
1209 2209 1271 2271 vita
1294 2209 1345 2270 sit.
1386 2210 1427 2270 Et
1449 2210 1598 2290 quoniam
1619 2209 1661 2282 is,
1684 2207 1735 2269 cui

412 2305 566 2387 contingit
593 2312 629 2366 ut
657 2305 726 2367 iure
748 2304 908 2377 laudetur,
939 2303 1034 2366 habet
1055 2304 1180 2385 insigne
1202 2301 1352 2385 quiddam
1373 2300 1413 2364 ad
1435 2302 1531 2384 decus
1553 2311 1585 2365 et
1605 2300 1645 2363 ad
1667 2301 1773 2384 glo-so

411 2400 506 2473 dam,
533 2406 570 2460 ut
591 2398 632 2461 ol)
655 2418 710 2472 ea,
734 2418 815 2482 quae
838 2406 924 2461 tanta
946 2398 1024 2471 sint,
1056 2397 1168 2459 heatus
1190 2395 1252 2457 dici
1274 2396 1344 2457 iure
1365 2396 1482 2477 possit,
1503 2395 1586 2458 idem
1608 2395 1649 2457 de
1670 2393 1736 2456 vita
1823 2427 1826 2432 >

411 2492 482 2555 talis
504 2492 563 2555 viri
584 2492 761 2555 rectissime
784 2492 914 2561 dicetur.
952 2491 1013 2564 lta,
1036 2492 1062 2554 si
1083 2491 1177 2553 licata
1198 2490 1262 2552 vita
1282 2488 1448 2551 honestate
1470 2489 1624 2563 cernitur,
1647 2486 1733 2572 quod

410 2585 578 2647 honestum
601 2595 663 2659 est,
686 2585 718 2648 id
740 2585 858 2647 bonum
882 2585 984 2647 solum
1005 2583 1187 2647 habendum
1208 2590 1265 2645 est
1301 2580 1353 2645 29.
1375 2583 1460 2659 Quid
1476 2586 1574 2647 vero‘l
1596 2583 1735 2665 negarin'

410 2679 476 2743 ullo
500 2678 593 2741 modo
615 2679 730 2762 possit,
752 2698 915 2759 numquam
937 2698 1128 2763 quemquam
1151 2676 1256 2740 stabili
1279 2686 1311 2740 et
1330 2677 1422 2740 firmo
1444 2686 1603 2760 almagno
1618 2678 1734 2751 animo,

411 2794 507 2858 quem
527 2772 641 2836 fortem
664 2774 765 2836 virum
789 2773 941 2847 dicimus,
963 2770 1045 2836 cilici
1067 2791 1175 2854 posse,
1203 2772 1265 2834 nisi
1288 2772 1492 2835 constitutum
1515 2773 1641 2836 sitnon
1664 2785 1772 2835 esseio

410 2868 526 2931 malum
549 2868 714 2930 doloremi
745 2868 783 2929 Ut
805 2867 890 2929 enim
912 2868 967 2950 qui
990 2876 1123 2928 mortem
1145 2866 1180 2927 in
1202 2864 1294 2927 malis
1321 2866 1412 2948 ponit
1446 2884 1510 2926 non
1538 2874 1644 2948 potest
1665 2884 1734 2928 eam

410 2981 476 3025 non
499 2964 621 3034 timere,
645 2962 691 3022 sic
712 2980 807 3023 nemo
828 2961 894 3022 ulla
915 2961 947 3022 in
971 2981 1006 3024 re
1028 2969 1132 3043 potest
1154 2960 1203 3032 id,
1226 2957 1312 3042 quod
1335 2959 1451 3021 malum
1467 2978 1538 3022 esse
1554 2958 1735 3032 decreverit,

409 3075 475 3118 non
497 3074 606 3117 curare
628 3055 726 3137 idque
747 3063 966 3117 contemnere:
989 3075 1054 3138 quo
1075 3056 1179 3138 posito
1203 3061 1235 3115 et
1256 3054 1395 3116 omnium
1415 3072 1545 3116 assensu
1560 3054 1734 3136 approbato

410 3149 488 3213 rllud
519 3149 704 3221 assumitur,
734 3168 821 3222 eum,
852 3149 906 3231 qui
937 3168 1049 3230 magno
1074 3148 1115 3209 sit
1136 3146 1242 3209 animo
1263 3154 1358 3229 atque
1379 3146 1471 3220 forti,
1502 3148 1623 3220 omnia,
1652 3165 1735 3230 quae

411 3241 526 3307 cadere
548 3242 581 3303 in
603 3241 762 3304 bominem
786 3244 922 3325 possint,
951 3241 1115 3325 despicere
1137 3260 1174 3303 ao
1194 3261 1252 3324 pro
1272 3239 1373 3302 nihilo
1394 3246 1515 3322 putare.
1553 3240 1641 3316 Quae
1663 3253 1774 3303 cumuo

410 3338 455 3401 ita
476 3339 558 3409 sint,
581 3336 730 3398 effectum
752 3336 901 3399 estnihil
923 3356 994 3400 esse
1015 3337 1147 3409 malum,
1170 3335 1256 3418 quod
1279 3344 1371 3417 turpe
1393 3336 1525 3397 nonsit
1556 3334 1660 3417 Atque
1676 3333 1736 3395 iste

410 3432 457 3494 vir
478 3430 561 3492 altus
585 3438 616 3491 et
638 3429 814 3504 excellens,
837 3451 950 3513 magno
973 3431 1090 3503 animo,
1112 3450 1186 3492 vere
1201 3429 1310 3503 fortis,
1331 3428 1412 3492 inira
1428 3448 1462 3492 se
1477 3430 1584 3493 omnia
1597 3429 1735 3492 humana

410 3524 543 3597 ducens,
572 3524 615 3595 is,
644 3523 788 3606 inquam,
811 3545 906 3608 quem
929 3522 1054 3587 efficere
1075 3523 1239 3597 volumus,
1263 3543 1358 3607 quem
1381 3523 1576 3607 quaerimus,
1599 3529 1682 3585 certe
1704 3528 1736 3584 et

409 3615 568 3681 considere
598 3617 659 3679 sibi
687 3617 781 3679 dehet
808 3638 845 3681 ac
874 3639 949 3682 suae
978 3620 1062 3681 vitae
1085 3625 1118 3681 et
1146 3626 1233 3680 actae
1256 3626 1288 3681 et
1309 3618 1515 3700 consequenti
1538 3626 1569 3679 et
1589 3617 1672 3680 hene
1694 3614 1735 3677 de

410 3732 480 3773 sese
505 3711 659 3784 iudicare,
682 3719 823 3774 statuens
845 3712 924 3774 nihil
947 3728 1042 3794 posse
1063 3711 1136 3772 mali
1160 3711 1300 3775 incidere
1322 3712 1467 3795 sapienti.
1498 3712 1548 3773 Ex
1562 3731 1627 3795 quo
1643 3708 1771 3772 intel-at

409 3805 525 3887 legitur
555 3805 639 3866 idem
669 3805 764 3877 illud,
795 3807 898 3868 solum
923 3806 1043 3869 bonum
1066 3824 1137 3867 esse
1160 3806 1246 3888 quod
1267 3806 1436 3869 honestum
1458 3806 1515 3879 sit,
1544 3806 1642 3889 idque
1664 3824 1734 3867 esso

410 3899 502 3963 lneate
524 3899 648 3971 vivero,
670 3898 822 3973 honeste,
845 3900 877 3961 id
901 3907 950 3962 est
971 3921 1042 3962 cum
1063 3900 1194 3973 virtute,
1218 3901 1334 3962 vivere.

494 3992 549 4054 lx.
571 3988 622 4052 30.
656 3994 720 4055 Neo
748 4013 824 4056 vero
862 3994 974 4076 ignoro
1003 3994 1105 4056 varias
1133 3994 1396 4076 pbilosophorum
1425 3994 1525 4057 luisse
1553 3994 1735 4066 sententias,

408 4106 517 4150 eorum
542 4086 629 4157 dico,
654 4087 708 4169 qui
731 4108 887 4150 summum
909 4089 1045 4160 bonum,
1069 4086 1154 4170 quod
1176 4087 1321 4149 ultimum
1338 4088 1483 4169 appello,
1504 4088 1536 4149 in
1554 4088 1657 4150 animo
1680 4107 1735 4169 po·

409 4188 529 4242 nerent
568 4179 657 4255 Quae
679 4200 870 4263 quamquam
903 4183 1012 4244 vitiose
1035 4180 1165 4263 quidam
1187 4181 1285 4241 secuti
1309 4188 1397 4253 sunt,
1428 4191 1531 4243 tamen
1554 4201 1617 4244 non
1639 4180 1771 4243 modoso

407 4276 447 4336 iis
469 4274 582 4346 tribus,
605 4273 660 4354 qui
684 4275 829 4335 virtutem
854 4296 872 4336 a
895 4295 1017 4337 summo
1040 4275 1124 4335 bono
1147 4280 1408 4354 segregaverunt,
1431 4294 1502 4336 oum
1523 4283 1576 4337 aut
1590 4275 1735 4357 volupta-

408 4378 471 4431 tem
494 4377 549 4430 aut
571 4368 756 4429 vacuitatem
782 4368 902 4430 doloris
924 4378 978 4430 aut
1000 4369 1102 4449 prima
1126 4376 1254 4429 naturae
1271 4367 1302 4427 in
1319 4369 1447 4429 summis
1464 4367 1555 4430 bonis
1571 4376 1734 4450 ponerent,

409 4461 464 4524 sed
488 4462 582 4524 etiam
605 4461 712 4522 alteris
734 4463 852 4534 tribus,
877 4464 931 4544 qui
953 4481 1094 4524 mancam
1118 4461 1185 4522 iore
1209 4468 1398 4542 putaverunt
1420 4461 1489 4523 sine
1508 4461 1615 4543 aliqua
1630 4481 1735 4524 acces·

409 4558 497 4617 sione
531 4556 677 4616 virtutem
708 4556 748 4617 oh
780 4576 913 4637 eamque
941 4576 1006 4617 rem
1036 4557 1127 4617 trium
1159 4575 1407 4629 serumserum,
1437 4575 1517 4637 quas
1539 4574 1634 4637 supra
1656 4554 1733 4627 dixi,

409 4648 525 4729 singuli
556 4648 697 4729 singulas
726 4649 930 4723 addiderunt,
959 4650 1009 4711 his
1039 4658 1144 4712 tamen
1173 4651 1318 4712 omnibus
1342 4669 1395 4712 eos
1417 4660 1593 4732 antepono,
1617 4648 1771 4713 euicui-m

409 4743 494 4805 modi
526 4750 616 4814 sunt,
648 4743 702 4825 qui
733 4764 888 4805 summum
917 4745 1033 4807 honum
1057 4744 1091 4805 in
1114 4743 1218 4806 animo
1241 4752 1335 4826 atque
1358 4745 1391 4806 in
1414 4744 1528 4806 virtute
1550 4753 1733 4827 posuerunt.

473 5015 498 5063 Β.
517 5028 566 5063 esse
583 5013 805 5077 poslbonumom.
821 5014 879 5062 Β-
899 5014 1000 5073 aliquod
1017 5016 1036 5064 Β
1050 5041 1075 5050 -
1097 5016 1121 5065 3.
1134 5018 1165 5065 sit
1182 5031 1235 5067 orn.
1254 5019 1275 5067 D
1292 5044 1315 5053 -
1338 5023 1383 5066 out
1399 5020 1562 5079 ecpctendum
1579 5032 1631 5069 om.
1646 5020 1691 5069 ΒΒ
1706 5048 1729 5055 -

409 5089 433 5139 4.
452 5090 484 5150 et]
500 5089 558 5138 tort.
573 5090 647 5136 etium
661 5114 687 5123 -
708 5089 733 5134 id
750 5094 833 5135 natm:
844 5113 857 5122 ·
867 5114 880 5123 -
892 5087 981 5136 bonum
997 5091 1028 5137 sit
1045 5103 1099 5138 om.
1114 5092 1132 5140 Β
1147 5118 1174 5127 -
1194 5092 1216 5140 6.
1231 5093 1260 5140 ds
1276 5106 1325 5140 non
1340 5091 1413 5140 beato
1425 5092 1581 5155 Madvigius:
1601 5108 1649 5143 non
1662 5094 1734 5143 bento

410 5169 469 5224 tom.
483 5166 520 5219 del
540 5166 573 5214 B:
591 5179 640 5211 non
658 5165 687 5210 de
704 5164 775 5210 teoto
793 5164 842 5211 AO
856 5187 882 5197 -
903 5165 926 5211 i.
941 5166 997 5227 quo]
1011 5179 1062 5225 quo
1080 5169 1098 5214 Α
1111 5167 1129 5215 Β
1141 5168 1159 5214 C
1171 5168 1192 5216 D
1208 5194 1232 5203 -
1253 5167 1378 5229 gloriatio.
1397 5183 1428 5217 ne
1443 5175 1470 5217 ut
1487 5170 1576 5219 ΑΒ-
1596 5171 1620 5221 8.
1633 5172 1734 5234 diqnum

409 5241 428 5289 Β
449 5267 475 5276 -
493 5242 571 5292 nilum
589 5251 641 5287 om.
663 5238 680 5286 Β
699 5241 759 5297 (non
779 5238 805 5291 El
826 5263 853 5273 -
871 5239 946 5297 possit
964 5240 1025 5288 ali:
1048 5242 1125 5300 possit
1142 5243 1240 5301 quidem
1258 5243 1308 5291 ΒΟ
1325 5269 1358 5280 -
1380 5243 1403 5292 9.
1422 5244 1446 5293 lt.
1464 5246 1516 5293 nilo
1534 5245 1606 5293 demo
1622 5247 1653 5294 sit
1671 5248 1732 5305 lom.

408 5316 467 5373 nitu)
486 5316 507 5363 Β
524 5339 557 5349 -
573 5314 602 5375 is]
620 5315 641 5361 si
659 5313 719 5361 Β-
739 5314 777 5360 44.
792 5312 821 5359 ol>
839 5314 980 5362 Manutius:
1001 5316 1110 5365 cdlii:
1130 5316 1161 5364 ab
1175 5315 1230 5364 ualli
1245 5317 1366 5366 codices·
1384 5331 1426 5381 ep.
1441 5318 1576 5369 llorelium
1592 5347 1618 5356 -
1638 5321 1676 5368 ta.
1690 5321 1734 5368 io·

408 5390 507 5452 aestate]
525 5391 622 5437 noneste
638 5389 718 5437 AB-
738 5389 776 5436 43.
798 5390 862 5449 Quid
879 5391 955 5436 cumo?
972 5394 1092 5451 nequrine
1109 5392 1158 5440 ulto
1170 5393 1305 5441 Davisius:
1326 5395 1397 5454 Quod
1413 5407 1474 5443 uero
1491 5397 1579 5458 neqori
1591 5395 1658 5443 nullo
1671 5397 1732 5452 AG:

410 5466 473 5523 quod
493 5477 552 5511 uero
575 5464 663 5525 neani
685 5464 760 5510 elium
782 5465 849 5511 nullo
868 5464 901 5513 D:
929 5466 971 5524 qui
994 5479 1054 5514 uero
1074 5468 1163 5527 nequii
1185 5468 1252 5515 nullo
1275 5469 1308 5521 B:
1333 5470 1382 5528 Qut
1401 5483 1459 5518 vero
1480 5472 1569 5533 nequri
1590 5471 1640 5518 ullo
1661 5471 1681 5519 0
1704 5496 1731 5505 -

412 5539 448 5587 44.
467 5551 604 5597 numquam
628 5538 786 5599 Madvigius:
814 5552 866 5587 om.
892 5539 970 5587 codd.
997 5566 1023 5575 -
1051 5554 1175 5601 qucquam
1194 5542 1212 5590 E
1233 5568 1259 5577 -
1286 5547 1487 5605 etmoqnoom.
1508 5546 1575 5593 D-
1603 5545 1642 5593 49.
1661 5551 1736 5605 utque

409 5613 619 5674 {orti--mnqno
636 5616 720 5659 animo
738 5619 772 5672 (v.
791 5615 833 5671 ΒΞ)
852 5626 905 5662 om.
924 5616 944 5662 Α
964 5640 989 5649 -
1016 5617 1047 5664 944
1075 5616 1172 5678 cadmo]
1191 5618 1311 5666 comasii
1332 5643 1358 5653 -
1378 5618 1417 5682 uc]
1435 5623 1462 5666 at
1480 5619 1498 5668 E
1517 5644 1544 5654 -
1563 5617 1603 5668 ri.
1623 5633 1653 5667 oc
1670 5621 1733 5669 AB:

410 5689 468 5736 eto
489 5715 515 5724 -
541 5690 582 5736 26.
602 5688 673 5751 idem]
692 5689 717 5734 id
734 5695 767 5735 est
786 5690 803 5738 D
823 5715 849 5723 -
877 5690 916 5737 ii.
936 5690 1033 5738 noneste
1049 5703 1102 5738 om.
1122 5691 1141 5739 Β
1162 5717 1188 5726 -
1212 5692 1252 5741 29.
1272 5699 1532 5756 eomm--ponercnt
1549 5694 1647 5744 Nonius
1665 5696 1735 5743 llar-

411 5761 491 5811 cellus
509 5776 535 5825 p.
555 5763 610 5812 itt.
634 5790 659 5797 -
680 5764 807 5822 appellunt
825 5764 922 5813 Nonius
942 5792 969 5799 -
989 5766 1028 5814 ³0.
1050 5767 1120 5825 Quae
1136 5767 1170 5813 A:
1190 5779 1237 5825 que
1254 5769 1286 5821 Β;
1307 5770 1374 5829 Quos
1391 5770 1430 5827 M3
1455 5769 1557 5829 orioro
1577 5792 1602 5802 -
1623 5769 1733 5834 quidum]

411 5840 505 5897 quidem
525 5840 542 5888 Β
562 5864 587 5873 -
608 5838 647 5885 34.
668 5837 706 5898 iis]
725 5839 762 5884 lis
779 5839 857 5887 ΑΒΟ
877 5865 902 5875 -
923 5839 962 5888 33.
981 5842 1022 5888 :ed
1039 5842 1114 5888 etium
1126 5864 1162 5875 —-
1174 5841 1289 5889 virtutem
1307 5844 1404 5892 Nonius
1422 5857 1447 5906 p.
1467 5842 1523 5891 444.
1538 5866 1565 5876 -
1585 5842 1625 5891 35.
1644 5845 1735 5906 :inquii

411 5913 437 5961 P.
457 5912 553 5962 Faber:
573 5914 676 5975 sinqntir
693 5913 770 5961 codd.
786 5914 873 5971 (etiarn
888 5914 913 5972 E)
933 5939 959 5948 -
980 5920 1102 5973 antepono
1119 5916 1266 5965 cuicuimodi
1284 5917 1440 5967 Lambinus:
1458 5922 1517 5966 onte
1531 5918 1601 5977 potui
1616 5920 1684 5967 modi
1695 5922 1731 5979 A:

411 5994 531 6049 antepono
547 5989 654 6037 ouunodi
671 5989 704 6045 Β;
723 5993 845 6049 antepono
862 5990 998 6038 cuiusmodi
1014 5990 1097 6038 ceteri
1114 5988 1193 6039 codd.
