4342 7459
443 1231 506 1301 880
981 1237 1035 1302 llll
1056 1237 1227 1302 LEGIBUS
1283 1250 1284 1253 ’

444 1398 494 1462 dis
514 1395 732 1460 inmortalibus
754 1402 828 1459 sunt
848 1396 941 1459 nobis
963 1396 1078 1479 agendi
1101 1397 1255 1481 capienda
1277 1397 1458 1480 primordia.
1507 1394 1539 1461 8.
1573 1398 1611 1477 Q.
1641 1398 1773 1484 Optime

443 1512 535 1566 rero,
557 1490 670 1565 irater,
692 1496 724 1553 et
745 1486 811 1552 lieri
834 1490 880 1553 sic
903 1490 1003 1553 decet.

528 1585 581 1648 1v.
610 1584 652 1648 Μ
680 1583 853 1647 Videamus
874 1584 972 1665 igitur
994 1605 1120 1659 rursus,
1150 1587 1236 1669 prius
1259 1606 1354 1668 qnam
1377 1586 1599 1669 adgrediamur
1619 1588 1662 1652 ad
1684 1589 1774 1673 leges

443 1680 598 1763 singulas,
620 1676 683 1741 rim
704 1687 915 1760 naturamque
937 1679 1032 1761 legis,
1055 1699 1104 1753 ne,
1128 1699 1224 1762 quom
1246 1678 1414 1743 referenda
1435 1682 1499 1744 sint
1520 1682 1560 1745 ad
1583 1701 1654 1747 earn
1678 1684 1774 1747 nobis

418 1774 559 1849 somnia,
582 1773 724 1835 labamur
743 1772 900 1835 interdum
923 1791 1029 1835 errore
1051 1773 1207 1836 sermonis
1230 1773 1479 1858 ignoremusque
1497 1775 1558 1839 vim
1574 1777 1657 1851 eius,
1673 1796 1775 1861 quom

441 1869 511 1931 iura
533 1866 627 1930 nobis
649 1866 829 1930 definienda
850 1874 933 1929 sunt
979 1866 1015 1944 Q.
1044 1868 1127 1929 Sane
1150 1866 1278 1950 quidem
1300 1868 1446 1944 hercule,
1476 1878 1508 1933 et
1530 1878 1579 1933 est
1599 1872 1660 1935 ista
1684 1878 1774 1935 recta

442 1960 577 2026 docendi
600 1960 660 2022 via.
704 1961 746 2022 M.
773 1960 863 2023 Hanc
884 1960 981 2042 igitur
1002 1960 1096 2024 video
1118 1962 1425 2044 sapientissimorum
1447 1962 1546 2027 luisse
1569 1966 1773 2039 seutentiam,

441 2056 542 2138 legem
573 2073 678 2137 nequa
709 2053 873 2116 bominum
901 2054 1039 2136 ingeniis
1069 2055 1279 2138 excogitatam
1308 2076 1368 2120 nec
1398 2057 1510 2120 scitum
1540 2056 1672 2143 aliquod
1703 2077 1774 2122 esse

440 2149 649 2234 populorum,
675 2148 731 2211 sed
760 2155 925 2211 aeternum
954 2147 1122 2231 quiddam,
1151 2149 1236 2230 qnod
1264 2151 1446 2215 universum
1469 2152 1622 2216 mundum
1646 2160 1773 2238 regeret

403 2241 617 2325 coimperandi
644 2240 899 2325 prohibendique
927 2242 1094 2324 sapientia.
1139 2242 1188 2305 lta
1209 2243 1384 2326 principem
1407 2244 1510 2327 legem
1534 2245 1621 2310 illam
1644 2255 1678 2310 et
1700 2246 1773 2311 ulti·

441 2356 525 2400 mam
545 2343 682 2398 mentem
704 2354 774 2399 esse
797 2336 944 2399 dicebant
965 2335 1071 2398 omnia
1094 2336 1214 2399 ratione
1236 2344 1291 2399 aut
1313 2338 1456 2420 cogentis
1478 2346 1534 2401 aut
1549 2343 1690 2404 vetantis
1703 2340 1772 2403 dei:

441 2451 482 2494 ex
504 2449 567 2513 qua
587 2429 642 2493 illa
663 2429 734 2503 lex,
764 2449 859 2512 quam
884 2430 917 2492 di
946 2428 1084 2492 humano
1107 2430 1217 2512 generi
1239 2430 1413 2506 dederunt,
1444 2440 1529 2495 reete
1552 2440 1603 2496 est
1622 2432 1771 2511 laudata;

441 2532 490 2589 est
510 2524 596 2588 enim
617 2524 698 2586 ratio
723 2543 877 2606 mensque
900 2523 1053 2606 sapientis
1075 2523 1117 2586 ad
1138 2522 1311 2587 iubendum
1334 2532 1367 2587 et
1388 2526 1427 2588 ad
1453 2524 1678 2590 deterrendum
1701 2527 1771 2592 ido·

441 2636 511 2682 nea.
560 2614 591 2680 9.
622 2617 658 2695 Q.
686 2616 887 2700 Aliquotiens
908 2618 971 2679 iam
993 2616 1053 2680 iste
1075 2616 1165 2680 locus
1186 2638 1205 2680 a
1226 2624 1257 2680 te
1279 2625 1383 2681 metus
1404 2627 1469 2681 est:
1498 2617 1652 2684 sedante
1675 2641 1771 2705 quam

404 2730 433 2778 to
441 2712 480 2776 ad
502 2712 672 2794 populares
693 2710 780 2794 leges
802 2711 926 2784 venias,
956 2711 1019 2773 sim
1039 2711 1131 2773 istius
1154 2711 1300 2774 caelestis
1321 2711 1401 2793 legis
1424 2710 1576 2795 explana,
1605 2714 1632 2776 si
1655 2715 1771 2798 placet,

440 2826 481 2870 ne
510 2812 617 2868 aestus
644 2824 704 2868 nos
735 2804 972 2868 consuetudinis
1001 2804 1169 2868 absorbeat
1198 2813 1230 2868 et
1259 2806 1298 2868 ad
1328 2807 1486 2869 sermonis
1515 2827 1637 2872 morem
1661 2811 1771 2875 usitati

440 2898 554 2963 trabat.
596 2900 639 2962 Μ.
667 2900 693 2962 A
715 2900 819 2981 parvis
842 2898 941 2972 enim,
966 2897 1100 2972 Quinte,
1123 2896 1306 2972 didicimus,
1333 2900 1365 2962 si
1393 2900 1431 2963 in
1459 2900 1517 2964 ius
1541 2909 1653 2965 vocat
1675 2912 1771 2986 atque

441 2994 510 3057 eius
533 2991 618 3055 modi
639 2991 726 3075 leges
748 2992 828 3055 alias
850 2992 1023 3055 nominare.
1067 2993 1130 3055 Sed
1153 3013 1229 3055 vero
1252 2993 1395 3076 intellegi
1417 2994 1463 3057 sic
1486 3002 1630 3077 oportet,
1653 3005 1688 3060 et
1708 2996 1770 3061 boe

440 3096 472 3150 et
492 3087 553 3150 alia
575 3087 662 3150 iussa
683 3106 719 3149 ac
740 3086 837 3149 vetita
859 3086 1049 3169 populorum
1072 3087 1135 3148 vim
1158 3087 1274 3149 habere
1304 3086 1343 3149 ad
1366 3095 1452 3151 recte
1474 3086 1557 3151 iacta
1577 3090 1715 3154 vocandi
1736 3099 1770 3153 et

401 3199 459 3247 soa
480 3182 616 3265 peccatis
637 3181 801 3253 avocandi,
824 3199 906 3263 quae
928 3180 975 3242 ris
997 3199 1062 3241 non
1084 3181 1178 3243 modo
1202 3181 1310 3243 senior
1332 3189 1381 3244 est
1402 3201 1498 3266 quam
1521 3192 1609 3247 aetas
1633 3185 1768 3269 populo·

439 3297 507 3339 rum
536 3282 569 3339 et
595 3275 785 3349 civitatium,
812 3274 868 3337 sed
899 3273 1043 3356 aequalis
1072 3273 1160 3336 illius
1189 3274 1313 3337 caelum
1342 3284 1439 3359 atque
1465 3284 1566 3341 terras
1594 3280 1716 3341 tuentis
1737 3286 1769 3343 et

439 3370 579 3453 regentis
606 3368 667 3433 dei.
722 3364 772 3431 to.
806 3371 918 3451 Neque
948 3367 1032 3431 enim
1062 3388 1132 3430 esse
1161 3388 1251 3430 mens
1281 3368 1389 3432 divina
1417 3369 1485 3432 sine
1507 3371 1632 3435 ratione
1653 3380 1767 3456 potest,

439 3484 499 3527 nec
528 3464 608 3527 ratio
639 3463 744 3526 diviua
773 3482 838 3525 non
867 3463 948 3525 banc
977 3461 1040 3524 vim
1070 3462 1104 3523 in
1135 3463 1229 3525 rectis
1260 3463 1430 3545 pravisque
1458 3463 1639 3528 sanciendis
1659 3464 1765 3540 babet,

439 3578 514 3633 nee,
543 3557 620 3641 quia
646 3576 804 3639 nusquam
834 3564 902 3619 erat
923 3555 1094 3638 scriptum,
1125 3564 1161 3619 ut
1182 3564 1293 3619 contra
1314 3557 1416 3619 omnis
1438 3557 1579 3621 bostium
1601 3560 1712 3643 copias
1732 3561 1765 3623 in

401 3660 537 3735 seponto
566 3670 649 3713 unus
678 3649 846 3713 adsisteret
874 3668 894 3712 a
921 3657 1075 3732 tergoque
1106 3658 1235 3732 pontem
1262 3650 1448 3714 interscindi
1476 3651 1619 3727 iuberet,
1646 3653 1765 3717 idcirco

438 3746 543 3808 minus
566 3744 716 3807 Coclitem
738 3743 829 3806 illum
851 3763 916 3806 rem
939 3744 1074 3826 gessisse
1097 3751 1214 3806 tantam
1237 3743 1433 3807 fortitudinis
1455 3744 1525 3826 lege
1547 3754 1645 3829 atque
1667 3748 1766 3832 impc-

438 3840 486 3902 rio
507 3837 702 3923 putabimus,
731 3856 805 3912 nec,
833 3839 860 3900 si
882 3847 1033 3919 regnante
1056 3838 1091 3900 L.
1107 3838 1281 3922 Tarquinio
1312 3838 1400 3901 nulla
1422 3846 1489 3901 erat
1510 3838 1629 3902 llomae
1650 3841 1767 3925 scripta

438 3931 492 3995 lex
514 3932 554 3995 de
576 3932 710 4014 stupris,
739 3932 858 3995 idcirco
888 3924 953 3994 non
982 3940 1091 3995 contra
1118 3932 1204 3995 illam
1226 3932 1327 4015 legem
1350 3933 1575 4015 sempiternam
1598 3934 1673 3997 Sex.
1689 3936 1765 3999 Tar·

440 4026 572 4110 quinius
594 4026 656 4089 vim
679 4026 861 4101 lucretiae,
884 4024 1062 4107 Tricipitini
1085 4022 1184 4099 tiliae,
1211 4026 1341 4093 attulit..
1370 4027 1444 4090 Erat
1466 4028 1550 4089 euim
1571 4028 1670 4104 ratio,
1692 4049 1765 4114 pro·

504 4291 527 4339 4.
545 4288 644 4352 apeuda
661 4287 682 4337 Η
702 4313 729 4323 -
748 4285 773 4337 4.
791 4300 822 4336 oe
837 4299 894 4335 oum
911 4286 941 4335 Μ
958 4309 986 4321 -
1005 4288 1029 4336 s.
1048 4286 1239 4350 {pateremurque
1253 4288 1304 4337 uim
1320 4289 1373 4337 eius
1396 4287 1500 4352 (legis),
1528 4301 1604 4353 quom
1621 4290 1681 4340 iura
1697 4289 1765 4340 uobis

437 4366 575 4429 &fluendo
590 4370 647 4413 suat
669 4364 775 4427 scripsi:
802 4363 993 4425 ipocrunusque
1013 4363 1065 4410 uim
1085 4364 1205 4412 sermoms
1221 4364 1274 4413 eius
1291 4377 1339 4425 quo
1357 4365 1435 4425 (qw
1448 4368 1478 4422 A,
1497 4378 1548 4426 qua
1565 4364 1603 4426 Μ)
1621 4365 1682 4414 iura
1697 4364 1764 4414 uobis

437 4442 574 4505 definienda
590 4441 639 4489 siut
655 4440 701 4489 AB
719 4440 801 4488 etsie
818 4439 853 4498 0,
872 4438 920 4487 sed
939 4436 1089 4500 [sermonis];
1113 4439 1229 4499 eiusque
1246 4440 1305 4488 iura
1322 4439 1392 4488 nobis
1408 4440 1552 4503 diffinienda
1568 4443 1619 4490 siot
1635 4441 1657 4490 Η
1676 4440 1763 4490 verbis

436 4517 625 4580 iquorernusqee
639 4515 691 4563 oim
707 4515 826 4563 sermome
842 4514 954 4563 omissis.
992 4514 1044 4561 lam
1063 4511 1104 4561 alii
1122 4514 1147 4561 in
1166 4512 1224 4563 loco
1242 4514 1415 4569 offenderant,
1434 4528 1459 4563 v.
1479 4513 1604 4578 Fsldlriig.
1619 4518 1762 4566 comment.

435 4604 462 4656 p.
474 4590 530 4639 434.
551 4616 578 4626 -
597 4590 621 4638 t.
635 4591 707 4639 uideo
717 4603 750 4639 ea
761 4590 999 4651 sapientissimorum
1014 4590 1090 4649 fuisse
1106 4591 1226 4637 sententia
1243 4589 1397 4652 (renuntiem
1408 4589 1436 4649 B]
1455 4590 1502 4640 BH
1523 4615 1549 4625 -
1569 4590 1593 4640 8.
1607 4592 1682 4640 maun
1695 4592 1716 4642 Η
1735 4614 1760 4627 ·-

436 4665 828 4728 ⁹.pop.sea]poputommquoa
844 4663 909 4724 ΑΜ,
930 4664 1112 4726 ροροὶονοοιᾳ;
1131 4662 1185 4713 ΜΗ
1214 4689 1241 4700 -
1268 4660 1363 4714 muudi
1378 4667 1399 4713 A
1416 4677 1485 4713 corr.
1499 4678 1532 4714 ex
1548 4666 1656 4714 mundns
1676 4691 1702 4700 -
1724 4666 1761 4716 40.

434 4740 616 4802 sapientiamll
636 4766 662 4775 -
682 4741 722 4788 ll.
736 4739 862 4789 dicebatC
883 4767 909 4775 -
928 4739 1082 4789 uastantisit
1101 4765 1133 4774 —
1150 4739 1189 4787 dai
1201 4739 1229 4799 B,
1248 4737 1296 4787 sed
1313 4741 1335 4788 ei
1354 4739 1379 4787 in
1397 4752 1460 4799 ras,
1479 4739 1550 4788 diell
1570 4765 1598 4775 -
1619 4741 1658 4789 tt.
1672 4754 1763 4803 exque

435 4816 570 4872 Davisius3
589 4818 616 4863 at
633 4828 666 4864 ec
682 4827 733 4877 qua
749 4814 867 4864 breviter
884 4814 983 4863 dictum
1002 4816 1043 4864 est
1060 4815 1116 4863 eius
1135 4813 1192 4863 loco
1210 4814 1282 4877 quod
1301 4819 1355 4865 est:
1381 4828 1414 4864 en
1430 4828 1481 4876 qua
1498 4816 1692 4880 (principetepe)
1709 4829 1763 4864 cami

434 4897 492 4940 orta
507 4893 540 4940 sit
557 4894 607 4939 etc.
629 4915 657 4926 -
677 4890 702 4937 di
720 4890 755 4938 il:
774 4890 809 4937 dii
825 4890 898 4939 ABO
917 4891 960 4952 (dii
978 4891 1003 4939 ln
1021 4894 1040 4938 A
1059 4902 1117 4952 sup.
1132 4888 1187 4950 liu,
1205 4891 1225 4937 ii
1242 4891 1260 4939 B
1279 4890 1304 4939 in
1323 4903 1376 4939 ras.
1395 4889 1484 4952 babet)
1504 4917 1531 4927 -
1551 4894 1592 4941 ro.
1611 4893 1672 4956 lepis
1689 4893 1760 4943 Μ-

433 4968 504 5017 aenis
520 4966 578 5016 B¹H
596 4991 624 5000 -
643 4965 749 5026 septena
766 4966 785 5014 B
805 4990 831 4999 -
853 4966 892 5013 46.
906 4965 1033 5014 obsorbeat
1045 4966 1065 5013 Η
1085 4989 1113 4999 -
1133 4963 1222 5015 literas
1240 4967 1296 5015 itali
1313 4965 1397 5014 trabat
1414 4969 1433 5014 A
1452 4965 1478 5014 in
1496 4978 1547 5016 ras.
1563 4965 1653 5016 babet.
1674 4992 1701 5003 -
1721 4966 1760 5015 47.

434 5043 583 5104 eppomisse
598 5042 650 5089 nim
667 5037 705 5100 Μ,
723 5042 870 5102 apparuisse
886 5041 951 5089 mim
969 5042 1004 5100 Η,
1023 5043 1134 5102 apertius
1151 5042 1216 5089 euim
1234 5038 1263 5089 Μ
1280 5044 1307 5090 et
1324 5044 1353 5098 A,
1372 5039 1420 5089 sed
1439 5042 1464 5090 in
1482 5040 1533 5089 hoc
1551 5044 1664 5103 apertius
1680 5044 1722 5091 est
1737 5043 1762 5091 in

433 5128 486 5166 ras.
506 5129 587 5165 manu
604 5119 705 5165 recent.
724 5117 860 5179 scriptum.
896 5114 984 5164 Simile
1003 5117 1095 5164 vitium
1113 5115 1138 5163 in
1156 5113 1237 5164 libril
1256 5114 1289 5163 de
1308 5114 1381 5164 deor.
1402 5118 1454 5163 nat.
1473 5113 1530 5176 58³
1554 5115 1627 5165 Klotz
1645 5119 1672 5165 et
1690 5114 1762 5166 blad-

432 5192 476 5253 vig
493 5193 676 5240 correxerunt.
696 5216 724 5226 -
752 5192 856 5239 dicimus
872 5186 901 5239 Μ
923 5215 950 5225 -
974 5191 1095 5239 iniusti
1115 5204 1183 5239 corr.
1204 5203 1236 5238 ex
1252 5204 1317 5239 uum
1343 5217 1370 5226 -
1398 5194 1564 5252 uocatosque
1580 5196 1608 5239 nt
1629 5192 1672 5253 (ad
1685 5192 1714 5253 ill
1731 5191 1760 5249 C,

433 5266 504 5317 unde
523 5264 678 5328 Feldbiigel:
701 5272 775 5315 uocat
792 5268 827 5315 ito
843 5271 880 5323 et;
903 5268 929 5314 at
945 5279 972 5315 v,
987 5265 1086 5316 Vahlen
1103 5267 1219 5316 Zeitsclrr.
1232 5266 1277 5328 fur
1291 5268 1330 5315 dia
1343 5271 1431 5315 dsterr.
1446 5266 1535 5326 Gumis.
1556 5265 1629 5324 4860,
1650 5280 1675 5329 p.
1689 5266 1713 5315 4.
1733 5290 1758 5303 -

433 5342 473 5392 til.
492 5342 558 5391 alias
573 5343 638 5404 tepet
655 5343 687 5399 0;
706 5342 759 5391 eius
769 5342 837 5390 modi
848 5342 912 5404 tapes
926 5342 990 5390 elias
1001 5342 1065 5404 tepea
1075 5343 1207 5390 nominare
1225 5343 1292 5390 coni.
1309 5339 1443 5400 Heindorl,
1462 5340 1577 5390 Zeitaeltr.
1589 5342 1609 5403 s.
1623 5340 1759 5404 pmebicttt.

432 5416 584 5466 autoutss
604 5418 638 5476 ll,
657 5416 714 5467 tat.
744 5441 770 5452 —
797 5417 976 5464 uomiuaresil
1004 5442 1030 5452 ·-
1059 5418 1099 5466 49.
1118 5417 1235 5465 oimuou
1251 5415 1340 5466 babere
1362 5415 1463 5478 aliquot
1483 5414 1545 5464 edd.
1564 5417 1630 5466 vett.
1649 5418 1676 5465 et
1693 5415 1713 5465 0
1733 5440 1759 5451 -

432 5491 473 5540 20.
492 5487 647 5554 auocaudiq;
665 5492 714 5539 tuis
736 5491 769 5550 B,
791 5491 916 5540 auocaadi
934 5493 1018 5552 quinte
1034 5493 1083 5540 tuis
1106 5492 1127 5540 Η
1157 5516 1183 5526 —-
1215 5492 1336 5541 seniorem
1353 5504 1429 5553 quam
1449 5491 1471 5539 Η
1502 5515 1529 5526 -
1560 5492 1601 5540 st.
1619 5493 1761 5542 ciuitamsss

431 5566 495 5616 All:
522 5567 653 5615 ciuitatem
670 5565 717 5614 ΒΟ
747 5591 774 5601 -
805 5566 900 5614 tuendis
917 5563 946 5615 Μ
976 5589 1002 5601 -
1033 5569 1073 5617 tt.
1093 5569 1157 5617 enim
1174 5581 1242 5618 meus
1258 5570 1346 5617 diuina
1363 5582 1413 5618 essa
1429 5570 1482 5617 siue
1497 5567 1598 5617 ratione
1616 5571 1697 5628 potest
1718 5580 1761 5617 aas

430 5642 498 5691 ratio
515 5642 603 5689 diuina
619 5644 640 5690 A
658 5642 696 5691 sic
713 5641 739 5690 in
758 5638 817 5690 loco
835 5654 912 5690 eraso
930 5641 1042 5691 habeta
1062 5643 1126 5693 mi
1144 5643 1192 5693 scd
1210 5647 1317 5706 antiqua
1338 5670 1365 5680 -
1384 5643 1424 5693 23.
1444 5642 1515 5691 babet
1532 5643 1566 5692 C:
1585 5641 1676 5692 babere
1693 5641 1713 5691 0
1733 5666 1759 5677 —

430 5714 472 5765 st.
490 5720 610 5767 amasso
634 5743 668 5754 -
692 5718 733 5767 st.
751 5717 779 5767 L.
798 5716 952 5766 Turnebus:
972 5731 1025 5767 om.
1044 5719 1133 5777 ΛΒΟ,
1151 5718 1198 5768 sed
1217 5721 1237 5768 A
1255 5719 1280 5767 in
1299 5731 1362 5775 ras..
1380 5720 1408 5767 ut
1424 5719 1449 5780 (i.
1464 5730 1488 5768 e.
1501 5718 1550 5779 uei)
1569 5718 1589 5767 Η
1609 5742 1636 5753 -
1660 5716 1761 5782 Romae]

428 5793 552 5852 proriae
573 5819 596 5828 -
618 5792 659 5841 28.
679 5791 846 5853 tarqui-nius
862 5794 883 5840 A
902 5816 929 5826 -
953 5793 994 5841 29.
1014 5793 1088 5840 malit
1105 5793 1136 5841 A¹
1153 5819 1185 5829 -
1210 5794 1286 5852 ratio,
1297 5794 1410 5855 prosecta
1428 5806 1475 5842 uos
1492 5792 1674 5843 distinximus:
1695 5796 1763 5841 ratic

427 5866 542 5927 profem
557 5867 616 5916 sine
634 5869 769 5917 commate
786 5865 849 5916 edd.
875 5890 902 5900 -
926 5866 1033 5930 proiecti
1049 5881 1136 5917 rerum
1153 5868 1199 5919 ΑΒ
1218 5868 1252 5932 lin
1271 5869 1289 5918 B
1307 5881 1325 5916 a
1342 5881 1401 5933 sup.
1420 5868 1430 5916 i
1447 5866 1530 5929 add),
1547 5867 1661 5931 proiecto
1676 5880 1765 5918 wass

430 5939 493 6003 (tor
509 5941 536 5989 ln
552 5941 616 6004 ras.)
634 5941 666 5991 Η.
