4342 7459
703 1233 771 1297 Lrs.
786 1234 840 1301 III.
870 1233 944 1297 Can.
959 1234 1204 1296 XVI-XVIII.
1232 1231 1279 1318 §S
1294 1230 1442 1319 3t-l0,
1676 1234 1740 1300 ele

406 1398 448 1462 ll.
464 1397 602 1459 Scaurus
625 1394 735 1457 consul
760 1394 935 1467 «Utinam
952 1394 1057 1475 inquit
1075 1396 1136 1457 uld-
1154 1392 1275 1467 Cicero,
1298 1394 1361 1457 isto
1384 1394 1490 1458 animo
1510 1402 1607 1480 atque
1622 1397 1739 1461 virtute

407 1490 440 1552 in
462 1507 640 1552 summare
663 1488 789 1570 publica
812 1488 977 1551 nobiscum
1002 1488 1120 1550 versari
1143 1508 1237 1572 quam
1265 1488 1298 1550 in
1322 1489 1507 1570 municipali
1529 1490 1736 1553 maluissesln

408 1580 458 1646 37.
482 1582 754 1658 Quamobrem,
784 1584 935 1665 quoniam
959 1602 1023 1644 nou
1046 1584 1303 1664 recognoscimus
1327 1604 1411 1646 nunc
1433 1583 1520 1666 leges
1543 1584 1654 1666 populi
1675 1586 1739 1648 no·

408 1676 510 1748 mani,
541 1675 597 1738 sed
627 1684 683 1738 aut
714 1678 887 1760 repetimus
917 1683 1038 1758 ereptas
1067 1686 1123 1738 aut
1150 1697 1248 1740 novae
1271 1678 1458 1751 scribimus,
1488 1698 1554 1740 non
1576 1676 1651 1760 quid
1675 1680 1737 1743 boc

407 1768 524 1853 populo
546 1771 684 1851 optineri
706 1770 822 1851 possit,
844 1770 901 1833 sed
923 1772 1000 1850 quid
1022 1771 1176 1851 optimum
1200 1773 1240 1834 sit
1263 1772 1318 1834 tibi
1341 1772 1510 1835 dicendum
1533 1781 1621 1855 puto.
1657 1773 1761 1836 Namb

409 1863 535 1926 Cassiae
558 1864 639 1945 legis
662 1864 786 1946 culpam
804 1865 911 1946 Scipio
933 1872 1007 1927 tuus
1029 1865 1173 1936 sustinet,
1199 1886 1263 1948 quo
1286 1875 1415 1929 auctore
1438 1866 1501 1929 lata
1524 1884 1594 1928 esse
1611 1864 1736 1928 dicitur.

407 1958 474 2030 Tu,
504 1957 530 2018 si
555 1958 748 2022 tabellarium
771 1958 900 2032 tuleris,
930 1960 998 2038 ipse
1023 1958 1214 2039 praestabis;
1250 1980 1308 2023 nec
1335 1961 1420 2023 enim
1448 1961 1526 2024 mibi
1554 1959 1658 2041 placet
1679 1978 1737 2022 nec

407 2051 511 2113 Attico
534 2060 655 2125 nostro,
678 2062 831 2136 quantum
854 2072 872 2113 e
895 2052 984 2114 vultu
1007 2054 1075 2114 eius
1098 2053 1259 2136 intellego.

490 2144 588 2207 xvir.
618 2147 679 2208 Au.
709 2147 786 2209 Mihi
809 2167 885 2209 vero
909 2147 988 2208 nibil
1010 2168 1159 2230 umquam
1183 2148 1337 2229 populare
1361 2147 1478 2229 placuit
1500 2167 1633 2230 eamque
1656 2147 1737 2229 opti·

407 2258 488 2302 mam
519 2259 585 2301 rem
616 2241 771 2323 publicam
802 2260 872 2303 esse
895 2242 984 2314 dico,
1013 2261 1108 2323 quam
1130 2242 1184 2305 bic
1205 2243 1317 2305 consul
1341 2244 1563 2316 constituerat,
1591 2261 1673 2325 quae
1695 2241 1774 2303 sitto

407 2335 440 2397 in
464 2341 619 2415 potestate
641 2334 844 2414 optimorum.
887 2330 939 2397 38.
961 2337 1004 2398 Μ.
1028 2338 1091 2398 Vos
1114 2337 1260 2419 quidem,
1283 2346 1318 2399 nt
1339 2336 1443 2410 video,
1466 2338 1568 2419 legem
1591 2335 1737 2418 antiqua·

407 2428 464 2490 stis
488 2429 557 2490 sine
580 2428 705 2490 tabella.
750 2427 812 2489 Sed
836 2448 914 2509 ego,
943 2430 1001 2491 etsi
1025 2432 1102 2493 satis
1125 2431 1205 2493 dixit
1226 2450 1283 2512 pro
1305 2451 1340 2493 se
1362 2430 1396 2493 in
1418 2430 1483 2493 illis
1506 2431 1595 2493 libris
1617 2428 1737 2510 Scipio,

407 2530 510 2584 tamen
538 2523 581 2584 ita
610 2522 786 2585 libertatem
815 2522 907 2585 istam
930 2523 1045 2605 largior
1066 2524 1202 2606 populo,
1233 2533 1267 2587 ut
1288 2530 1476 2589 auctoritate
1504 2534 1536 2589 et
1558 2523 1684 2585 valeant
1706 2529 1738 2585 et

406 2624 533 2680 utantur
554 2616 639 2679 boni.
683 2617 735 2679 Sic
757 2617 842 2678 enim
865 2636 883 2679 a
905 2638 954 2680 me
977 2618 1108 2680 recitata
1131 2618 1184 2680 lex
1211 2626 1258 2680 est
1286 2617 1327 2680 de
1356 2618 1531 2702 suffragiis:
1570 2616 1736 2697 optima-

407 2711 512 2775 tibus
542 2719 648 2782 nota,
678 2710 783 2791 plebi
813 2710 936 2774 libera
965 2719 1088 2775 sunto.
1133 2712 1223 2787 Quae
1245 2711 1297 2775 lex
1318 2712 1402 2775 banc
1423 2712 1612 2776 senteutiam
1634 2708 1775 2772 conti-tt

407 2815 478 2879 net,
506 2812 542 2866 ut
564 2824 674 2866 omnes
697 2804 783 2885 leges
806 2806 911 2878 tollat,
942 2826 1024 2889 quae
1052 2815 1163 2888 postea
1191 2806 1271 2868 latae
1294 2814 1385 2880 sunt,
1415 2826 1497 2888 quae
1519 2812 1629 2887 tegunt
1650 2803 1737 2866 omui

408 2900 530 2962 ratione
561 2898 764 2978 suffragium,
794 2918 834 2960 ne
864 2900 937 2980 quis
965 2900 1109 2982 inspiciat
1130 2899 1296 2974 tabellam,
1326 2919 1367 2962 ne
1389 2908 1497 2982 roget,
1525 2920 1566 2962 ue
1586 2897 1736 2981 appellet.

408 2994 524 3056 Pontes
546 2992 642 3055 etiam
665 2992 717 3054 lex
740 2993 839 3055 Maria
860 2991 937 3055 iecit
959 3001 1119 3074 angustos.
1163 2991 1214 3055 39.
1245 2994 1336 3076 Quae
1359 2996 1385 3057 si
1407 2995 1554 3077 opposita
1576 2998 1651 3054 sunt
1670 3009 1737 3053 am·

407 3088 550 3161 biliosis,
580 3096 615 3149 ut
636 3096 709 3148 sunt
729 3085 813 3162 lere,
844 3107 908 3149 nou
930 3088 1148 3169 reprebendo:
1182 3089 1231 3150 sin
1253 3089 1410 3152 valuerint
1432 3097 1552 3151 tantum
1575 3085 1680 3168 leges,
1702 3091 1739 3147 ut
1769 3069 1778 3111 ³

409 3183 533 3245 desinat
554 3180 707 3253 ambitus,
736 3179 850 3242 babeat
879 3200 954 3243 saue
978 3182 1118 3263 populus
1142 3182 1289 3245 tabellam
1312 3182 1404 3265 quasi
1426 3182 1583 3245 vindicem
1610 3178 1776 3245 liberta-tt

408 3276 463 3349 tis,
486 3274 559 3337 dum
583 3274 678 3337 modo
699 3274 778 3337 baec
801 3275 922 3355 optimo
946 3276 1062 3357 cuique
1084 3284 1117 3339 et
1138 3278 1324 3359 gravissimo
1347 3279 1409 3341 ciri
1431 3277 1616 3344 ostendatur
1636 3273 1738 3337 ultro·

408 3388 471 3453 que
493 3368 653 3443 offeratur,
676 3368 767 3430 utin
790 3387 828 3429 eo
852 3369 891 3429 sit
913 3369 983 3449 ipso
1007 3367 1147 3442 libertas,
1170 3370 1202 3432 in
1226 3390 1290 3451 quo
1312 3371 1433 3453 populo
1448 3378 1589 3453 potestas
1602 3367 1738 3431 honeste

407 3463 501 3526 bonis
523 3459 719 3544 gratificandi
742 3460 844 3523 datur.
878 3462 989 3543 quue
1012 3481 1096 3524 nunc
1117 3462 1154 3526 lit
1176 3464 1271 3537 illud,
1295 3463 1380 3548 quod
1403 3472 1468 3528 ate
1484 3462 1591 3538 modo,
1606 3461 1739 3536 Quinte,

411 3556 529 3620 dictum
551 3562 610 3628 est,
633 3563 668 3617 ut
689 3555 794 3617 minus
818 3553 934 3616 multos
957 3553 1073 3617 tabella
1095 3555 1295 3631 condemnet,
1318 3576 1412 3639 quam
1431 3553 1554 3621 solebat
1568 3575 1647 3628 vox,
1663 3555 1738 3640 quia

410 3648 528 3734 populo
559 3649 654 3711 licere
684 3649 763 3711 satis
791 3656 849 3711 est.
899 3648 968 3711 Hoc
997 3658 1121 3713 retento
1151 3651 1275 3733 reliqua
1302 3651 1448 3716 voluntas
1476 3650 1658 3715 auctoritati
1684 3654 1776 3736 ardet

412 3746 533 3827 gratiae
555 3744 697 3808 traditur.
741 3746 868 3827 ltaque,
898 3752 934 3807 ut
962 3746 1103 3807 omittam
1125 3745 1296 3827 largitione
1318 3754 1464 3829 corrupta
1485 3744 1651 3825 suffragia,
1672 3741 1738 3806 nod

409 3839 520 3913 vides,
551 3840 578 3902 si
607 3838 736 3921 quando
765 3839 902 3903 ambitus
930 3839 1039 3912 sileat,
1071 3840 1183 3922 quaeri
1211 3840 1243 3901 in
1266 3836 1426 3921 sullrsgiis
1448 3839 1526 3923 quid
1548 3840 1659 3922 optimi
1681 3837 1740 3901 viri

412 3933 572 3997 sentiant?
617 3932 720 4007 Quam
743 3933 784 3994 ob
806 3953 873 3995 rem
895 3933 965 4015 lege
986 3942 1095 3996 nostra
1116 3934 1270 3997 libertatis
1291 3935 1415 4017 species
1437 3935 1546 4008 datur,
1568 3931 1739 3997 auctoritas

410 4027 565 4090 bonorum
588 4026 758 4099 retinetur,
780 4027 991 4089 contentionis
1014 4046 1108 4089 causa
1130 4026 1259 4090 tollitur.
1526 4093 1529 4099 ,
1632 4097 1634 4102 ,

495 4122 608 4182 xvtlr.
631 4116 682 4181 40.
705 4120 829 4182 Deinde
852 4119 1012 4201 seqnitur,
1035 4121 1153 4202 quibus
1175 4123 1225 4184 ius
1248 4122 1290 4184 sit
1311 4142 1383 4184 cum
1406 4120 1525 4204 populo
1547 4117 1663 4200 agendi
1685 4123 1776 4182 anteo

409 4236 480 4278 cum
503 4223 625 4277 senatu.
669 4214 780 4276 Gravis
809 4222 859 4286 et,
889 4221 923 4276 ut
952 4214 1105 4287 arbitror,
1135 4214 1297 4297 praeclara
1325 4224 1375 4278 est
1402 4214 1472 4277 lex:
1509 4213 1620 4289 Quae
1653 4230 1739 4275 cnm

409 4308 565 4393 populo
594 4327 788 4391 quaeque
816 4308 855 4369 iu
885 4308 1077 4390 patribus
1107 4318 1285 4389 agentur,
1307 4309 1454 4372 modica
1477 4314 1606 4382 sunto,
1634 4306 1740 4370 idest

408 4402 552 4468 modesta
580 4410 675 4485 atque
704 4401 831 4477 sedata;
861 4410 948 4464 actor
970 4402 1054 4464 enim
1076 4402 1257 4465 moderatur
1280 4411 1313 4466 et
1333 4401 1426 4484 lingit
1446 4421 1511 4465 uon
1533 4399 1629 4464 modo
1651 4418 1740 4462 men·

474 4652 498 4701 t.
516 4652 647 4714 utincmp,·
665 4652 746 4715 inquit
763 4655 782 4702 A
802 4652 915 4714 (cumuli
931 4665 1041 4714 numque
1057 4652 1138 4714 inquit
1154 4653 1200 4713 B);
1224 4652 1323 4702 stiuam
1339 4652 1447 4715 qudem,
1464 4651 1547 4716 lnquit
1563 4651 1633 4701 conl.
1651 4651 1740 4701 bloser

411 4753 438 4764 -
457 4726 542 4777 istob
560 4754 592 4763 -
610 4727 692 4789 adque
708 4729 739 4778 A¹
758 4753 786 4764 —
805 4728 829 4778 3.
842 4742 865 4778 r.
875 4742 904 4790 p.
918 4730 1046 4778 Romanae
1062 4728 1128 4778 dett.
1143 4729 1221 4793 pauci
1241 4754 1266 4762 -
1286 4730 1311 4777 b.
1330 4727 1476 4790 optinereB
1495 4751 1522 4762 -
1542 4725 1566 4778 8.
1580 4731 1740 4789 quantum-e

408 4805 439 4865 A,
457 4809 551 4865 quanto
567 4815 606 4852 mc
623 4802 642 4852 B
662 4829 688 4837 -
707 4804 793 4852 cultro
809 4803 869 4864 AB,
888 4803 937 4853 sed
956 4804 982 4854 in
998 4805 1020 4854 A
1037 4817 1049 4854 s
1065 4817 1142 4855 erasa
1161 4832 1188 4841 -
1208 4802 1232 4852 9,
1245 4803 1360 4853 attilium
1373 4816 1450 4866 quam
1465 4798 1497 4853 A¹
1514 4826 1541 4837 -
1559 4800 1739 4864 populurerrril

412 4905 438 4916 -
457 4892 513 4929 eam
529 4878 641 4940 quumB
668 4904 696 4913 -
724 4880 764 4928 40.
784 4879 838 4927 dico
855 4879 914 4928 AB:
934 4880 997 4928 dcco
1015 4880 1035 4929 0
1054 4906 1081 4915 -
1102 4878 1342 4941 repausatorio
1363 4904 1388 4917 -
1407 4891 1452 4929 uos
1468 4878 1567 4941 walen
1584 4874 1736 4926 Turnebus:

408 4954 508 5005 uoadcm
526 4951 555 5002 A¹
565 4950 604 5012 13¹,
622 4966 667 5002 uos
684 4954 782 5003 mum
798 4950 897 5003 A²13²0
925 4981 951 4989 -
981 4954 1022 5004 lb.
1040 4954 1078 5003 ilo
1094 4952 1232 5004 libertatem
1247 4956 1323 5004 istam
1339 4952 1425 5004 Klotz:
1443 4952 1493 5003 istu
1510 4951 1648 5003 libertatem
1664 4950 1740 5000 mum

408 5032 428 5079 A
447 5032 507 5079 ante
525 5040 661 5088 rasuram,
674 5022 734 5078 'istri
750 5028 888 5078 libertatem
903 5025 954 5079 istd
970 5029 1005 5087 B,
1029 5038 1105 5069 ⁰⁹00
1116 5028 1254 5080 tiberialem
1270 5030 1344 5079 blora
1361 5024 1401 5090 A¹,
1420 5030 1494 5078 utum
1509 5025 1648 5078 libertatem
1664 5024 1702 5074 ltu
1719 5025 1739 5075 0

408 5117 471 5155 curu
484 5104 630 5153 Goerenzio
648 5128 675 5138 -
693 5106 783 5153 utsA
809 5131 841 5140 -
867 5102 907 5154 tt.
926 5103 996 5153 bonis
1012 5104 1057 5153 AB
1082 5129 1110 5140 -
1138 5104 1177 5155 lb.
1197 5104 1263 5154 tollet
1281 5101 1349 5164 A¹B,
1367 5096 1538 5153 tederetA²0
1558 5127 1585 5138 -
1605 5098 1645 5149 ⁴⁸.
1663 5099 1740 5149 οιίωι

407 5179 429 5228 A
447 5191 482 5228 nr.
497 5179 512 5228 2
530 5178 556 5228 iu
573 5190 665 5228 rasura
686 5205 713 5215 -
733 5179 846 5241 obposita
862 5175 893 5229 A¹
919 5205 947 5214 -
978 5178 1016 5229 ⁴9.
1035 5180 1145 5242 motum]
1161 5184 1245 5229 tumen
1261 5178 1309 5228 AB
1330 5204 1356 5213 —
1383 5183 1412 5228 stt
1428 5178 1524 5229 &dont
1539 5175 1646 5239 scripsi:
1665 5178 1694 5223 ut
1709 5185 1741 5224 ue

408 5254 454 5303 sim
471 5253 526 5314 AB,
545 5251 595 5302 sed
611 5257 631 5302 A
650 5253 761 5303 ethaeo
779 5256 806 5303 et
821 5252 953 5315 syllabam
971 5257 1131 5316 sequentem
1148 5267 1191 5303 cm
1208 5254 1234 5303 iu
1252 5265 1304 5304 ras.
1324 5253 1418 5310 bebet;
1437 5259 1465 5303 ut
1480 5254 1577 5304 neom
1593 5250 1623 5311 0,
1640 5250 1668 5299 ln
1685 5261 1739 5311 qus

407 5327 521 5378 lectione
537 5326 608 5390 vulg.
627 5330 655 5376 et
670 5342 701 5377 ne
718 5329 743 5377 iu
760 5330 892 5378 sententis
909 5328 1079 5377 consecutiva
1097 5328 1220 5378 vitiosum
1237 5331 1279 5377 est
1300 5330 1327 5378 et
1346 5339 1476 5379 numerus
1496 5323 1604 5391 pluralis
1624 5323 1739 5375 nominis

408 5402 524 5453 umbras.
545 5429 572 5438 -
590 5403 632 5453 20.
651 5405 778 5455 studeant
794 5409 815 5455 A
836 5432 862 5440 -
882 5404 1008 5455 libertates
1024 5403 1055 5454 A²
1074 5430 1100 5439 —
1121 5405 1161 5455 Ξῖ.
1179 5410 1208 5454 ul
1223 5405 1250 5453 ic
1267 5417 1295 5453 eo
1312 5403 1467 5455 Turnebus:
1485 5404 1554 5453 utine
1570 5401 1617 5451 AB
1635 5425 1667 5436 -
1683 5397 1740 5463 lpse

409 5477 508 5541 aliquot
525 5477 590 5528 dett.
610 5504 638 5517 -
656 5480 757 5530 bonate
774 5484 795 5530 A
815 5507 842 5516 -
861 5480 902 5529 ll.
918 5482 961 5543 pict
979 5480 1021 5528 ed.
1035 5479 1186 5530 Victoriana
1205 5505 1232 5516 -
1251 5477 1292 5529 ll.
1309 5478 1428 5528 minerii
1451 5501 1478 5512 -
1505 5477 1546 5527 ab.
1564 5475 1626 5526 eutis
1642 5470 1657 5524 i
1672 5476 1694 5525 A
1712 5473 1738 5524 in

409 5566 462 5603 ras.
490 5578 517 5588 -
544 5553 590 5602 boc
605 5569 621 5600 s
635 5571 650 5603 s
666 5561 759 5605 ruente
778 5556 797 5604 A
822 5559 865 5616 tex
883 5554 928 5603 loc
943 5556 1010 5604 enim
1026 5554 1162 5615 retentet),
1188 5554 1233 5603 boc
1250 5553 1407 5603 rereteatoB
1435 5577 1461 5588 -
1489 5551 1529 5601 lb.
1548 5550 1660 5601 truditur
1675 5546 1736 5598 Ab:

410 5627 530 5678 tribuitur
546 5628 726 5691 Wyttenbacb
753 5657 779 5666 -
808 5631 849 5679 ll.
867 5630 969 5679 oidirB
990 5655 1015 5665 -
1036 5630 1097 5692 quid
1113 5625 1155 5680 A²z
1175 5630 1218 5692 qui
1234 5627 1293 5679 A¹n
1314 5655 1342 5665 -
1368 5626 1526 5690 talepore
1547 5650 1573 5662 -
1592 5622 1634 5675 aa.
1650 5622 1740 5673 ratioet

410 5705 476 5754 B-
496 5703 590 5753 lottitor
605 5701 636 5754 A¹
663 5727 691 5740 -
719 5704 759 5753 et.
778 5709 801 5752 et
818 5703 848 5753 A¹
866 5717 935 5753 corr.
955 5717 990 5753 m.
1005 5704 1020 5752 ἲ
1038 5704 1065 5752 in
1081 5704 1124 5752 red
1151 5730 1178 5740 -
1200 5704 1339 5766 mucclam
1355 5707 1391 5753 est
1407 5701 1517 5766 scripsi:
1541 5699 1674 5764 praedm
1690 5695 1738 5747 AB

412 5781 453 5844 tex
467 5780 639 5842 moratores),
658 5783 694 5829 cst
710 5779 797 5828 om.0
816 5806 843 5815 -
864 5793 928 5842 quus
944 5792 1001 5829 cum
1015 5779 1108 5842 populo
1125 5791 1179 5830 om.
1191 5780 1239 5830 An
1259 5804 1287 5816 -
1306 5778 1346 5829 32.
1359 5779 1387 5828 io
1402 5779 1424 5828 A
1441 5790 1500 5842 sup.
1514 5774 1559 5827 lin.
1580 5798 1608 5810 -
1626 5774 1740 5837 opunti?

411 5854 458 5904 AB
477 5880 504 5890 -
524 5855 564 5906 33.
583 5860 658 5919 atque
673 5855 708 5903 nd
724 5854 811 5903 smus
826 5855 846 5904 B
867 5882 894 5891 -
913 5855 1040 5916 castoli,
1058 5857 1123 5906 item
1132 5857 1163 5918 A,
1181 5856 1211 5905 nt
1227 5867 1260 5906 ex
1276 5854 1361 5921 spatio
1378 5852 1496 5916 videtum
1514 5863 1577 5905 nam
1593 5860 1646 5903 vox
1660 5843 1738 5914 plane

412 5931 520 5983 essunt
538 5957 566 5969 -
583 5936 675 5983 merus
690 5929 844 5983 Lambinus.
