4342 7459
446 1212 510 1278 sse
534 1282 537 1287 ,
942 1173 996 1279 os
1017 1214 1287 1279 omulrsous

445 1376 572 1457 potest?
594 1391 718 1437 unusne
739 1372 877 1436 mundus
900 1373 942 1435 sit
963 1394 1003 1437 an
1025 1374 1145 1456 plnres,
1167 1396 1251 1458 qnae
1273 1376 1337 1438 sint
1357 1376 1449 1441 initia
1465 1396 1588 1454 rernm,
1605 1398 1647 1442 ex
1662 1380 1780 1465 quihus

445 1473 618 1529 nascuntur
632 1468 736 1530 omnia
752 1502 792 1516 -·
808 1466 1011 1550 physicorum
1027 1477 1075 1531 est
1091 1470 1151 1532 ista
1166 1470 1335 1552 prudentia
1349 1502 1392 1517 -
1406 1491 1472 1554 qno
1488 1471 1582 1536 modo
1598 1482 1652 1537 aut
1673 1494 1779 1539 men·

445 1562 623 1634 tientem,
638 1580 732 1643 quem
747 1561 951 1641 ψευδόμενον
967 1569 1091 1637 vocant,
1107 1563 1263 1626 dissolvas
1279 1572 1336 1627 ant
1350 1585 1446 1648 quem
1461 1564 1501 1627 nd
1519 1566 1648 1630 modum
1664 1569 1779 1632 soriti

444 1657 634 1720 resistas-
658 1674 772 1738 quem,
795 1656 821 1717 si
844 1674 975 1719 necesse
998 1655 1055 1729 sit,
1083 1656 1196 1718 Latino
1218 1657 1316 1720 verbo
1346 1657 1441 1722 liceat
1466 1661 1695 1725 acervalem
1724 1682 1781 1745 ap·

419 1748 578 1830 spellam.
602 1747 658 1810 sed
681 1747 761 1811 nihil
783 1768 866 1831 opus
888 1758 950 1823 est;
973 1756 1008 1811 ut
1030 1750 1116 1812 enim
1137 1750 1208 1832 ipsa
1230 1750 1484 1835 philosophia
1506 1762 1540 1816 et
1559 1754 1660 1817 multa
1682 1755 1781 1819 rerba

445 1841 655 1916 Graecorum,
685 1842 732 1905 sic
758 1843 916 1906 sorites
947 1843 1024 1906 satis
1046 1844 1160 1907 Latino
1182 1864 1329 1908 sermone
1352 1848 1445 1909 tritus
1467 1855 1579 1910 est-
1601 1869 1677 1931 ergo
1700 1848 1781 1913 baec

444 1956 573 2021 quoqne
607 1934 763 2000 dialectici
798 1936 925 2010 dicent,
959 1957 1022 1999 non
1056 1936 1168 1999 divini.
1212 1937 1324 2013 Quini
1357 1958 1430 2002 cum
1460 1942 1624 2023 quaeritur
1652 1942 1710 2026 qui
1739 1944 1781 2007 sit

443 2033 582 2115 optimus
603 2033 651 2095 rei
671 2028 817 2113 publicae
840 2039 948 2105 status,
971 2050 1054 2114 quae
1078 2030 1180 2113 leges,
1203 2033 1259 2116 qui
1276 2052 1379 2097 mores
1393 2042 1448 2097 aut
1462 2034 1557 2098 utiles
1571 2043 1627 2097 aut
1640 2036 1779 2110 inuh'les,

443 2126 667 2208 haruspicesne
689 2144 730 2188 ex
744 2125 869 2188 Etruria
891 2133 1101 2198 arcessentur,
1124 2143 1164 2187 an
1186 2125 1348 2207 principes
1369 2135 1510 2191 statuent
1533 2138 1566 2192 et
1587 2129 1704 2194 delecti
1719 2130 1779 2194 viri

405 2220 538 2303 inperiti
566 2239 672 2282 rerum
702 2218 866 2282 civilium?
911 2213 961 2280 lh.
995 2217 1091 2293 Quod
1121 2218 1148 2281 si
1173 2238 1233 2283 nec
1254 2239 1363 2283 earum
1385 2240 1490 2284 rernm
1512 2242 1596 2306 quae
1617 2225 1779 2290 subiectae

442 2310 589 2379 sensibus
612 2320 687 2376 sunt
709 2312 774 2376 ulla
796 2312 951 2375 divinatio
973 2319 1032 2386 est,
1054 2330 1113 2375 nec
1129 2332 1238 2375 earum
1253 2332 1335 2396 quae
1350 2310 1469 2377 artibus
1486 2318 1696 2392 eontinentur,
1719 2339 1780 2383 nec

441 2426 550 2472 esrum
578 2425 663 2489 quae
689 2408 722 2470 in
750 2406 953 2490 philosophia
973 2406 1191 2478 disseruntur.
1221 2427 1281 2469 nec
1302 2427 1411 2471 earum
1433 2429 1515 2493 quae
1537 2410 1569 2473 in
1593 2412 1780 2495 republica

442 2509 627 2566 versmtm:
657 2521 792 2585 quarum
813 2520 918 2563 rerum
940 2501 983 2565 sit
1003 2498 1080 2563 nihil
1104 2521 1233 2584 prorsus
1254 2502 1417 2585 intellego.
1454 2505 1534 2567 Nam
1555 2513 1613 2568 aut
1633 2506 1778 2570 omnium

442 2596 537 2664 debet
554 2615 630 2670 ¹esse
651 2603 706 2660 aut
727 2595 838 2677 aliqua
859 2595 888 2658 ei
911 2595 1042 2658 materia
1063 2592 1168 2658 danda
1190 2602 1255 2670 est,
1284 2596 1319 2658 in
1342 2616 1405 2679 gna
1426 2600 1543 2661 versari
1565 2599 1688 2682 possit;
1720 2600 1779 2664 sed

405 2712 501 2762 senec
524 2690 665 2754 omnium
687 2689 841 2753 divinatio
864 2696 928 2763 est,
950 2697 985 2754 ut
1006 2689 1088 2752 ratio
1111 2690 1237 2764 docuit,
1262 2709 1320 2755 nee
1342 2689 1431 2753 locus
1452 2711 1511 2754 nec
1533 2692 1664 2756 materia
1686 2692 1779 2757 inre·

441 2787 549 2860 nitur,
580 2784 633 2848 cui
660 2782 890 2856 divinationem
917 2779 1087 2865 praeficere
1115 2783 1296 2865 possimus:
1329 2783 1401 2847 side
1430 2785 1529 2867 igitur
1556 2804 1597 2849 ne
1624 2785 1714 2850 nulls
1734 2788 1779 2852 sit

441 2878 605 2949 divinatio.
1383 2891 1385 2896 ’

525 2973 563 3035 V.
592 2973 650 3035 Est
670 2968 801 3053 quidam
824 2970 963 3035 Graecus
985 2970 1124 3054 vulgaris
1147 2972 1182 3033 in
1202 2970 1284 3035 hanc
1306 2971 1496 3036 sententian
1519 2994 1649 3037 versus:
1742 3026 1744 3034 .

568 3066 668 3128 liene
696 3064 762 3147 qui
790 3065 989 3138 coniciet,
1018 3072 1150 3129 ratem
1180 3063 1286 3130 bunc
1314 3062 1525 3149 perhibebo
1548 3076 1755 3151 optumum.

402 3165 523 3234 solium
550 3161 647 3244 igitur
673 3166 729 3223 aut
757 3176 841 3240 quae
869 3166 1041 3242 tempestas
1069 3159 1241 3244 inpendent
1269 3158 1352 3222 ratis
1377 3158 1492 3222 melius
1518 3160 1658 3225 coniciet
1679 3182 1776 3246 quam

440 3256 658 3342 gubernatori
687 3260 743 3318 aut
764 3254 865 3316 morbi
889 3261 1033 3318 naturam
1054 3255 1179 3319 acutius
1201 3272 1297 3337 quam
1320 3253 1480 3329 medicus,
1502 3262 1558 3318 eut
1578 3255 1654 3319 belli
1676 3254 1776 3320 admi·

439 3351 660 3416 nistrationem
681 3345 868 3435 prudentius
890 3367 985 3432 quam
1007 3349 1172 3431 inperator
1187 3349 1368 3411 coniectura
1381 3348 1602 3431 adsequetur?
1636 3346 1686 3415 l3.
1711 3350 1775 3415 Sed

439 3445 664 3517 animadverti,
687 3442 816 3517 Quinte,
838 3450 870 3505 te
893 3450 985 3506 caute
1007 3443 1101 3506 stab
1123 3443 1162 3506 iis
1186 3442 1385 3515 coniecturis,
1408 3461 1490 3524 qnae
1504 3440 1659 3507 haberent
1674 3452 1775 3509 artem

438 3549 535 3625 atque
556 3537 774 3623 prudentissi,
803 3545 837 3599 et
856 3536 895 3599 ab
917 3537 956 3600 iis
977 3536 1089 3610 rebus,
1118 3555 1200 3620 quae
1223 3536 1370 3600 sensibus
1391 3543 1447 3600 sut
1467 3536 1608 3601 artificiis
1630 3538 1775 3622 percipe-

400 3645 564 3707 mentur,
585 3631 745 3696 ebducere
766 3630 1012 3703 divinationem,
1034 3649 1170 3713 eamque
1192 3631 1237 3692 ita
1259 3626 1407 3692 delinire:
1443 3632 1672 3694 divinationem
1701 3651 1771 3695 esse

439 3750 549 3797 aarum
578 3744 683 3792 rerum
714 3724 962 3806 praedictionem
992 3731 1024 3787 et
1052 3724 1331 3805 praesensionem,
1365 3744 1448 3807 quae
1477 3731 1585 3791 essent
1611 3724 1773 3790 fortuitae.

438 3826 579 3891 Primum
601 3820 714 3885 eodem
735 3816 920 3881 revolveris.
962 3819 1042 3880 Nam
1070 3825 1102 3880 et
1130 3817 1244 3881 medici
1273 3826 1306 3881 et
1334 3819 1555 3901 gubernatoris
1583 3826 1615 3882 et
1635 3819 1774 3901 impera·

438 3920 517 3983 toris
545 3914 731 3999 praesensio
760 3920 809 3975 est
833 3932 939 3975 rerum
966 3911 1182 3975 fortuitarum.
1228 3915 1311 3976 Num
1337 3913 1432 3994 igitur
1458 3921 1514 3976 aut
1533 3913 1696 3997 haruspex
1715 3919 1774 3976 sst

438 4033 540 4096 augur
561 4018 616 4073 aut
638 4010 718 4073 vatis
741 4008 813 4091 quis
834 4014 890 4069 aut
910 4006 1072 4070 somnians
1093 4007 1207 4070 melius
1222 4007 1401 4080 coniecerit,
1422 4015 1478 4071 aut
1499 4007 1644 4071 emorbo
1660 4026 1772 4070 erasu-

400 4129 429 4174 so
439 4128 510 4171 rum
531 4110 695 4185 aegrotum
728 4111 783 4165 ant
811 4121 829 4165 e
854 4101 996 4184 periculo
1022 4120 1134 4165 navem
1164 4110 1220 4165 aut
1247 4121 1288 4164 ex
1310 4100 1435 4164 insidiis
1458 4102 1650 4174 exercitum,
1675 4118 1771 4185 qnam

440 4201 592 4273 medicus,
614 4218 708 4281 quam
730 4196 933 4279 gubernator,
956 4213 1050 4278 quam
1073 4196 1266 4278 imperatori
1310 4190 1360 4255 ti.
1383 4196 1479 4278 Atqui
1503 4216 1543 4259 ne
1565 4195 1620 4258 illa
1640 4195 1771 4278 quidem

439 4295 610 4360 divinantis
632 4312 703 4355 esse
726 4287 864 4363 dicebas,
887 4297 998 4351 ventos
1019 4296 1074 4350 ant
1096 4289 1211 4351 imbres
1234 4290 1445 4370 inpendentes
1468 4289 1657 4373 quibusdam
1680 4304 1771 4371 prae-

438 4392 555 4453 sentire
583 4386 682 4470 signis
713 4420 755 4432 -
782 4385 817 4445 in
847 4403 911 4466 quo
940 4390 1048 4445 nostra
1078 4386 1234 4464 quaedam
1258 4387 1372 4447 llrntea
1401 4385 1584 4447 memoriter
1604 4403 1623 4446 a
1644 4391 1676 4445 te
1699 4404 1771 4466 pro-

504 4655 527 4703 t.
546 4651 621 4699 unius
631 4660 717 4698 sunus
728 4647 760 4695 sit
776 4641 847 4695 11¹-
866 4645 891 4694 ἱ.
904 4647 1044 4693 ηωοαηειιν
1058 4644 1146 4693 lloser
1162 4642 1255 4693 maluit
1268 4670 1295 4680 -
1315 4643 1358 4709 est]
1371 4650 1394 4693 et
1411 4644 1432 4693 H
1448 4671 1475 4680 -
1494 4644 1532 4693 ita
1544 4646 1564 4693 Α
1578 4671 1605 4680 -
1622 4642 1768 4707 puteanus

438 4730 492 4794 Quo
509 4728 582 4777 modo
599 4724 636 4782 0;
663 4726 689 4771 nt
707 4720 789 4771 verba
807 4731 856 4780 quo
872 4720 1089 4768 modo--resistos
1105 4732 1192 4781 seque
1210 4723 1290 4783 atque
1308 4720 1446 4784 superlore
1464 4732 1560 4770 usurus
1575 4720 1684 4767 morsum
1700 4719 1769 4767 sss..

437 4806 522 4857 munio
539 4816 553 4852 a
572 4798 655 4850 verbo
672 4794 807 4846 divinandi
825 4793 945 4858 pendere
963 4794 1027 4843 mihi
1045 4793 1169 4844 videntur
1192 4819 1219 4831 -
1245 4802 1290 4844 out
1307 4795 1372 4844 AB:
1396 4801 1424 4844 ut
1442 4796 1476 4853 li,
1502 4800 1548 4844 out
1563 4809 1613 4844 oon
1631 4794 1662 4854 V,
1685 4797 1769 4842 om

435 4897 486 4932 sors
504 4877 611 4936 Sauro..
635 4879 718 4924 osten
735 4872 857 4922 Davisius
874 4870 894 4918 0
916 4892 951 4905 -
974 4868 999 4917 3.
1017 4870 1090 4919 soriti
1105 4871 1207 4920 resistss
1230 4896 1257 4907 ·-
1283 4884 1369 4932 guerr,
1387 4871 1408 4919 ri
1424 4882 1519 4919 nmero
1534 4893 1574 4906 -.
1593 4869 1668 4917 amu
1684 4873 1721 4917 ω
1738 4890 1767 4903 .-

436 4970 496 5020 ergo
512 4956 572 5002 boec
589 4960 686 5012 quoque
708 4947 746 4995 sic
770 4940 1011 5007 interpungendum
1035 4955 1095 4992 esse
1118 4944 1208 4995 docuit
1225 4946 1370 5008 Madvigius
1387 4945 1421 4994 sd
1440 4947 1492 4995 Cic.
1518 4944 1551 4994 de
1574 4944 1638 4993 dnn.
1661 4955 1688 5007 p.
1703 4940 1766 4991 tea:

438 5034 491 5094 Quo
507 5029 580 5079 modo
597 5030 681 5074 outcm
692 5048 729 5058 --
740 5018 879 5069 dissolvor?
900 5022 946 5065 out
962 5021 1169 5077 qucumdmodum
1185 5024 1256 5071 soriti
1273 5020 1391 5071 resistes?
1409 5035 1481 5084 quem
1498 5022 1519 5069 si
1536 5023 1587 5069 etc.
1601 5021 1621 5069 0
1635 5044 1663 5054 ·-
1682 5020 1769 5068 sorites

435 5106 526 5157 istcsV
546 5128 572 5138 -
593 5100 616 5150 l.
635 5098 747 5159 quomis
771 5122 798 5131 -
818 5096 842 5143 d.
860 5093 909 5155 ipsi
927 5092 948 5141 ll
968 5116 993 5125 -
1014 5097 1038 5141 et
1054 5096 1141 5146 om.V
1156 5122 1182 5131 -
1202 5097 1227 5147 8.
1246 5103 1291 5147 out
1307 5097 1405 5146 ioutues
1421 5093 1538 5160 snpiin.
1553 5096 1572 5144 B
1587 5122 1613 5131 -
1633 5094 1769 5144 eumue

436 5196 488 5232 nnn
506 5179 592 5229 littera
610 5177 671 5224 ente
689 5186 702 5221 e
718 5183 794 5221 erasa
813 5170 835 5218 Η
854 5193 881 5203 -
903 5167 942 5215 to.
955 5166 1018 5214 osv
1038 5195 1065 5205 -
1086 5173 1126 5219 th.
1144 5185 1189 5221 ,ως
1206 5173 1268 5222 „010
1285 5173 1396 5221 (mm-„m
1412 5185 1470 5235 sup·
1482 5168 1560 5220 ΜΒ
1581 5195 1606 5204 ,
1627 5168 1668 5217 45,
1679 5180 1769 5230 pm,

434 5256 530 5307 suusli
550 5279 575 5287 —
594 5263 625 5300 ne
641 5248 695 5297 utto
712 5245 750 5305 θ’,
768 5259 803 5294 tvi
820 5244 874 5292 “lla
890 5243 920 5301 V.
940 5240 988 5290 sed
1007 5242 1032 5290 in
1051 5257 1135 5310 marg.
1154 5246 1331 5312 adscriptum:
1350 5248 1403 5296 oet:
1421 5247 1493 5296 cuttu
1509 5272 1541 5282 -
1560 5244 1599 5294 ⁴8.
1618 5243 1769 5305 estquidam

436 5332 550 5383 Klotrius
569 5354 595 5363 -
617 5326 728 5376 &uersu
745 5333 799 5370 om.
813 5319 844 5378 V,
864 5317 967 5370 Graccis
984 5315 1075 5369 induit
1093 5322 1214 5371 Davisius
1233 5347 1259 5357 -
1281 5322 1320 5371 49.
1334 5322 1423 5371 conicit
1441 5322 1475 5380 li,
1494 5320 1607 5369 conticiet
1621 5318 1641 5368 0
1657 5344 1682 5352 -
1702 5316 1769 5377 opti·

434 5420 505 5457 suurn
521 5401 633 5454 BHVO
652 5424 680 5436 -
704 5397 746 5446 2⁰·
764 5394 839 5459 Num]
858 5394 919 5444 Ctesi
936 5394 958 5442 ll
978 5417 1005 5427 -
1029 5397 1097 5445 uotis
1113 5397 1212 5446 luit:
1231 5403 1302 5446 untes
1320 5397 1362 5447 VO
1381 5422 1408 5432 -
1428 5396 1541 5445 conticist
1558 5394 1578 5444 0
1596 5417 1623 5428 —
1647 5392 1688 5440 Ξῖ.
1707 5402 1768 5439 cou-

433 5485 557 5534 iecturnm
574 5477 596 5525 H
616 5501 643 5511 -
662 5473 817 5534 mouetur
828 5473 849 5519 Α
862 5494 889 5503 -
909 5470 949 5518 23.
963 5471 1030 5531 ish,
1048 5471 1087 5520 its
1102 5471 1172 5520 BHV
1186 5497 1212 5506 -
1232 5473 1377 5521 coauctoris
1393 5468 1461 5521 B¹V¹
1473 5495 1500 5504 -
1519 5469 1560 5519 hl.
1580 5467 1612 5516 ob
1629 5479 1684 5516 om.
1696 5462 1727 5514 A*
1738 5488 1765 5497 -

434 5555 513 5616 isid,
530 5555 568 5603 lis
585 5547 706 5601 s²eflv
725 5571 752 5581 -
779 5544 891 5607 crtiittiis
907 5549 942 5604 Α;
961 5546 1070 5595 sonuum
1086 5545 1119 5595 ci
1135 5551 1190 5594 orte
1206 5547 1293 5595 comis
1309 5547 1422 5596 Schuetz
1440 5548 1467 5595 et
1483 5546 1584 5601 lloser.
1610 5544 1638 5591 st
1654 5540 1696 5591 isti
1714 5551 1766 5589 non

435 5630 559 5681 viderunt
575 5624 639 5677 alies
656 5634 717 5673 esse
734 5621 901 5671 coniecturas
919 5623 1108 5683 quaeratione
1126 5620 1235 5684 tierent,
1260 5620 1323 5672 elias
1341 5636 1385 5672 res
1402 5634 1471 5686 qnae
1489 5623 1546 5670 srte
1564 5617 1767 5683 perciperentur

438 5732 465 5742 -
484 5705 525 5754 25.
544 5700 706 5751 adduceres
731 5723 758 5733 -
782 5696 881 5760 dificia
897 5697 931 5755 Β,
956 5698 1103 5760 diffinirell
1128 5723 1154 5733 -
1180 5699 1222 5747 et.
1241 5703 1264 5747 et
1281 5701 1342 5746 ente
1360 5697 1448 5747 medici
1464 5708 1544 5759 snprn
1562 5692 1607 5743 lin.
1627 5693 1646 5743 B
1670 5716 1698 5726 -
1723 5687 1763 5739 28.
1875 5698 1877 5704 ·

435 5777 629 5844 Num10umii
649 5800 675 5811 -
695 5772 862 5835 eamberht
882 5797 909 5806 -
934 5773 976 5822 29.
994 5776 1061 5823 uotis
1076 5770 1117 5833 ΑΕ
1134 5779 1205 5823 uates
1222 5771 1360 5825 l²ssliv0
1381 5800 1408 5810 -
1426 5772 1512 5824 morbo
1527 5781 1662 5821 mosum
1678 5769 1699 5816 Α
1715 5763 1765 5816 sed

435 5856 524 5904 crin
541 5864 595 5902 rus.
616 5874 642 5885 -
662 5849 703 5900 30.
721 5848 874 5912 otpericttto
891 5846 930 5908 l),
949 5852 978 5899 ot
993 5850 1163 5913 reperiens
1182 5876 1208 5886 -
1226 5849 1383 5900 auritum
1400 5849 1420 5899 ll
1439 5873 1467 5885 -
1486 5845 1653 5909 armis,
1672 5840 1722 5894 sed
1738 5844 1765 5889 ut

434 5929 662 5979 lnrss.m.sec.
682 5923 1255 5993 -t3.gsssdourers*otsumsmcrttsril.
