4342 7459
664 1264 733 1326 Lus.
755 1261 794 1324 Π.
825 1260 898 1327 Cau.
918 1258 1209 1325 XXXVIII-XI..
1238 1256 1284 1343 §3
1305 1253 1474 1323 itt-tot.
1673 1254 1737 1323 tto

409 1420 499 1504 tique
514 1420 656 1485 ridemus
670 1421 925 1484 constantissime
940 1418 1157 1485 conficientem
1171 1420 1407 1484 vicissitudines
1420 1420 1650 1484 anniversarias
1665 1441 1737 1486 cum

410 1534 532 1578 summa
553 1514 654 1577 salute
677 1522 707 1576 et
728 1513 968 1576 conservatione
989 1535 1095 1577 rerum
1118 1514 1274 1588 omnium,
1302 1513 1483 1577 dubitamus
1506 1512 1585 1597 quin
1611 1533 1650 1577 ea
1671 1534 1737 1576 nou

409 1609 514 1671 solum
544 1608 667 1670 ratione
688 1607 780 1680 liant,
810 1607 866 1669 sed
889 1609 981 1670 etiam
1005 1606 1172 1671 excellenti
1194 1607 1364 1691 divinaque
1386 1607 1531 1670 ratione?
1574 1604 1626 1670 98.
1648 1609 1737 1672 Licet

410 1702 493 1764 euim
516 1702 579 1765 iam
602 1710 721 1763 remota
744 1701 917 1764 subtilitate
940 1702 1122 1784 disputandi
1146 1702 1247 1764 oculis
1263 1702 1402 1785 quodam
1422 1701 1517 1765 modo
1532 1703 1738 1786 contemplari

408 1794 675 1878 pulchritudinem
691 1815 795 1857 rerum
811 1815 929 1869 earum,
951 1816 1030 1877 quas
1053 1797 1160 1858 diviua
1175 1796 1375 1877 providentia
1389 1794 1523 1858 dicimus
1537 1796 1760 1860 constitutaso

494 1890 644 1951 XXXIX.
667 1893 711 1952 Ac
734 1890 889 1971 principio
913 1898 994 1951 terra
1017 1891 1165 1952 universa
1186 1897 1342 1963 cernatur,
1364 1888 1466 1952 locata
1489 1889 1522 1951 in
1543 1889 1646 1953 media
1660 1891 1737 1955 sede

409 1983 535 2057 muudi,
557 1982 659 2046 solida
681 1992 713 2045 et
734 1983 863 2064 globosa
878 1991 910 2046 et
932 1983 1073 2066 nudique
1097 1984 1165 2067 ipsa
1180 1984 1212 2046 iu
1229 2003 1299 2046 sese
1314 1982 1443 2045 nutibus
1458 1983 1525 2045 suis
1540 1983 1737 2065 conglobata,

408 2076 523 2139 vestita
536 2076 684 2150 floribus,
706 2076 829 2151 herbis,
851 2077 1033 2150 arboribus,
1054 2077 1209 2159 frugibus,
1232 2096 1368 2160 quorum
1383 2077 1523 2140 omnium
1543 2077 1738 2143 incredibilis

408 2170 577 2233 multitudo
600 2170 771 2233 insatiabili
788 2171 937 2233 varietate
960 2172 1175 2253 distinguitur.
1207 2169 1297 2232 adae
1312 2168 1373 2232 buc
1388 2168 1520 2232 sontium
1540 2172 1661 2254 gelidas
1683 2194 1738 2257 pe·

407 2266 598 2338 tenuitates,
628 2264 766 2347 liquores
796 2263 975 2347 perlucidos
1004 2265 1158 2338 amnium,
1187 2265 1328 2344 riparum
1357 2263 1489 2326 vestitus
1516 2266 1775 2344 viridissimos,l⁰

408 2357 631 2441 speluncarum
660 2377 815 2421 concavas
844 2358 1045 2430 altitudines,
1079 2377 1229 2421 saxorum
1259 2356 1464 2438 asperitates,
1495 2357 1738 2440 inpendentium

407 2452 560 2514 montium
589 2451 772 2514 altitudines
802 2451 1086 2534 inmensitatesque
1108 2470 1307 2534 camporum
1337 2448 1420 2512 adde
1441 2451 1535 2514 etiam
1558 2455 1737 2519 reconditas

408 2544 477 2607 auri
506 2546 694 2629 argentique
722 2566 818 2608 venas
847 2543 1065 2628 infinitamque
1092 2546 1156 2608 vim
1186 2543 1360 2607 marmoris.
1403 2540 1454 2606 99.
1481 2545 1572 2620 Quae
1601 2568 1676 2613 vero
1707 2556 1739 2614 et

408 2658 504 2723 quam
534 2641 622 2702 varia
649 2658 765 2722 genera
790 2640 962 2703 bestiarum
990 2640 1042 2702 vel
1071 2639 1209 2702 cicurum
1231 2638 1283 2701 vel
1311 2637 1467 2701 terarumt
1497 2641 1552 2724 qui
1574 2642 1738 2709 volucrum

407 2731 517 2815 lapsus
539 2740 634 2816 atque
656 2736 786 2796 cautusl
811 2735 866 2817 qni
889 2732 1045 2815 pecudum
1068 2734 1197 2814 pastusl
1223 2753 1305 2816 quae
1326 2732 1390 2795 vita
1413 2733 1624 2799 silvestriuml
1653 2738 1737 2814 Quid
1746 2745 1775 2793 tn

408 2827 471 2890 iam
494 2827 534 2889 de
555 2827 720 2891 bominum
742 2848 857 2911 genere
879 2828 1008 2890 dicam‘l
1031 2828 1086 2910 qui
1109 2826 1199 2909 quasi
1220 2824 1358 2889 cultores
1379 2833 1479 2890 terrae
1494 2831 1656 2894 constituti
1672 2852 1737 2896 uon

408 2924 570 3006 patiuntur
598 2941 668 2985 eam
697 2943 756 2985 nec
783 2921 966 2985 inmanitate
988 2921 1152 2983 beluarum
1175 2920 1299 2982 etlerari
1320 2920 1548 3003 necsttrpium
1569 2925 1737 3007 asperitate

408 3016 543 3090 vastari,
569 3036 768 3100 quorumque
800 3016 951 3099 operibus
972 3015 1056 3096 agri,
1083 3014 1207 3076 insulae
1229 3014 1386 3095 litoraque
1408 3014 1568 3079 collucent
1588 3017 1739 3085 distincta

409 3112 500 3173 tectis
523 3118 555 3174 et
577 3106 719 3173 urbibus.
754 3108 843 3185 Quae
866 3112 910 3182 si,
932 3117 968 3170 ut
989 3108 1120 3181 animis,
1142 3107 1188 3169 sic
1205 3106 1306 3169 oeulis
1323 3105 1430 3169 videre
1444 3126 1621 3191 possemus,
1640 3133 1737 3179 nemo

409 3212 554 3267 cunctam
575 3203 703 3265 intuens
725 3211 838 3267 terram
862 3203 901 3265 de
916 3202 1024 3264 diviua
1045 3202 1167 3264 ratione
1182 3200 1346 3263 dubitaret
1383 3196 1454 3264 t00.
1477 3203 1516 3266 dt
1531 3224 1606 3267 vero
1621 3215 1775 3291 quautato

411 3298 508 3359 maris
531 3305 579 3360 est
600 3296 804 3380 pulchritudo
819 3299 826 3358 l
852 3316 935 3380 qnae
958 3295 1078 3380 species
1094 3294 1253 3358 universit
1277 3313 1360 3377 quae
1375 3296 1543 3362 multitudo
1557 3307 1588 3361 et
1601 3302 1737 3366 varietas

408 3391 603 3454 insularum!
627 3412 710 3474 quae
731 3392 938 3454 amoenitates
959 3409 1085 3453 orarum
1108 3407 1144 3450 ac
1164 3388 1313 3451 litoruml
1344 3397 1421 3473 quot
1442 3409 1557 3472 genera
1577 3415 1738 3481 quamque

410 3484 549 3567 disparia
571 3486 682 3568 partim
705 3486 951 3553 submersarum.
974 3484 1087 3565 partim
1110 3482 1300 3545 fluitantium
1323 3490 1355 3544 et
1374 3484 1550 3549 innantium
1565 3486 1738 3565 beluarum,

412 3580 526 3664 partim
547 3580 588 3642 ad
612 3599 688 3642 saxa
710 3580 825 3643 nativis
840 3580 929 3642 testis
943 3577 1174 3641 inhaerentium
1190 3578 1197 3637 l
1222 3579 1327 3658 lpsum
1343 3583 1448 3639 autem
1464 3597 1549 3641 mare
1563 3582 1608 3645 sic
1622 3590 1738 3647 terram

413 3681 566 3756 appetens
595 3674 739 3737 litoribus
769 3675 885 3748 cludit,
913 3682 950 3736 ut
977 3691 1041 3734 una
1069 3691 1110 3734 ex
1138 3670 1259 3733 duabus
1287 3670 1407 3733 naturis
1430 3672 1564 3738 conflata
1586 3675 1774 3741 assaturae

412 3763 484 3829 tut.
505 3768 589 3831 Exin
611 3768 688 3831 mari
710 3764 860 3831 finitimus
882 3775 937 3831 aer
957 3766 1010 3830 die
1032 3775 1064 3828 et
1084 3771 1179 3828 nocte
1200 3764 1426 3845 distinguitur,
1449 3766 1540 3851 isque
1562 3776 1627 3832 tum
1649 3769 1738 3836 lusus

412 3871 443 3925 et
466 3868 656 3925 extenuatus
678 3860 811 3924 sublime
833 3860 941 3935 fertur,
963 3870 1027 3923 tum
1046 3868 1152 3922 autem
1167 3866 1332 3921 concretus
1347 3859 1380 3921 iu
1397 3859 1497 3923 nubes
1512 3861 1636 3945 cogitur
1649 3884 1739 3928 umo-

411 3976 542 4038 remque
564 3956 716 4037 eolligens
738 3964 852 4018 terram
873 3962 968 4038 auget
989 3953 1158 4028 imbribus,
1180 3961 1245 4015 tum
1260 3951 1396 4015 effluens
1412 3953 1475 4016 hnc
1489 3961 1521 4018 et
1534 3955 1611 4019 illuc
1626 3966 1739 4022 ventos

411 4048 517 4113 efficit.
563 4050 649 4111 ldem
677 4070 798 4113 annuas
823 4048 974 4131 frigorum
1005 4056 1036 4109 et
1064 4046 1203 4110 calorum
1232 4045 1309 4109 lacit
1333 4047 1501 4110 varietates
1530 4048 1678 4135 idemque
1706 4059 1739 4115 et

411 4145 535 4206 volatus
562 4144 671 4206 alitum
701 4145 834 4205 sustinet
867 4151 899 4205 et
932 4142 1044 4224 spiritu
1073 4140 1185 4203 ductus
1215 4140 1272 4203 alit
1304 4148 1336 4204 et
1366 4149 1520 4205 sustentat
1551 4146 1775 4216 animantesso

412 4239 477 4300 XL.
507 4240 615 4300 lleslat
642 4236 770 4298 ultimus
798 4246 830 4299 et
855 4256 874 4298 a
903 4235 1071 4297 domiciliis
1097 4235 1211 4297 nostris
1233 4234 1404 4298 altissimus
1427 4236 1532 4298 omnia
1554 4238 1684 4321 cingens
1706 4247 1739 4304 et

410 4339 560 4394 coercens
582 4331 661 4393 caeli
684 4330 885 4412 complexus,
908 4330 962 4409 qui
986 4329 1068 4391 idem
1091 4329 1201 4390 aether
1222 4337 1367 4403 vocatur,
1390 4338 1530 4392 extrema
1552 4352 1607 4395 ora
1629 4343 1662 4396 et
1683 4334 1739 4397 de·

411 4426 590 4488 terminatio
606 4425 726 4498 muudi,
741 4426 773 4487 iu
791 4445 854 4508 quo
870 4444 940 4486 cum
956 4422 1197 4486 admirabilitate
1213 4424 1351 4485 maxima
1366 4423 1478 4505 igneae
1492 4422 1612 4487 formae
1627 4447 1738 4489 cursus

411 4520 573 4582 ordinatos
595 4516 758 4580 deliniunt.
803 4514 873 4578 tot.
896 4520 921 4578 E
945 4518 1061 4599 quibus
1083 4517 1147 4591 sol,
1170 4517 1260 4579 euius
1282 4517 1500 4599 magnitudine
1516 4519 1621 4583 multis
1640 4521 1739 4601 parti·

410 4614 469 4676 bus
492 4622 575 4677 terra
596 4620 775 4696 superatur,
798 4613 917 4674 circum
939 4632 1008 4674 eam
1023 4610 1126 4693 ipsam
1142 4611 1293 4686 volvitur,
1316 4612 1407 4693 isque
1422 4612 1529 4676 oriens
1544 4621 1576 4677 et
1589 4614 1775 4679 occidensali

477 4915 500 4963 t.
519 4914 630 4964 videmus
646 4913 790 4976 lladvigius
808 4914 877 4975 (cum
896 4911 1002 4963 dnobus
1018 4911 1097 4963 codd.
1117 4913 1236 4975 Moseril:
1254 4913 1383 4961 uideamus
1399 4910 1451 4962 910
1470 4938 1497 4949 -
1515 4914 1581 4979 cum]
1599 4921 1651 4965 tum
1669 4918 1690 4966 V
1708 4944 1736 4956 —

411 4988 435 5039 ³.
453 4989 582 5039 accedenti
599 4986 638 5039 tt:
664 4990 795 5039 melanto
812 4989 840 5038 0.
864 4988 930 5039 Vide
948 4989 981 5037 ad
1000 5003 1025 5053 p.
1044 4990 1102 5050 275,
1121 4989 1161 5039 to.
1183 5016 1210 5026 -
1233 4988 1256 5039 l.
1275 4988 1409 5037 subtilitate
1427 5001 1495 5038 corr.
1515 5001 1547 5039 ex
1564 4992 1700 5053 suptilitate
1716 4991 1738 5041 V

413 5089 440 5101 -
460 5067 485 5116 tt.
500 5066 637 5126 prudentia
659 5065 677 5113 B
705 5091 729 5101 -
754 5065 778 5112 6.
798 5078 827 5113 ac
849 5064 873 5113 in
896 5077 988 5113 rasura
1011 5067 1032 5115 Α
1058 5091 1084 5100 -
1108 5065 1132 5114 9.
1152 5066 1216 5115 addo
1237 5065 1301 5114 bunc
1322 5065 1461 5128 (expuncta
1480 5063 1526 5113 litt.
1544 5079 1563 5113 a
1579 5066 1638 5116 ead.
1658 5080 1692 5117 m.
1711 5070 1738 5119 et

410 5152 546 5203 superser.
565 5139 653 5199 actm)
671 5139 693 5186 V
712 5164 739 5175 —
762 5139 858 5201 scutum
874 5138 954 5188 ABV
972 5141 1006 5202 tiu
1026 5140 1046 5186 V
1063 5153 1198 5204 superscr.
1216 5141 1225 5190 4
1243 5140 1302 5190 ead.
1322 5141 1370 5199 m.)
1390 5166 1417 5175 -
1441 5139 1481 5187 tt.
1500 5140 1643 5191 latitudines
1659 5143 1738 5193 Lam-

410 5214 506 5273 binus;
531 5216 705 5277 amplitudines
728 5214 902 5264 Heindorfius.
923 5239 950 5249 -
974 5216 1199 5275 inpsncmciumn
1223 5241 1249 5250 -
1274 5213 1313 5265 rt.
1332 5213 1473 5263 uolucrium
1495 5215 1545 5263 BV
1569 5243 1595 5252 -
1619 5219 1660 5267 ts.
1679 5220 1739 5280 quid

410 5293 510 5340 tumn
522 5292 651 5341 &tuarum
673 5290 779 5350 ecserari
799 5303 843 5338 isac
857 5315 892 5325 ·-
905 5293 1006 5338 uastare
1028 5291 1127 5340 Nonius
1145 5305 1170 5354 p.
1185 5292 1241 5340 485.
1260 5316 1292 5325 -
1310 5290 1349 5339 ta.
1370 5290 1429 5351 quid
1446 5290 1518 5351 quasi
1529 5317 1565 5327 ··
1576 5305 1626 5341 non
1641 5296 1739 5354 patitur

409 5367 655 5416 saw-beluarum
676 5366 777 5427 efferari
797 5378 841 5413 aec
863 5365 978 5427 stirpium
995 5370 1131 5427 asperitate
1147 5368 1238 5416 saltari
1255 5367 1353 5416 Nouius
1370 5380 1396 5431 p.
1408 5366 1466 5418 iti.
1487 5392 1514 5404 -
1541 5367 1740 5418 tousuratus

411 5442 499 5505 (priori
517 5441 531 5489 b
548 5453 682 5504 superscr.
697 5453 731 5488 rn.
747 5453 799 5490 rec.
813 5440 836 5500 r)
855 5442 875 5488 Α
895 5466 921 5476 -
938 5443 1061 5502 possimus
1077 5443 1126 5490 AC
1142 5458 1147 5497 ;
1162 5455 1291 5503 possumus
1303 5454 1372 5491 corr.
1385 5442 1577 5503 inpossisnuslt
1599 5468 1624 5477 -
1643 5443 1684 5492 20.
1698 5444 1739 5492 ia-

410 5521 481 5565 tuens
498 5518 640 5579 (superscr.
659 5516 752 5572 coalV
777 5540 803 5550 -
829 5516 858 5564 de
880 5518 1090 5579 superscriptum
1112 5516 1231 5566 babetV
1256 5543 1283 5551 -
1306 5518 1346 5566 tt.
1367 5522 1425 5578 quot
1447 5531 1516 5567 corr.
1536 5530 1568 5565 ex
1585 5517 1651 5578 quod
1668 5517 1690 5564 V
1708 5544 1736 5555 -

410 5591 451 5641 23.
470 5591 514 5639 suo
530 5604 664 5654 superscr.
684 5591 709 5639 in
727 5592 748 5638 rt
768 5616 794 5625 -
812 5592 971 5651 poematium
989 5592 1007 5639 C
1028 5617 1054 5626 -
1079 5590 1119 5640 et.
1138 5591 1330 5641 sacosaaatiuis
1346 5594 1380 5648 Ας
1400 5605 1481 5641 sacas
1496 5592 1606 5641 aaattuis
1624 5604 1692 5642 corr.
1711 5593 1738 5642 iu

411 5680 477 5716 saxo
487 5669 610 5716 scaatiuis
622 5668 640 5715 B
654 5691 680 5700 -
700 5668 740 5716 tt.
754 5666 831 5714 cludit
842 5666 984 5715 Victorius:
1000 5666 1075 5715 eludit
1088 5664 1121 5725 tt;
1141 5667 1230 5716 atussa
1242 5666 1292 5718 alii.
1312 5693 1339 5703 -
1364 5668 1406 5717 26.
1419 5668 1486 5717 emm
1497 5669 1530 5725 B;
1548 5680 1581 5716 aa
1593 5671 1737 5730 (superscr.

411 5743 446 5801 iu)
464 5741 485 5788 V
504 5767 529 5775 —
548 5742 676 5803 ttaitumus
692 5741 714 5789 V
733 5766 760 5776 -
785 5755 830 5790 aar
847 5754 981 5804 superscr.
1000 5756 1035 5791 m.
1055 5755 1110 5792 sec.
1130 5743 1278 5793 recentiore
1296 5744 1321 5793 in
1339 5746 1373 5798 Α;
1392 5756 1445 5793 om.
1464 5743 1484 5793 C
1503 5767 1530 5778 -
1552 5743 1592 5791 rt.
1612 5754 1738 5792 moran-

412 5828 460 5879 que
481 5816 574 5865 ABC:
598 5817 772 5877 tommenqus
794 5829 863 5866 corr.
883 5816 907 5866 iu
930 5816 1105 5879 tumoremque
1122 5818 1156 5876 V;
1182 5818 1357 5879 tumoresque
1374 5818 1422 5866 EO
1447 5843 1473 5852 -
1501 5816 1542 5866 28.
1561 5819 1652 5880 ettuem
1668 5819 1690 5867 Α
1707 5843 1734 5853 -

412 5890 452 5940 94).
471 5892 573 5953 spiritus
590 5893 699 5942 ACEV
717 5894 750 5952 tiu
764 5892 784 5940 V
797 5891 887 5941 ultima
903 5890 951 5941 litt.
966 5897 1048 5952 erasa)
1064 5918 1091 5929 -
1110 5891 1150 5941 32.
1164 5891 1293 5944 solomona
1310 5890 1468 5944 ncEv1-
1489 5891 1532 5955 qui
1548 5889 1622 5956 idem]
1639 5892 1738 5955 quidesse

412 5966 481 6020 Α“-
499 5968 563 6018 bora
580 5966 639 6019 C¹V
660 5995 685 6005 -
706 5967 746 6020 3l.
765 5982 778 6019 e
794 5971 855 6020 auto
872 5967 986 6019 litteram
1003 5979 1109 6019 erasnm
1124 5969 1154 6019 Δ.
