4342 7459
458 1253 500 1322 db
856 1252 1180 1323 acannsssconnu
1200 1253 1381 1322 calonna

520 1425 623 1490 XXX.
646 1421 708 1488 Sed
725 1422 788 1487 hoc
801 1423 930 1489 omitto:
951 1425 1032 1489 illud
1047 1445 1177 1511 quaero,
1198 1426 1226 1490 si
1240 1427 1301 1491 ista
1316 1425 1466 1511 explicari
1481 1445 1546 1490 non
1561 1432 1704 1511 possunt,
1718 1447 1780 1493 nec

457 1541 566 1587 eorum
587 1519 688 1584 ullum
709 1517 859 1583 iudicium
879 1520 1052 1595 invenitur,
1077 1529 1114 1584 ut
1134 1521 1326 1605 respondere
1347 1522 1477 1605 possitis
1498 1541 1617 1586 verane
1637 1542 1679 1587 an
1699 1522 1781 1588 falsa

455 1619 532 1692 sint,
553 1614 608 1679 ubi
630 1621 680 1678 est
699 1614 755 1678 illa
776 1611 934 1680 delinitio:
958 1614 1115 1679 «ecfatum
1138 1634 1208 1679 esse
1227 1615 1280 1691 id,
1302 1616 1387 1700 quod
1403 1624 1458 1680 aut
1471 1637 1581 1681 verum
1595 1622 1650 1681 aut
1663 1617 1780 1681 44144444

454 1712 541 1776 sitia
576 1709 681 1773 Rebus
707 1709 855 1791 sumptis,
884 1709 1054 1793 adiungam
1080 1730 1122 1773 ex
1147 1709 1188 1772 iis
1210 1709 1390 1795 sequendas
1413 1731 1484 1775 esse
1507 1710 1601 1787 alias,
1629 1710 1709 1775 alias
1730 1711 1780 1774 in-

431 1804 648 1891 tprobandas,
677 1823 759 1887 quae
788 1805 852 1867 sint
878 1804 912 1868 in
940 1824 1054 1888 genere
1083 1805 1251 1868 contrario.
1294 1800 1346 1866 96.
1376 1804 1447 1880 Quo
1475 1805 1570 1869 modo
1599 1806 1697 1888 igitur
1717 1806 1780 1869 hoc

453 1899 638 1963 conclusum
665 1919 735 1963 esse
763 1898 911 1962 iudicas?
949 1899 1003 1962 oSi
1031 1898 1111 1961 dicis
1134 1918 1218 1961 nunc
1245 1899 1350 1963 lucere
1372 1907 1403 1962 et
1425 1919 1535 1963 verum
1557 1899 1655 1976 dicis,
1684 1900 1780 1974 loccis

451 1993 528 2056 dicis
548 2002 648 2057 44444444
667 2012 746 2056 acac
767 1994 863 2056 lucere
884 2001 911 2055 44
931 1992 1141 2055 ocrumdicis:
1162 1991 1247 2056 lucet
1262 1993 1387 2076 igitur.»
1419 1994 1563 2057 Probatr's
1577 2000 1663 2058 certe
1678 2014 1778 2077 genus

453 2096 485 2152 et
512 2088 688 2151 rectissime
717 2086 902 2151 conclusum
932 2087 1047 2150 dicitis.
1092 2086 1201 2170 ltaque
1228 2085 1427 2150 indocendo
1450 2088 1681 2172 cumprimum
1703 2108 1779 2152 con·

451 2183 599 2248 cludendi
620 2184 750 2247 modum
770 2181 905 2247 traditis.
943 2182 1005 2245 Aut
1026 2180 1185 2266 quidquid
1209 2180 1307 2264 igitur
1328 2180 1440 2245 eodem
1462 2180 1556 2246 modo
1579 2181 1779 2246 concluditur

414 2286 441 2334 ⁴0
450 2278 640 2360 probabitis,
662 2286 716 2342 aut
737 2297 788 2341 ars
810 2276 871 2340 ista
892 2275 979 2339 nulla
994 2283 1051 2339 est.
1084 2274 1164 2338 Vide
1179 2294 1255 2358 ergo
1276 2275 1359 2339 banc
1373 2275 1612 2340 conclusionem
1625 2275 1778 2360 probatu·

449 2392 547 2437 ruane
569 2374 632 2437 sict
659 2373 694 2437 Si
716 2371 795 2436 dicis
817 2379 849 2435 te
871 2369 998 2433 mentiri
1018 2388 1191 2454 venamque
1212 2369 1310 2445 dicis,
1333 2370 1494 2447 mentiris3
1517 2370 1595 2436 dicis
1617 2378 1722 2436 autem
1744 2377 1776 2435 te

449 2468 576 2532 mentiri
597 2487 770 2551 verumque
792 2463 890 2528 dicis:
913 2462 1054 2527 mentiris
1076 2462 1198 2545 igitur.»
1245 2463 1307 2539 Qui
1328 2471 1418 2547 potes
1439 2465 1521 2529 banc
1541 2486 1608 2530 non
1629 2465 1776 2551 probare,

450 2580 523 2624 cum
544 2561 726 2645 probaveris
749 2560 892 2624 eiusdem
914 2557 1039 2641 generis
1061 2557 1286 2639 superiorem?
1315 2559 1402 2623 llaec
1419 2558 1612 2645 Chrysippea
1626 2568 1712 2637 sunt,
1733 2579 1776 2624 nc

450 2655 490 2719 ab
511 2655 582 2739 ipso
598 2654 728 2740 quidem
742 2654 907 2719 dissoluta.
944 2651 1029 2728 Quid
1045 2652 1129 2716 enim
1144 2652 1261 2717 laceret
1280 2654 1354 2717 huic
1369 2654 1589 2719 conclusioni?
1612 2656 1660 2719 «si
1680 2656 1776 2731 lucet,

412 2747 550 2827 ltlucet3
579 2749 664 2815 lucet
685 2757 807 2814 autem:
838 2748 924 2811 lucet
944 2747 1080 2830 igituno
1105 2746 1232 2812 cederet
1254 2748 1384 2812 scilicet.
1422 2749 1495 2832 lpsa
1516 2750 1601 2814 enim
1621 2750 1703 2815 ratio
1722 2771 1776 2815 co·

447 2844 541 2920 nexi,
571 2864 643 2908 cnm
673 2844 867 2909 concesseris
897 2842 1057 2924 superius,
1085 2841 1171 2925 cogit
1199 2840 1334 2906 inferius
1364 2842 1548 2907 concedere.
1585 2842 1670 2919 Quid
1699 2862 1774 2928 ergo

446 2937 526 3004 baec
546 2939 586 3003 ab
607 2939 665 3004 illa
686 2938 890 3004 conclusione
913 2937 1039 2999 dillertt
1064 2937 1110 3000 osi
1133 2935 1291 3011 mentiris,
1314 2936 1472 3014 mentiris3
1495 2938 1638 3002 mentiris
1653 2943 1774 3002 autem:

448 3035 591 3099 mentiris
613 3036 737 3117 igitur.»
775 3031 846 3095 lloc
866 3050 963 3115 negas
984 3038 1015 3094 te
1036 3050 1131 3115 posse
1153 3052 1212 3095 nec
1226 3031 1401 3115 adprobare
1415 3052 1475 3095 nec
1496 3033 1675 3116 inprobare.
1710 3031 1774 3107 Qui

446 3130 543 3212 igitur
563 3128 663 3211 magis
685 3127 790 3192 illudl
827 3126 861 3189 Si
883 3145 951 3202 ars,
974 3125 1001 3188 si
1023 3126 1122 3199 ratio,
1145 3126 1171 3188 si
1193 3126 1260 3201 via,
1283 3127 1310 3191 si
1331 3126 1379 3190 ris
1402 3126 1542 3211 denique
1560 3126 1773 3190 conclusionis

408 3224 545 3301 ²⁰valet,
568 3223 679 3289 eadem
702 3222 806 3286 estin
827 3227 973 3303 utroque.
1016 3216 1067 3282 97.
1091 3218 1155 3283 Sed
1177 3220 1239 3283 hoc
1253 3227 1428 3285 extremum
1450 3239 1558 3285 eorum
1574 3227 1641 3285 est:
1662 3224 1773 3304 postu·

445 3318 512 3383 lant
534 3325 570 3382 ut
591 3318 790 3401 excipiantur
810 3316 889 3379 baec
911 3314 1159 3397 inexplicabilia.
1192 3315 1367 3378 Tribunum
1388 3314 1526 3399 aliquem
1549 3334 1664 3380 censeo
1681 3312 1773 3378 adhi-

444 3412 556 3476 beant:
578 3432 598 3476 a
619 3432 669 3475 me
691 3412 785 3474 istam
807 3410 1029 3492 exceptionem
1050 3428 1223 3492 numquam
1245 3408 1457 3491 inpetrebunt.
1493 3409 1620 3474 Etenim
1641 3430 1712 3474 cunr
1732 3409 1773 3474 ab

444 3505 597 3591 Epicuro,
620 3507 676 3589 qui
697 3512 794 3568 totam
818 3502 1016 3566 dialecticam
1038 3511 1070 3566 et
1091 3501 1266 3566 contemnit
1279 3510 1311 3565 et
1329 3503 1461 3579 inridet,
1483 3524 1547 3569 non
1562 3504 1723 3588 inpetrent
1737 3510 1773 3567 nt

443 3618 555 3664 verum
589 3619 659 3662 esse
681 3598 849 3671 concedat,
878 3596 964 3680 quod
985 3597 1030 3660 ita
1050 3596 1230 3672 effabimur,
1263 3603 1343 3661 caut
1362 3598 1449 3661 rivet
1469 3618 1538 3663 cras
1559 3597 1771 3663 Hermarchus

405 3700 499 3757 aaut
519 3713 584 3756 non
606 3693 725 3768 vivers
751 3712 821 3755 cum
844 3689 1003 3756 dialectici
1025 3692 1071 3755 sic
1093 3698 1248 3767 statuant,
1270 3711 1380 3767 omne,
1403 3691 1490 3776 quod
1511 3693 1555 3757 ita
1578 3692 1771 3756 disiunctum

442 3787 500 3864 sit,
529 3788 622 3872 quasi
652 3794 725 3851 aaut
747 3787 841 3850 ctiam
864 3794 919 3851 aut
940 3806 1031 3849 nono
1062 3806 1128 3849 non
1150 3785 1245 3850 modo
1267 3807 1375 3850 verum
1398 3806 1487 3863 esse,
1517 3787 1573 3851 sed
1596 3788 1691 3852 etiam
1713 3807 1771 3853 nc·

442 3881 631 3947 cessarium:
652 3881 779 3945 -vide
801 3901 897 3966 quam
918 3880 960 3944 sit
981 3887 1069 3945 catus
1088 3882 1132 3956 is,
1157 3901 1253 3965 quem
1268 3881 1321 3944 isti
1339 3881 1464 3946 tardum
1477 3888 1608 3966 putant3
1632 3882 1658 3945 si
1674 3882 1771 3956 enim,

440 3977 563 4062 inquit,
593 3976 779 4040 alterutrum
800 3995 988 4039 concessero
1011 3975 1225 4040 necessarium
1248 3996 1335 4052 esse,
1366 3996 1497 4040 necesse
1519 3976 1586 4041 erit
1600 3995 1669 4040 cras
1690 3976 1771 4039 Her·

441 4072 605 4135 marchum
633 4077 689 4135 aut
716 4071 821 4135 virere
852 4076 907 4135 aut
932 4090 998 4134 non
1018 4071 1141 4146 rivere3
1169 4070 1257 4134 nulla
1278 4078 1383 4134 auteur
1406 4071 1508 4134 estin
1529 4078 1641 4136 natura
1662 4089 1769 4134 rerum

402 4166 514 4231 ³⁰talis
536 4166 708 4229 necessitas
725 4187 784 4227 -t
807 4185 879 4229 cum
900 4165 962 4228 boc
981 4165 1078 4248 igitur
1094 4164 1249 4228 dialectici
1270 4171 1429 4248 pugnent,
1451 4165 1484 4228 id
1506 4172 1572 4240 est,
1593 4165 1769 4229 Antiochus

399 4325 407 4359 θ
440 4270 473 4325 et
495 4260 611 4336 Stoici3
633 4267 732 4324 totam
755 4258 839 4323 enim
861 4260 974 4324 evertit
996 4259 1203 4323 dialecticem.
1239 4261 1317 4322 Nam
1341 4257 1367 4322 si
1383 4280 1400 4323 e
1415 4260 1582 4323 contrariis
1598 4258 1769 4323 disiunctio

439 4387 482 4403 -
503 4354 660 4419 conuaria
681 4360 787 4419 autem
810 4374 847 4419 ea
861 4353 947 4428 dico,
973 4375 1043 4418 cnm
1062 4355 1196 4419 alterum
1215 4353 1292 4427 aiat,
1314 4353 1450 4417 alterum
1464 4360 1561 4436 neget
1573 4385 1632 4430 -,
1653 4353 1768 4417 situlis

440 4449 611 4514 disiunctio
632 4447 711 4514 falsa
732 4454 838 4534 potest
859 4469 945 4524 csse,
967 4448 1055 4513 nulla
1068 4467 1143 4512 vera
1160 4453 1218 4511 est.
1261 4443 1311 4508 98.
1327 4448 1450 4511 Mecum
1466 4468 1542 4512 vero
1557 4447 1635 4532 qnid
1648 4447 1769 4512 babent

438 4543 560 4621 litium,
590 4544 645 4630 qui
672 4545 812 4627 ipsorum
842 4544 1043 4628 disciplinam
1070 4545 1211 4627 sequor?
1254 4541 1330 4605 Cum
1353 4541 1476 4627 aliquid
1496 4542 1590 4607 buius
1611 4540 1697 4605 modi
1720 4540 1769 4604 in·

400 4638 575 4716 lleiderat,
604 4639 651 4705 sic
677 4638 787 4704 ludere
816 4638 991 4704 Carneades
1020 4637 1159 4702 solebat:
1191 4635 1251 4699 «Si
1274 4641 1362 4700 ‘recte
1385 4636 1542 4713 conclusi,
1571 4645 1683 4701 teneo:
1717 4635 1768 4700 sin

504 4932 527 4980 4.
545 4929 591 4979 boc
607 4929 641 4979 c:
659 4927 720 4979 boec
736 4926 816 4978 EGO
834 4952 861 4963 -
880 4927 905 4977 3.
922 4926 985 4977 utV
1001 4939 1070 4977 corr.
1084 4914 1160 4976 eloi
1177 4952 1204 4961 -
1223 4924 1247 4976 3.
1266 4926 1425 4988 effectuae,
1443 4928 1546 4991 effatam
1562 4926 1631 4977 rv0
1645 4952 1672 4964 -
1691 4924 1768 4977 blais

437 5006 467 5057 Βι
475 5005 536 5056 v10
552 5031 586 5041 -
601 5004 680 5064 4444444,
698 5002 763 5053 ollas
778 5016 831 5053 ru:
849 5002 915 5053 4444444
931 5000 1014 5053 semel
1033 5003 1052 5052 C
1070 5028 1103 5038 —
1120 5001 1145 5052 3.
1163 5001 1274 5051 lucain
1285 5000 1354 5065 444444]
1372 5001 1439 5051 baec
1456 5014 1525 5065 quae
1542 5000 1635 5055 litteris
1652 5003 1680 5053 lu
1697 5000 1766 5053 obil-

437 5092 521 5143 quum
537 5079 622 5129 versis
642 5076 820 5141 imprimenda
836 5077 1000 5138 curavimus,
1025 5075 1127 5127 addidit
1142 5076 1272 5128 Manutius
1290 5076 1347 5138 (sed
1364 5077 1421 5127 sine
1438 5090 1518 5138 444444,
1537 5077 1610 5140 quod
1626 5091 1643 5128 a
1660 5078 1765 5129 Dormio

437 5153 638 5215 adsumsimus);
658 5165 712 5203 orn.
731 5152 781 5203 CO
801 5178 828 5187 —
847 5153 872 5202 9.
889 5152 938 5203 Aut
954 5153 1108 5216 suspectum
1126 5151 1320 5201 Goerenzio-
1336 5151 1489 5213 4444444440
1510 5178 1537 5187 -
1557 5154 1597 5204 40.
1616 5154 1689 5205 uideo
1706 5166 1766 5219 4494

437 5230 457 5279 C
475 5232 503 5279 et
519 5228 581 5279 edd.
594 5228 659 5279 vett.
674 5254 702 5263 -
722 5227 761 5277 44.
774 5227 890 5277 meothis
900 5222 933 5276 V¹
945 5228 1014 5289 (ante
1031 5226 1116 5288 444444),
1132 5227 1234 5276 mentiri
1250 5226 1281 5275 Αί
1290 5223 1320 5276 B¹
1334 5251 1359 5264 -
1380 5225 1421 5276 44.
1434 5230 1514 5288 potere
1529 5226 1590 5277 B¹V
1601 5252 1629 5265 —
1649 5230 1690 5280 43.
1702 5229 1768 5281 locet

436 5306 498 5370 post
513 5304 535 5352 ri
550 5303 614 5353 444444
629 5315 683 5352 om.
702 5301 736 5359 C;
760 5301 879 5353 additum
900 5304 942 5352 est
959 5315 995 5352 m.
1013 5314 1069 5352 sec.
1087 5301 1114 5351 in
1131 5301 1183 5351 AV
1201 5326 1229 5337 -
1248 5300 1304 5350 44444
1324 5301 1403 5365 lpidus
1418 5299 1451 5350 V¹
1469 5327 1497 5336 -
1515 5303 1597 5354 ederet
1612 5304 1642 5356 B¹
1661 5331 1690 5343 -
1708 5318 1767 5355 coo·

435 5379 496 5430 oeci
512 5378 533 5428 0
549 5403 583 5413 -
600 5378 640 5427 46.
660 5377 738 5441 icitur
754 5378 775 5425 G
794 5404 821 5413 -
841 5378 880 5427 44.
899 5377 959 5427 boec
975 5380 1002 5427 et
1018 5378 1059 5428 20.
1077 5382 1113 5427 444
1128 5380 1150 5427 Α
1167 5389 1226 5441 sup.
1244 5373 1289 5426 lin.
1303 5390 1341 5427 m.
1353 5377 1378 5427 4.
1399 5403 1426 5414 -
1444 5377 1486 5428 44.
1505 5377 1638 5429 4444444444
1654 5380 1764 5445 scripsi:

433 5452 551 5504 4444444444
567 5449 610 5512 A¹,
628 5452 730 5501 4444444444
745 5447 845 5513 Α’Βν,
863 5452 956 5502 4444444444
972 5465 1010 5502 rv
1027 5454 1054 5503 et
1070 5452 1093 5501 V
1110 5453 1136 5502 iu
1148 5463 1248 5515 marg.;
1267 5449 1299 5502 cl.
1318 5464 1345 5515 p.
1357 5451 1399 5514 34,
1412 5452 1439 5501 44
1461 5453 1489 5502 et
1505 5466 1543 5503 or.
1563 5467 1590 5518 p.
1602 5454 1668 5505 laub.
1685 5455 1764 5520 perd.

435 5527 509 5592 5²⁰·
529 5551 557 5562 -
575 5526 617 5576 33.
635 5526 786 5588 conmorit
801 5525 832 5577 ΑΙ
850 5551 878 5562 -
897 5527 938 5578 sl.
956 5527 1124 5577 Hennorcbcs
1140 5540 1167 5577 r:
1186 5526 1330 5577 amurcae
1347 5527 1382 5587 C,
1400 5527 1631 5580 4444444444444144.
1650 5532 1763 5583 recentt.

437 5628 465 5639 -
483 5602 524 5653 26.
543 5606 589 5652 44444
604 5603 743 5651 4444444444
760 5603 820 5653 ΑΒ1
839 5629 866 5638 -
885 5603 926 5654 27.
945 5608 1016 5652 444444
1034 5601 1192 5653 Lambinus:
1216 5607 1304 5652 44444444
1320 5603 1369 5653 C0
1389 5629 1416 5639 ·-
1435 5604 1501 5654 euim
1516 5604 1598 5668 becalt
1614 5604 1765 5656 summ
1831 5608 1840 5625 ¹

434 5690 489 5729 om.
508 5677 531 5727 V
549 5703 577 5713 -
595 5677 636 5728 28.
655 5690 762 5728 44444444
779 5678 811 5727 V¹
828 5704 856 5713 -
881 5678 1364 5739 4444444444444144,44444444444444-
1386 5678 1585 5732 3444444444444.
1604 5681 1762 5741 &credda

434 5755 462 5802 at
478 5754 520 5803 cst
536 5750 711 5804 anacoluthon
728 5754 753 5803 ln
772 5755 906 5815 oratione,
924 5767 994 5818 quae
1011 5755 1037 5803 in
1047 5753 1140 5804 verbis
1155 5766 1212 5802 44444
1227 5754 1273 5803 boe
1287 5753 1367 5818 4444444
1382 5753 1417 5804 ad
1433 5754 1599 5820 propositum
1610 5758 1762 5808 revertitur.

437 5853 464 5864 -
478 5828 519 5879 3².
532 5828 586 5879 sint
602 5827 635 5878 b:
654 5829 761 5891 44400,
775 5829 824 5880 sed
836 5828 999 5881 hebetauit
1016 5830 1042 5879 ln
1054 5841 1107 5879 ras.
1124 5854 1151 5865 -
1169 5831 1240 5892 444444
1257 5828 1292 5877 C:
1309 5833 1383 5893 nepot
1400 5828 1494 5881 ocum
1507 5828 1599 5881 hamb.
1612 5856 1645 5869 -
1661 5830 1702 5882 33.
1721 5832 1762 5882 444-

434 5902 562 5953 smenon
583 5929 610 5942 -
633 5902 673 5955 34.
692 5904 813 5955 4444444444
833 5931 860 5942 -
887 5905 928 5956 344.
945 5905 981 5956 ric
1001 5904 1100 5956 cludere
1120 5901 1171 5954 BV
1191 5927 1218 5939 -
1245 5903 1363 5956 4444444444
1381 5916 1440 5958 mo
1456 5904 1531 5972 ΒΨ,
1557 5905 1677 5959 conclusit
1692 5910 1762 5960 meo

435 5978 509 6043 AB2,
526 5977 647 6041 4444444444,
665 5984 689 6031 44
703 5984 772 6033 uoco
788 5979 893 6032 Decies.
