<?xml version="1.0" encoding="UTF-8"?>
<!DOCTYPE html PUBLIC "-//W3C//DTD XHTML 1.0 Transitional//EN"
    "http://www.w3.org/TR/xhtml1/DTD/xhtml1-transitional.dtd">
<html xmlns="http://www.w3.org/1999/xhtml" xml:lang="en" lang="en">
 <head>
  <title>
</title>
<meta http-equiv="Content-Type" content="text/html;charset=utf-8" />
  <meta name='ocr-system' content='tesseract 3.04.00' />
  <meta name='ocr-capabilities' content='ocr_page ocr_carea ocr_par ocr_line ocrx_word'/>
</head>
<body>
  <div class='ocr_page' id='page_1' title='image "./operaquaesupers00halmgoog/operaquaesupers00halmgoog_0419.png"; bbox 0 0 4342 7459; ppageno 0'>
   <div class='ocr_carea' id='block_1_1' title="bbox 792 1266 1744 1355">
    <p class='ocr_par' dir='ltr' id='par_1_1' title="bbox 792 1266 1744 1355">
     <span class='ocr_line' id='line_1_1' title="bbox 792 1266 1744 1355; baseline 0 -19"><span class='ocrx_word' id='word_1_1' title='bbox 792 1273 861 1336; x_wconf 77' lang='lat' dir='ltr'><strong>m.</strong></span> <span class='ocrx_word' id='word_1_2' title='bbox 883 1272 924 1335; x_wconf 90' lang='lat' dir='ltr'><strong>u.</strong></span> <span class='ocrx_word' id='word_1_3' title='bbox 953 1271 1028 1336; x_wconf 72' lang='lat' dir='ltr'><strong>cn».</strong></span> <span class='ocrx_word' id='word_1_4' title='bbox 1049 1270 1158 1335; x_wconf 89' lang='lat' dir='ltr'><strong>1-u.</strong></span> <span class='ocrx_word' id='word_1_5' title='bbox 1183 1268 1230 1355; x_wconf 66' lang='lat'><strong>53</strong></span> <span class='ocrx_word' id='word_1_6' title='bbox 1252 1266 1355 1335; x_wconf 83' lang='lat' dir='ltr'><strong>t-s.</strong></span> <span class='ocrx_word' id='word_1_7' title='bbox 1679 1268 1744 1336; x_wconf 83' lang='lat' dir='ltr'><strong>sos</strong></span> 
     </span>
    </p>
   </div>
   <div class='ocr_carea' id='block_1_2' title="bbox 408 1429 1788 4247">
    <p class='ocr_par' dir='ltr' id='par_1_2' title="bbox 410 1429 1744 1611">
     <span class='ocr_line' id='line_1_2' title="bbox 410 1429 1744 1516; baseline 0.003 -22"><span class='ocrx_word' id='word_1_8' title='bbox 410 1429 496 1514; x_wconf 93' lang='lat' dir='ltr'><strong>quod</strong></span> <span class='ocrx_word' id='word_1_9' title='bbox 517 1450 638 1494; x_wconf 87' lang='lat' dir='ltr'><strong>numen</strong></span> <span class='ocrx_word' id='word_1_10' title='bbox 658 1432 951 1514; x_wconf 85' lang='lat' dir='ltr'><strong>praestantissimae</strong></span> <span class='ocrx_word' id='word_1_11' title='bbox 972 1433 1107 1508; x_wconf 86' lang='lat' dir='ltr'><strong>mentis,</strong></span> <span class='ocrx_word' id='word_1_12' title='bbox 1129 1451 1194 1516; x_wconf 94' lang='lat' dir='ltr'><strong>quo</strong></span> <span class='ocrx_word' id='word_1_13' title='bbox 1214 1430 1296 1496; x_wconf 90' lang='lat' dir='ltr'><strong>baec</strong></span> <span class='ocrx_word' id='word_1_14' title='bbox 1316 1434 1491 1514; x_wconf 70' lang='lat' dir='ltr'><strong>regantur?</strong></span> <span class='ocrx_word' id='word_1_15' title='bbox 1525 1430 1621 1508; x_wconf 87' lang='lat' dir='ltr'><strong>Quod</strong></span> <span class='ocrx_word' id='word_1_16' title='bbox 1643 1432 1677 1495; x_wconf 90' lang='lat' dir='ltr'><strong>ni</strong></span> <span class='ocrx_word' id='word_1_17' title='bbox 1698 1432 1744 1498; x_wconf 89' lang='lat' dir='ltr'><strong>ita</strong></span> 
     </span>
     <span class='ocr_line' id='line_1_3' title="bbox 411 1526 1378 1611; baseline 0.003 -23"><span class='ocrx_word' id='word_1_18' title='bbox 411 1532 511 1599; x_wconf 86' lang='lat' dir='ltr'><strong>esset,</strong></span> <span class='ocrx_word' id='word_1_19' title='bbox 535 1526 590 1608; x_wconf 89' lang='lat' dir='ltr'><strong>qui</strong></span> <span class='ocrx_word' id='word_1_20' title='bbox 612 1527 768 1611; x_wconf 87' lang='lat' dir='ltr'><strong>potuisset</strong></span> <span class='ocrx_word' id='word_1_21' title='bbox 788 1528 927 1590; x_wconf 89' lang='lat' dir='ltr'><strong>adsensu</strong></span> <span class='ocrx_word' id='word_1_22' title='bbox 949 1528 1091 1592; x_wconf 90' lang='lat' dir='ltr'><strong>omnium</strong></span> <span class='ocrx_word' id='word_1_23' title='bbox 1114 1527 1219 1591; x_wconf 89' lang='lat' dir='ltr'><strong>dicere</strong></span> <span class='ocrx_word' id='word_1_24' title='bbox 1241 1526 1378 1600; x_wconf 86' lang='lat' dir='ltr'><strong>Ennius,</strong></span> 
     </span>
    </p>

    <p class='ocr_par' dir='ltr' id='par_1_3' title="bbox 410 1620 1770 1884">
     <span class='ocr_line' id='line_1_4' title="bbox 441 1620 1744 1704; baseline 0.005 -23"><span class='ocrx_word' id='word_1_25' title='bbox 441 1620 589 1703; x_wconf 79' lang='lat' dir='ltr'><strong>Aspice</strong></span> <span class='ocrx_word' id='word_1_26' title='bbox 611 1624 682 1686; x_wconf 91' lang='lat' dir='ltr'><strong>boc</strong></span> <span class='ocrx_word' id='word_1_27' title='bbox 704 1621 1102 1698; x_wconf 87' lang='lat' dir='ltr'><strong>sublimeuoundens,</strong></span> <span class='ocrx_word' id='word_1_28' title='bbox 1125 1621 1744 1704; x_wconf 82' lang='lat' dir='ltr'><strong>queminvocautomueslovem,</strong></span> 
     </span>
     <span class='ocr_line' id='line_1_5' title="bbox 410 1714 1744 1797; baseline 0.002 -20"><span class='ocrx_word' id='word_1_29' title='bbox 410 1714 501 1778; x_wconf 89' lang='lat' dir='ltr'><strong>illum</strong></span> <span class='ocrx_word' id='word_1_30' title='bbox 523 1735 599 1779; x_wconf 81' lang='lat' dir='ltr'><strong>vero</strong></span> <span class='ocrx_word' id='word_1_31' title='bbox 622 1724 655 1779; x_wconf 90' lang='lat' dir='ltr'><strong>et</strong></span> <span class='ocrx_word' id='word_1_32' title='bbox 675 1717 782 1780; x_wconf 82' lang='lat' dir='ltr'><strong>lovem</strong></span> <span class='ocrx_word' id='word_1_33' title='bbox 805 1723 837 1779; x_wconf 90' lang='lat' dir='ltr'><strong>et</strong></span> <span class='ocrx_word' id='word_1_34' title='bbox 858 1714 1091 1780; x_wconf 79' lang='lat' dir='ltr'><strong>dominatorem</strong></span> <span class='ocrx_word' id='word_1_35' title='bbox 1112 1736 1217 1781; x_wconf 91' lang='lat' dir='ltr'><strong>rerum</strong></span> <span class='ocrx_word' id='word_1_36' title='bbox 1240 1723 1273 1780; x_wconf 91' lang='lat' dir='ltr'><strong>et</strong></span> <span class='ocrx_word' id='word_1_37' title='bbox 1287 1715 1395 1779; x_wconf 87' lang='lat' dir='ltr'><strong>omnia</strong></span> <span class='ocrx_word' id='word_1_38' title='bbox 1415 1722 1496 1779; x_wconf 91' lang='lat' dir='ltr'><strong>nutu</strong></span> <span class='ocrx_word' id='word_1_39' title='bbox 1516 1722 1679 1797; x_wconf 84' lang='lat' dir='ltr'><strong>regentem</strong></span> <span class='ocrx_word' id='word_1_40' title='bbox 1701 1723 1744 1793; x_wconf 87' lang='lat' dir='ltr'><strong>et,</strong></span> 
     </span>
     <span class='ocr_line' id='line_1_6' title="bbox 410 1809 1770 1884; baseline 0.007 -13"><span class='ocrx_word' id='word_1_41' title='bbox 410 1815 448 1871; x_wconf 92' lang='lat' dir='ltr'><strong>ut</strong></span> <span class='ocrx_word' id='word_1_42' title='bbox 468 1809 555 1872; x_wconf 86' lang='lat' dir='ltr'><strong>idem</strong></span> <span class='ocrx_word' id='word_1_43' title='bbox 576 1810 719 1884; x_wconf 88' lang='lat' dir='ltr'><strong>Ennius,</strong></span> <span class='ocrx_word' id='word_1_44' title='bbox 1753 1820 1770 1868; x_wconf 72' lang='grc'><strong>4</strong></span> 
     </span>
    </p>

    <p class='ocr_par' dir='ltr' id='par_1_4' title="bbox 408 1902 1788 4247">
     <span class='ocr_line' id='line_1_7' title="bbox 709 1902 1420 1987; baseline 0.001 -21"><span class='ocrx_word' id='word_1_45' title='bbox 709 1911 864 1986; x_wconf 88' lang='lat' dir='ltr'><strong>patrem</strong></span> <span class='ocrx_word' id='word_1_46' title='bbox 888 1902 1104 1987; x_wconf 82' lang='lat' dir='ltr'><strong>divumque</strong></span> <span class='ocrx_word' id='word_1_47' title='bbox 1126 1904 1420 1986; x_wconf 79' lang='lat' dir='ltr'><strong>hominumque</strong></span> 
     </span>
     <span class='ocr_line' id='line_1_8' title="bbox 411 1996 1747 2082; baseline 0.002 -22"><span class='ocrx_word' id='word_1_48' title='bbox 411 2005 444 2062; x_wconf 88' lang='lat' dir='ltr'><strong>et</strong></span> <span class='ocrx_word' id='word_1_49' title='bbox 464 2004 667 2080; x_wconf 79' lang='lat' dir='ltr'><strong>praesentem</strong></span> <span class='ocrx_word' id='word_1_50' title='bbox 689 2017 727 2062; x_wconf 86' lang='lat' dir='ltr'><strong>ac</strong></span> <span class='ocrx_word' id='word_1_51' title='bbox 748 2006 989 2080; x_wconf 71' lang='lat' dir='ltr'><strong>praepotentem</strong></span> <span class='ocrx_word' id='word_1_52' title='bbox 1010 1999 1129 2062; x_wconf 81' lang='lat' dir='ltr'><strong>deuml</strong></span> <span class='ocrx_word' id='word_1_53' title='bbox 1152 1996 1247 2075; x_wconf 87' lang='lat' dir='ltr'><strong>Quod</strong></span> <span class='ocrx_word' id='word_1_54' title='bbox 1262 1998 1318 2082; x_wconf 90' lang='lat' dir='ltr'><strong>qui</strong></span> <span class='ocrx_word' id='word_1_55' title='bbox 1332 1997 1470 2073; x_wconf 88' lang='lat' dir='ltr'><strong>dubitet,</strong></span> <span class='ocrx_word' id='word_1_56' title='bbox 1490 1996 1577 2062; x_wconf 90' lang='lat' dir='ltr'><strong>baud</strong></span> <span class='ocrx_word' id='word_1_57' title='bbox 1598 2018 1676 2062; x_wconf 91' lang='lat' dir='ltr'><strong>sane</strong></span> <span class='ocrx_word' id='word_1_58' title='bbox 1697 1998 1747 2063; x_wconf 90' lang='lat' dir='ltr'><strong>in-</strong></span> 
     </span>
     <span class='ocr_line' id='line_1_9' title="bbox 411 2087 1747 2176; baseline 0.002 -22"><span class='ocrx_word' id='word_1_59' title='bbox 411 2092 546 2175; x_wconf 87' lang='lat' dir='ltr'><strong>tellego,</strong></span> <span class='ocrx_word' id='word_1_60' title='bbox 574 2112 632 2154; x_wconf 92' lang='lat' dir='ltr'><strong>cnr</strong></span> <span class='ocrx_word' id='word_1_61' title='bbox 660 2112 725 2155; x_wconf 91' lang='lat' dir='ltr'><strong>uon</strong></span> <span class='ocrx_word' id='word_1_62' title='bbox 750 2091 850 2166; x_wconf 89' lang='lat' dir='ltr'><strong>idem,</strong></span> <span class='ocrx_word' id='word_1_63' title='bbox 880 2092 928 2154; x_wconf 89' lang='lat' dir='ltr'><strong>sol</strong></span> <span class='ocrx_word' id='word_1_64' title='bbox 956 2092 997 2154; x_wconf 86' lang='lat' dir='ltr'><strong>sit</strong></span> <span class='ocrx_word' id='word_1_65' title='bbox 1021 2111 1062 2155; x_wconf 86' lang='lat' dir='ltr'><strong>an</strong></span> <span class='ocrx_word' id='word_1_66' title='bbox 1090 2092 1198 2156; x_wconf 89' lang='lat' dir='ltr'><strong>nullus</strong></span> <span class='ocrx_word' id='word_1_67' title='bbox 1220 2092 1278 2163; x_wconf 88' lang='lat' dir='ltr'><strong>sit,</strong></span> <span class='ocrx_word' id='word_1_68' title='bbox 1306 2087 1452 2155; x_wconf 87' lang='lat' dir='ltr'><strong>dubitare</strong></span> <span class='ocrx_word' id='word_1_69' title='bbox 1473 2091 1585 2176; x_wconf 82' lang='lat' dir='ltr'><strong>possit.</strong></span> <span class='ocrx_word' id='word_1_70' title='bbox 1628 2090 1659 2155; x_wconf 79' lang='grc'><strong>5.</strong></span> <span class='ocrx_word' id='word_1_71' title='bbox 1682 2091 1747 2168; x_wconf 84' lang='lat' dir='ltr'><strong>Qui</strong></span> 
     </span>
     <span class='ocr_line' id='line_1_10' title="bbox 411 2184 1747 2271; baseline 0.002 -23"><span class='ocrx_word' id='word_1_72' title='bbox 411 2187 495 2248; x_wconf 88' lang='lat' dir='ltr'><strong>enim</strong></span> <span class='ocrx_word' id='word_1_73' title='bbox 530 2195 578 2250; x_wconf 90' lang='lat' dir='ltr'><strong>est</strong></span> <span class='ocrx_word' id='word_1_74' title='bbox 612 2186 674 2249; x_wconf 89' lang='lat' dir='ltr'><strong>boo</strong></span> <span class='ocrx_word' id='word_1_75' title='bbox 706 2185 764 2249; x_wconf 93' lang='lat' dir='ltr'><strong>illo</strong></span> <span class='ocrx_word' id='word_1_76' title='bbox 798 2184 1004 2250; x_wconf 72' lang='lat' dir='ltr'><strong>evidentius?</strong></span> <span class='ocrx_word' id='word_1_77' title='bbox 1035 2186 1131 2261; x_wconf 89' lang='lat' dir='ltr'><strong>Quod</strong></span> <span class='ocrx_word' id='word_1_78' title='bbox 1157 2187 1220 2249; x_wconf 90' lang='lat' dir='ltr'><strong>nisi</strong></span> <span class='ocrx_word' id='word_1_79' title='bbox 1242 2186 1404 2268; x_wconf 87' lang='lat' dir='ltr'><strong>cognitum</strong></span> <span class='ocrx_word' id='word_1_80' title='bbox 1425 2184 1747 2271; x_wconf 72' lang='lat' dir='ltr'><strong>conprehensumque</strong></span> 
     </span>
     <span class='ocr_line' id='line_1_11' title="bbox 410 2278 1785 2364; baseline -0.002 -21"><span class='ocrx_word' id='word_1_81' title='bbox 410 2281 523 2343; x_wconf 87' lang='lat' dir='ltr'><strong>animis</strong></span> <span class='ocrx_word' id='word_1_82' title='bbox 545 2280 753 2354; x_wconf 88' lang='lat' dir='ltr'><strong>haberemus,</strong></span> <span class='ocrx_word' id='word_1_83' title='bbox 776 2299 842 2343; x_wconf 92' lang='lat' dir='ltr'><strong>non</strong></span> <span class='ocrx_word' id='word_1_84' title='bbox 864 2287 929 2343; x_wconf 89' lang='lat' dir='ltr'><strong>tam</strong></span> <span class='ocrx_word' id='word_1_85' title='bbox 951 2280 1074 2342; x_wconf 86' lang='lat' dir='ltr'><strong>stabilis</strong></span> <span class='ocrx_word' id='word_1_86' title='bbox 1096 2280 1206 2364; x_wconf 89' lang='lat' dir='ltr'><strong>opinio</strong></span> <span class='ocrx_word' id='word_1_87' title='bbox 1220 2286 1421 2363; x_wconf 77' lang='lat' dir='ltr'><strong>permaneret</strong></span> <span class='ocrx_word' id='word_1_88' title='bbox 1434 2298 1494 2343; x_wconf 89' lang='lat' dir='ltr'><strong>neo</strong></span> <span class='ocrx_word' id='word_1_89' title='bbox 1508 2278 1785 2348; x_wconf 84' lang='lat' dir='ltr'><strong>confirmareturto</strong></span> 
     </span>
     <span class='ocr_line' id='line_1_12' title="bbox 412 2372 1749 2457; baseline 0.003 -21"><span class='ocrx_word' id='word_1_90' title='bbox 412 2373 619 2438; x_wconf 88' lang='lat' dir='ltr'><strong>diuturnitate</strong></span> <span class='ocrx_word' id='word_1_91' title='bbox 649 2375 802 2457; x_wconf 87' lang='lat' dir='ltr'><strong>temporis</strong></span> <span class='ocrx_word' id='word_1_92' title='bbox 829 2394 890 2437; x_wconf 93' lang='lat' dir='ltr'><strong>nec</strong></span> <span class='ocrx_word' id='word_1_93' title='bbox 912 2393 975 2437; x_wconf 91' lang='lat' dir='ltr'><strong>una</strong></span> <span class='ocrx_word' id='word_1_94' title='bbox 997 2394 1068 2438; x_wconf 88' lang='lat' dir='ltr'><strong>oum</strong></span> <span class='ocrx_word' id='word_1_95' title='bbox 1092 2372 1206 2437; x_wconf 87' lang='lat' dir='ltr'><strong>saeclis</strong></span> <span class='ocrx_word' id='word_1_96' title='bbox 1227 2373 1451 2457; x_wconf 87' lang='lat' dir='ltr'><strong>aetatibusque</strong></span> <span class='ocrx_word' id='word_1_97' title='bbox 1471 2372 1637 2440; x_wconf 89' lang='lat' dir='ltr'><strong>bominum</strong></span> <span class='ocrx_word' id='word_1_98' title='bbox 1659 2374 1749 2441; x_wconf 81' lang='lat' dir='ltr'><strong>inve·</strong></span> 
     </span>
     <span class='ocr_line' id='line_1_13' title="bbox 409 2463 1749 2555; baseline 0.001 -22"><span class='ocrx_word' id='word_1_99' title='bbox 409 2471 505 2533; x_wconf 90' lang='lat' dir='ltr'><strong>terari</strong></span> <span class='ocrx_word' id='word_1_100' title='bbox 536 2470 703 2555; x_wconf 80' lang='lat' dir='ltr'><strong>potuisset</strong></span> <span class='ocrx_word' id='word_1_101' title='bbox 740 2470 867 2531; x_wconf 81' lang='lat' dir='ltr'><strong>Etenim</strong></span> <span class='ocrx_word' id='word_1_102' title='bbox 897 2467 1042 2531; x_wconf 81' lang='lat' dir='ltr'><strong>videmus</strong></span> <span class='ocrx_word' id='word_1_103' title='bbox 1071 2474 1193 2531; x_wconf 90' lang='lat' dir='ltr'><strong>ceteras</strong></span> <span class='ocrx_word' id='word_1_104' title='bbox 1219 2466 1389 2549; x_wconf 75' lang='lat' dir='ltr'><strong>opiniones</strong></span> <span class='ocrx_word' id='word_1_105' title='bbox 1417 2463 1507 2532; x_wconf 83' lang='lat' dir='ltr'><strong>fictas</strong></span> <span class='ocrx_word' id='word_1_106' title='bbox 1531 2476 1629 2551; x_wconf 85' lang='lat' dir='ltr'><strong>atque</strong></span> <span class='ocrx_word' id='word_1_107' title='bbox 1650 2488 1749 2535; x_wconf 72' lang='lat' dir='ltr'><strong>vanu</strong></span> 
     </span>
     <span class='ocr_line' id='line_1_14' title="bbox 410 2559 1749 2645; baseline 0.001 -18"><span class='ocrx_word' id='word_1_108' title='bbox 410 2564 620 2628; x_wconf 67' lang='lat' dir='ltr'><strong>diuturnitate</strong></span> <span class='ocrx_word' id='word_1_109' title='bbox 642 2563 835 2628; x_wconf 73' lang='lat' dir='ltr'><strong>extabuisse.</strong></span> <span class='ocrx_word' id='word_1_110' title='bbox 872 2562 953 2640; x_wconf 86' lang='lat' dir='ltr'><strong>Quis</strong></span> <span class='ocrx_word' id='word_1_111' title='bbox 981 2562 1067 2625; x_wconf 86' lang='lat' dir='ltr'><strong>enisu</strong></span> <span class='ocrx_word' id='word_1_112' title='bbox 1088 2562 1383 2645; x_wconf 83' lang='lat' dir='ltr'><strong>Hippocentaurum</strong></span> <span class='ocrx_word' id='word_1_113' title='bbox 1404 2559 1504 2625; x_wconf 81' lang='lat' dir='ltr'><strong>fuisse</strong></span> <span class='ocrx_word' id='word_1_114' title='bbox 1526 2570 1582 2626; x_wconf 92' lang='lat' dir='ltr'><strong>aut</strong></span> <span class='ocrx_word' id='word_1_115' title='bbox 1603 2562 1749 2629; x_wconf 86' lang='lat' dir='ltr'><strong>Chimae-</strong></span> 
     </span>
     <span class='ocr_line' id='line_1_15' title="bbox 410 2655 1751 2741; baseline 0.001 -20"><span class='ocrx_word' id='word_1_116' title='bbox 410 2678 477 2721; x_wconf 86' lang='lat' dir='ltr'><strong>ram</strong></span> <span class='ocrx_word' id='word_1_117' title='bbox 507 2661 622 2741; x_wconf 84' lang='lat' dir='ltr'><strong>putst‘t</strong></span> <span class='ocrx_word' id='word_1_118' title='bbox 654 2676 777 2741; x_wconf 81' lang='lat' dir='ltr'><strong>quaere</strong></span> <span class='ocrx_word' id='word_1_119' title='bbox 804 2676 887 2721; x_wconf 89' lang='lat' dir='ltr'><strong>auus</strong></span> <span class='ocrx_word' id='word_1_120' title='bbox 914 2665 979 2720; x_wconf 88' lang='lat' dir='ltr'><strong>tam</strong></span> <span class='ocrx_word' id='word_1_121' title='bbox 1009 2672 1120 2719; x_wconf 87' lang='lat' dir='ltr'><strong>excors</strong></span> <span class='ocrx_word' id='word_1_122' title='bbox 1150 2655 1287 2720; x_wconf 87' lang='lat' dir='ltr'><strong>inveniri</strong></span> <span class='ocrx_word' id='word_1_123' title='bbox 1313 2660 1432 2738; x_wconf 88' lang='lat' dir='ltr'><strong>potest,</strong></span> <span class='ocrx_word' id='word_1_124' title='bbox 1462 2656 1637 2741; x_wconf 72' lang='lat' dir='ltr'><strong>quasilla,</strong></span> <span class='ocrx_word' id='word_1_125' title='bbox 1665 2675 1751 2740; x_wconf 87' lang='lat' dir='ltr'><strong>quae</strong></span> 
     </span>
     <span class='ocr_line' id='line_1_16' title="bbox 411 2748 1787 2834; baseline -0.003 -20"><span class='ocrx_word' id='word_1_126' title='bbox 411 2750 572 2833; x_wconf 92' lang='lat' dir='ltr'><strong>quondam</strong></span> <span class='ocrx_word' id='word_1_127' title='bbox 594 2751 817 2827; x_wconf 78' lang='lat' dir='ltr'><strong>credebantur,</strong></span> <span class='ocrx_word' id='word_1_128' title='bbox 839 2750 925 2834; x_wconf 91' lang='lat' dir='ltr'><strong>apud</strong></span> <span class='ocrx_word' id='word_1_129' title='bbox 947 2748 1069 2813; x_wconf 82' lang='lat' dir='ltr'><strong>inlesos</strong></span> <span class='ocrx_word' id='word_1_130' title='bbox 1083 2754 1231 2833; x_wconf 87' lang='lat' dir='ltr'><strong>portenta</strong></span> <span class='ocrx_word' id='word_1_131' title='bbox 1245 2750 1456 2813; x_wconf 72' lang='lat' dir='ltr'><strong>extimescat?</strong></span> <span class='ocrx_word' id='word_1_132' title='bbox 1478 2748 1649 2833; x_wconf 87' lang='lat' dir='ltr'><strong>Opiniouis</strong></span> <span class='ocrx_word' id='word_1_133' title='bbox 1663 2750 1787 2818; x_wconf 78' lang='lat' dir='ltr'><strong>enimn</strong></span> 
     </span>
     <span class='ocr_line' id='line_1_17' title="bbox 411 2839 1750 2927; baseline 0.001 -19"><span class='ocrx_word' id='word_1_134' title='bbox 411 2853 587 2908; x_wconf 85' lang='lat' dir='ltr'><strong>commenta</strong></span> <span class='ocrx_word' id='word_1_135' title='bbox 608 2845 694 2909; x_wconf 91' lang='lat' dir='ltr'><strong>delet</strong></span> <span class='ocrx_word' id='word_1_136' title='bbox 715 2845 798 2920; x_wconf 86' lang='lat' dir='ltr'><strong>dies,</strong></span> <span class='ocrx_word' id='word_1_137' title='bbox 820 2853 953 2909; x_wconf 88' lang='lat' dir='ltr'><strong>naturae</strong></span> <span class='ocrx_word' id='word_1_138' title='bbox 974 2842 1096 2907; x_wconf 89' lang='lat' dir='ltr'><strong>iudicia</strong></span> <span class='ocrx_word' id='word_1_139' title='bbox 1117 2839 1292 2907; x_wconf 83' lang='lat' dir='ltr'><strong>continuat.</strong></span> <span class='ocrx_word' id='word_1_140' title='bbox 1327 2843 1439 2926; x_wconf 84' lang='lat' dir='ltr'><strong>ltaque</strong></span> <span class='ocrx_word' id='word_1_141' title='bbox 1461 2849 1495 2907; x_wconf 87' lang='lat' dir='ltr'><strong>et</strong></span> <span class='ocrx_word' id='word_1_142' title='bbox 1513 2844 1547 2907; x_wconf 90' lang='lat' dir='ltr'><strong>in</strong></span> <span class='ocrx_word' id='word_1_143' title='bbox 1562 2851 1675 2909; x_wconf 87' lang='lat' dir='ltr'><strong>nostro</strong></span> <span class='ocrx_word' id='word_1_144' title='bbox 1690 2862 1750 2927; x_wconf 91' lang='lat' dir='ltr'><strong>po·</strong></span> 
     </span>
     <span class='ocr_line' id='line_1_18' title="bbox 409 2936 1749 3021; baseline 0.005 -19"><span class='ocrx_word' id='word_1_145' title='bbox 409 2939 488 3021; x_wconf 89' lang='lat' dir='ltr'><strong>pulo</strong></span> <span class='ocrx_word' id='word_1_146' title='bbox 510 2947 542 3003; x_wconf 92' lang='lat' dir='ltr'><strong>et</strong></span> <span class='ocrx_word' id='word_1_147' title='bbox 568 2940 603 3002; x_wconf 89' lang='lat' dir='ltr'><strong>iu</strong></span> <span class='ocrx_word' id='word_1_148' title='bbox 632 2940 747 3002; x_wconf 88' lang='lat' dir='ltr'><strong>ceteris</strong></span> <span class='ocrx_word' id='word_1_149' title='bbox 768 2938 902 3008; x_wconf 89' lang='lat' dir='ltr'><strong>deorum</strong></span> <span class='ocrx_word' id='word_1_150' title='bbox 924 2937 1029 3001; x_wconf 91' lang='lat' dir='ltr'><strong>cultus</strong></span> <span class='ocrx_word' id='word_1_151' title='bbox 1052 2936 1309 3020; x_wconf 77' lang='lat' dir='ltr'><strong>religionumque</strong></span> <span class='ocrx_word' id='word_1_152' title='bbox 1331 2938 1514 3002; x_wconf 74' lang='lat' dir='ltr'><strong>sanctitates</strong></span> <span class='ocrx_word' id='word_1_153' title='bbox 1536 2941 1695 3004; x_wconf 81' lang='lat' dir='ltr'><strong>exsistunt</strong></span> <span class='ocrx_word' id='word_1_154' title='bbox 1714 2939 1749 3009; x_wconf 75' lang='lat' dir='ltr'><strong>in</strong></span> 
     </span>
     <span class='ocr_line' id='line_1_19' title="bbox 411 3027 1750 3115; baseline 0.002 -19"><span class='ocrx_word' id='word_1_155' title='bbox 411 3031 481 3096; x_wconf 87' lang='lat' dir='ltr'><strong>dies</strong></span> <span class='ocrx_word' id='word_1_156' title='bbox 502 3033 640 3096; x_wconf 71' lang='lat' dir='ltr'><strong>mdores</strong></span> <span class='ocrx_word' id='word_1_157' title='bbox 661 3040 759 3115; x_wconf 89' lang='lat' dir='ltr'><strong>atque</strong></span> <span class='ocrx_word' id='word_1_158' title='bbox 781 3033 942 3096; x_wconf 88' lang='lat' dir='ltr'><strong>meliores.</strong></span> <span class='ocrx_word' id='word_1_159' title='bbox 985 3027 1016 3092; x_wconf 87' lang='grc'><strong>6.</strong></span> <span class='ocrx_word' id='word_1_160' title='bbox 1039 3029 1141 3112; x_wconf 93' lang='lat' dir='ltr'><strong>ldque</strong></span> <span class='ocrx_word' id='word_1_161' title='bbox 1162 3029 1268 3093; x_wconf 82' lang='lat' dir='ltr'><strong>evenit</strong></span> <span class='ocrx_word' id='word_1_162' title='bbox 1288 3050 1354 3095; x_wconf 87' lang='lat' dir='ltr'><strong>uon</strong></span> <span class='ocrx_word' id='word_1_163' title='bbox 1373 3037 1494 3095; x_wconf 88' lang='lat' dir='ltr'><strong>temere</strong></span> <span class='ocrx_word' id='word_1_164' title='bbox 1507 3051 1569 3097; x_wconf 89' lang='lat' dir='ltr'><strong>neo</strong></span> <span class='ocrx_word' id='word_1_165' title='bbox 1583 3052 1669 3107; x_wconf 87' lang='lat' dir='ltr'><strong>casu,</strong></span> <span class='ocrx_word' id='word_1_166' title='bbox 1691 3032 1750 3099; x_wconf 87' lang='lat' dir='ltr'><strong>sed</strong></span> 
     </span>
     <span class='ocr_line' id='line_1_20' title="bbox 410 3121 1749 3211; baseline 0 -20"><span class='ocrx_word' id='word_1_167' title='bbox 410 3126 497 3209; x_wconf 86' lang='lat' dir='ltr'><strong>quod</strong></span> <span class='ocrx_word' id='word_1_168' title='bbox 526 3134 559 3191; x_wconf 94' lang='lat' dir='ltr'><strong>et</strong></span> <span class='ocrx_word' id='word_1_169' title='bbox 585 3135 772 3211; x_wconf 75' lang='lat' dir='ltr'><strong>praesentes</strong></span> <span class='ocrx_word' id='word_1_170' title='bbox 795 3147 891 3210; x_wconf 88' lang='lat' dir='ltr'><strong>saepe</strong></span> <span class='ocrx_word' id='word_1_171' title='bbox 913 3125 947 3189; x_wconf 91' lang='lat' dir='ltr'><strong>di</strong></span> <span class='ocrx_word' id='word_1_172' title='bbox 969 3124 1031 3187; x_wconf 86' lang='lat' dir='ltr'><strong>vim</strong></span> <span class='ocrx_word' id='word_1_173' title='bbox 1054 3141 1145 3186; x_wconf 89' lang='lat' dir='ltr'><strong>suam</strong></span> <span class='ocrx_word' id='word_1_174' title='bbox 1166 3121 1343 3198; x_wconf 84' lang='lat' dir='ltr'><strong>declarant,</strong></span> <span class='ocrx_word' id='word_1_175' title='bbox 1372 3130 1409 3187; x_wconf 91' lang='lat' dir='ltr'><strong>ut</strong></span> <span class='ocrx_word' id='word_1_176' title='bbox 1430 3131 1463 3188; x_wconf 91' lang='lat' dir='ltr'><strong>et</strong></span> <span class='ocrx_word' id='word_1_177' title='bbox 1482 3124 1568 3208; x_wconf 91' lang='lat' dir='ltr'><strong>apud</strong></span> <span class='ocrx_word' id='word_1_178' title='bbox 1590 3126 1749 3208; x_wconf 76' lang='lat' dir='ltr'><strong>Regillum</strong></span> 
     </span>
     <span class='ocr_line' id='line_1_21' title="bbox 409 3215 1788 3295; baseline 0 -11"><span class='ocrx_word' id='word_1_179' title='bbox 409 3220 497 3284; x_wconf 85' lang='lat' dir='ltr'><strong>bello</strong></span> <span class='ocrx_word' id='word_1_180' title='bbox 518 3221 722 3295; x_wconf 86' lang='lat' dir='ltr'><strong>Latinorum,</strong></span> <span class='ocrx_word' id='word_1_181' title='bbox 751 3241 823 3284; x_wconf 88' lang='lat' dir='ltr'><strong>cum</strong></span> <span class='ocrx_word' id='word_1_182' title='bbox 845 3224 883 3283; x_wconf 79' lang='lat' dir='ltr'><strong>A.</strong></span> <span class='ocrx_word' id='word_1_183' title='bbox 908 3218 1089 3283; x_wconf 85' lang='lat' dir='ltr'><strong>Postumius</strong></span> <span class='ocrx_word' id='word_1_184' title='bbox 1113 3215 1347 3286; x_wconf 79' lang='lat' dir='ltr'><strong>dictator.oum</strong></span> <span class='ocrx_word' id='word_1_185' title='bbox 1368 3217 1500 3282; x_wconf 80' lang='lat' dir='ltr'><strong>Octavio</strong></span> <span class='ocrx_word' id='word_1_186' title='bbox 1522 3219 1664 3285; x_wconf 76' lang='lat' dir='ltr'><strong>Mamilio</strong></span> <span class='ocrx_word' id='word_1_187' title='bbox 1685 3220 1788 3284; x_wconf 82' lang='lat' dir='ltr'><strong>&#39;lu-so</strong></span> 
     </span>
     <span class='ocr_line' id='line_1_22' title="bbox 410 3312 1750 3398; baseline -0.001 -19"><span class='ocrx_word' id='word_1_188' title='bbox 410 3314 542 3379; x_wconf 76' lang='lat' dir='ltr'><strong>malano</strong></span> <span class='ocrx_word' id='word_1_189' title='bbox 563 3314 688 3398; x_wconf 89' lang='lat' dir='ltr'><strong>proelio</strong></span> <span class='ocrx_word' id='word_1_190' title='bbox 711 3315 891 3387; x_wconf 89' lang='lat' dir='ltr'><strong>dimicaret,</strong></span> <span class='ocrx_word' id='word_1_191' title='bbox 912 3312 946 3375; x_wconf 88' lang='lat' dir='ltr'><strong>iu</strong></span> <span class='ocrx_word' id='word_1_192' title='bbox 969 3321 1079 3377; x_wconf 86' lang='lat' dir='ltr'><strong>nostra</strong></span> <span class='ocrx_word' id='word_1_193' title='bbox 1100 3312 1168 3376; x_wconf 88' lang='lat' dir='ltr'><strong>acie</strong></span> <span class='ocrx_word' id='word_1_194' title='bbox 1189 3312 1301 3377; x_wconf 85' lang='lat' dir='ltr'><strong>Castor</strong></span> <span class='ocrx_word' id='word_1_195' title='bbox 1322 3320 1356 3377; x_wconf 87' lang='lat' dir='ltr'><strong>et</strong></span> <span class='ocrx_word' id='word_1_196' title='bbox 1375 3313 1493 3379; x_wconf 83' lang='lat' dir='ltr'><strong>Pollux</strong></span> <span class='ocrx_word' id='word_1_197' title='bbox 1513 3332 1556 3378; x_wconf 87' lang='lat' dir='ltr'><strong>ex</strong></span> <span class='ocrx_word' id='word_1_198' title='bbox 1576 3313 1670 3395; x_wconf 90' lang='lat' dir='ltr'><strong>equis</strong></span> <span class='ocrx_word' id='word_1_199' title='bbox 1690 3334 1750 3397; x_wconf 88' lang='lat' dir='ltr'><strong>pu-</strong></span> 
     </span>
     <span class='ocr_line' id='line_1_23' title="bbox 412 3405 1751 3491; baseline 0.002 -20"><span class='ocrx_word' id='word_1_200' title='bbox 412 3427 510 3491; x_wconf 87' lang='lat' dir='ltr'><strong>gnare</strong></span> <span class='ocrx_word' id='word_1_201' title='bbox 531 3409 706 3485; x_wconf 80' lang='lat' dir='ltr'><strong>visisunt,</strong></span> <span class='ocrx_word' id='word_1_202' title='bbox 728 3417 760 3473; x_wconf 90' lang='lat' dir='ltr'><strong>et</strong></span> <span class='ocrx_word' id='word_1_203' title='bbox 782 3409 957 3473; x_wconf 83' lang='lat' dir='ltr'><strong>recentiore</strong></span> <span class='ocrx_word' id='word_1_204' title='bbox 979 3407 1131 3471; x_wconf 88' lang='lat' dir='ltr'><strong>memoria</strong></span> <span class='ocrx_word' id='word_1_205' title='bbox 1151 3405 1239 3471; x_wconf 90' lang='lat' dir='ltr'><strong>idem</strong></span> <span class='ocrx_word' id='word_1_206' title='bbox 1260 3406 1462 3489; x_wconf 79' lang='lat' dir='ltr'><strong>Tyndaridae</strong></span> <span class='ocrx_word' id='word_1_207' title='bbox 1482 3408 1611 3473; x_wconf 86' lang='lat' dir='ltr'><strong>Persem</strong></span> <span class='ocrx_word' id='word_1_208' title='bbox 1631 3406 1751 3474; x_wconf 78' lang='lat' dir='ltr'><strong>victum</strong></span> 
     </span>
     <span class='ocr_line' id='line_1_24' title="bbox 410 3499 1750 3585; baseline -0.001 -19"><span class='ocrx_word' id='word_1_209' title='bbox 410 3504 651 3567; x_wconf 80' lang='lat' dir='ltr'><strong>nuntiaverunt</strong></span> <span class='ocrx_word' id='word_1_210' title='bbox 691 3506 726 3567; x_wconf 86' lang='lat' dir='ltr'><strong>P.</strong></span> <span class='ocrx_word' id='word_1_211' title='bbox 749 3504 835 3567; x_wconf 87' lang='lat' dir='ltr'><strong>enim</strong></span> <span class='ocrx_word' id='word_1_212' title='bbox 857 3502 1020 3576; x_wconf 88' lang='lat' dir='ltr'><strong>Vatinius,</strong></span> <span class='ocrx_word' id='word_1_213' title='bbox 1045 3520 1124 3564; x_wconf 90' lang='lat' dir='ltr'><strong>avus</strong></span> <span class='ocrx_word' id='word_1_214' title='bbox 1145 3499 1243 3564; x_wconf 85' lang='lat' dir='ltr'><strong>buius</strong></span> <span class='ocrx_word' id='word_1_215' title='bbox 1266 3501 1496 3578; x_wconf 87' lang='lat' dir='ltr'><strong>adulescentis,</strong></span> <span class='ocrx_word' id='word_1_216' title='bbox 1522 3521 1596 3565; x_wconf 77' lang='lat' dir='ltr'><strong>cun</strong></span> <span class='ocrx_word' id='word_1_217' title='bbox 1617 3521 1635 3565; x_wconf 94' lang='lat' dir='ltr'><strong>e</strong></span> <span class='ocrx_word' id='word_1_218' title='bbox 1656 3520 1750 3585; x_wconf 88' lang='lat' dir='ltr'><strong>prae·</strong></span> 
     </span>
     <span class='ocr_line' id='line_1_25' title="bbox 409 3594 1750 3684; baseline 0.001 -25"><span class='ocrx_word' id='word_1_219' title='bbox 409 3596 533 3662; x_wconf 80' lang='lat' dir='ltr'><strong>sectura</strong></span> <span class='ocrx_word' id='word_1_220' title='bbox 555 3599 689 3684; x_wconf 82' lang='lat' dir='ltr'><strong>lleatiqa</strong></span> <span class='ocrx_word' id='word_1_221' title='bbox 709 3601 843 3662; x_wconf 83' lang='lat' dir='ltr'><strong>Romam</strong></span> <span class='ocrx_word' id='word_1_222' title='bbox 864 3597 1006 3661; x_wconf 82' lang='lat' dir='ltr'><strong>venienti</strong></span> <span class='ocrx_word' id='word_1_223' title='bbox 1028 3603 1127 3660; x_wconf 88' lang='lat' dir='ltr'><strong>noctu</strong></span> <span class='ocrx_word' id='word_1_224' title='bbox 1149 3594 1214 3659; x_wconf 91' lang='lat' dir='ltr'><strong>duo</strong></span> <span class='ocrx_word' id='word_1_225' title='bbox 1234 3596 1369 3660; x_wconf 82' lang='lat' dir='ltr'><strong>iuvenes</strong></span> <span class='ocrx_word' id='word_1_226' title='bbox 1391 3616 1464 3660; x_wconf 91' lang='lat' dir='ltr'><strong>oum</strong></span> <span class='ocrx_word' id='word_1_227' title='bbox 1485 3598 1577 3681; x_wconf 88' lang='lat' dir='ltr'><strong>equis</strong></span> <span class='ocrx_word' id='word_1_228' title='bbox 1597 3596 1679 3661; x_wconf 84' lang='lat' dir='ltr'><strong>albis</strong></span> <span class='ocrx_word' id='word_1_229' title='bbox 1700 3595 1750 3661; x_wconf 84' lang='lat' dir='ltr'><strong>di·</strong></span> 
     </span>
     <span class='ocr_line' id='line_1_26' title="bbox 409 3689 1787 3775; baseline 0.001 -20"><span class='ocrx_word' id='word_1_230' title='bbox 409 3691 535 3756; x_wconf 87' lang='lat' dir='ltr'><strong>xissent</strong></span> <span class='ocrx_word' id='word_1_231' title='bbox 555 3711 664 3775; x_wconf 84' lang='lat' dir='ltr'><strong>regem</strong></span> <span class='ocrx_word' id='word_1_232' title='bbox 685 3695 813 3756; x_wconf 86' lang='lat' dir='ltr'><strong>Persem</strong></span> <span class='ocrx_word' id='word_1_233' title='bbox 836 3692 891 3756; x_wconf 88' lang='lat' dir='ltr'><strong>illo</strong></span> <span class='ocrx_word' id='word_1_234' title='bbox 914 3689 966 3755; x_wconf 92' lang='lat' dir='ltr'><strong>die</strong></span> <span class='ocrx_word' id='word_1_235' title='bbox 988 3698 1132 3774; x_wconf 85' lang='lat' dir='ltr'><strong>captum,</strong></span> <span class='ocrx_word' id='word_1_236' title='bbox 1152 3690 1279 3754; x_wconf 88' lang='lat' dir='ltr'><strong>senatui</strong></span> <span class='ocrx_word' id='word_1_237' title='bbox 1301 3690 1457 3755; x_wconf 82' lang='lat' dir='ltr'><strong>nuntiarit</strong></span> <span class='ocrx_word' id='word_1_238' title='bbox 1477 3698 1510 3755; x_wconf 88' lang='lat' dir='ltr'><strong>et</strong></span> <span class='ocrx_word' id='word_1_239' title='bbox 1530 3692 1634 3775; x_wconf 78' lang='lat' dir='ltr'><strong>prino</strong></span> <span class='ocrx_word' id='word_1_240' title='bbox 1656 3690 1787 3775; x_wconf 79' lang='lat' dir='ltr'><strong>quasitt</strong></span> 
     </span>
     <span class='ocr_line' id='line_1_27' title="bbox 409 3784 1748 3871; baseline 0.001 -22"><span class='ocrx_word' id='word_1_241' title='bbox 409 3793 532 3850; x_wconf 86' lang='lat' dir='ltr'><strong>temere</strong></span> <span class='ocrx_word' id='word_1_242' title='bbox 558 3784 599 3851; x_wconf 89' lang='lat' dir='ltr'><strong>de</strong></span> <span class='ocrx_word' id='word_1_243' title='bbox 628 3807 664 3850; x_wconf 90' lang='lat' dir='ltr'><strong>re</strong></span> <span class='ocrx_word' id='word_1_244' title='bbox 692 3787 822 3871; x_wconf 87' lang='lat' dir='ltr'><strong>publica</strong></span> <span class='ocrx_word' id='word_1_245' title='bbox 849 3786 974 3849; x_wconf 88' lang='lat' dir='ltr'><strong>locutus</strong></span> <span class='ocrx_word' id='word_1_246' title='bbox 1000 3786 1035 3848; x_wconf 90' lang='lat' dir='ltr'><strong>in</strong></span> <span class='ocrx_word' id='word_1_247' title='bbox 1065 3804 1223 3849; x_wconf 84' lang='lat' dir='ltr'><strong>carcerem</strong></span> <span class='ocrx_word' id='word_1_248' title='bbox 1245 3785 1409 3849; x_wconf 87' lang='lat' dir='ltr'><strong>coniectus</strong></span> <span class='ocrx_word' id='word_1_249' title='bbox 1430 3792 1495 3863; x_wconf 89' lang='lat' dir='ltr'><strong>est,</strong></span> <span class='ocrx_word' id='word_1_250' title='bbox 1516 3792 1590 3871; x_wconf 90' lang='lat' dir='ltr'><strong>post</strong></span> <span class='ocrx_word' id='word_1_251' title='bbox 1611 3805 1631 3850; x_wconf 91' lang='lat' dir='ltr'><strong>a</strong></span> <span class='ocrx_word' id='word_1_252' title='bbox 1650 3784 1748 3852; x_wconf 83' lang='lat' dir='ltr'><strong>Paulo</strong></span> 
     </span>
     <span class='ocr_line' id='line_1_28' title="bbox 411 3879 1748 3962; baseline 0.001 -19"><span class='ocrx_word' id='word_1_253' title='bbox 411 3879 527 3945; x_wconf 87' lang='lat' dir='ltr'><strong>litteris</strong></span> <span class='ocrx_word' id='word_1_254' title='bbox 549 3880 669 3956; x_wconf 86' lang='lat' dir='ltr'><strong>allatis,</strong></span> <span class='ocrx_word' id='word_1_255' title='bbox 691 3902 765 3944; x_wconf 90' lang='lat' dir='ltr'><strong>cum</strong></span> <span class='ocrx_word' id='word_1_256' title='bbox 786 3882 870 3945; x_wconf 88' lang='lat' dir='ltr'><strong>idem</strong></span> <span class='ocrx_word' id='word_1_257' title='bbox 892 3881 963 3944; x_wconf 85' lang='lat' dir='ltr'><strong>dies</strong></span> <span class='ocrx_word' id='word_1_258' title='bbox 984 3879 1196 3953; x_wconf 81' lang='lat' dir='ltr'><strong>constitisset,</strong></span> <span class='ocrx_word' id='word_1_259' title='bbox 1218 3887 1250 3943; x_wconf 89' lang='lat' dir='ltr'><strong>et</strong></span> <span class='ocrx_word' id='word_1_260' title='bbox 1271 3898 1347 3962; x_wconf 89' lang='lat' dir='ltr'><strong>agro</strong></span> <span class='ocrx_word' id='word_1_261' title='bbox 1369 3898 1389 3943; x_wconf 91' lang='lat' dir='ltr'><strong>a</strong></span> <span class='ocrx_word' id='word_1_262' title='bbox 1408 3888 1522 3944; x_wconf 69' lang='lat' dir='ltr'><strong>mnata</strong></span> <span class='ocrx_word' id='word_1_263' title='bbox 1537 3888 1569 3945; x_wconf 91' lang='lat' dir='ltr'><strong>et</strong></span> <span class='ocrx_word' id='word_1_264' title='bbox 1582 3880 1748 3945; x_wconf 81' lang='lat' dir='ltr'><strong>vacatione</strong></span> 
     </span>
     <span class='ocr_line' id='line_1_29' title="bbox 410 3973 1748 4059; baseline 0 -20"><span class='ocrx_word' id='word_1_265' title='bbox 410 3974 547 4039; x_wconf 89' lang='lat' dir='ltr'><strong>donatus</strong></span> <span class='ocrx_word' id='word_1_266' title='bbox 570 3984 628 4040; x_wconf 80' lang='lat' dir='ltr'><strong>est</strong></span> <span class='ocrx_word' id='word_1_267' title='bbox 663 3978 769 4059; x_wconf 83' lang='lat' dir='ltr'><strong>Atque</strong></span> <span class='ocrx_word' id='word_1_268' title='bbox 791 3975 886 4039; x_wconf 90' lang='lat' dir='ltr'><strong>etiam</strong></span> <span class='ocrx_word' id='word_1_269' title='bbox 908 3995 980 4039; x_wconf 89' lang='lat' dir='ltr'><strong>oum</strong></span> <span class='ocrx_word' id='word_1_270' title='bbox 1002 3974 1042 4037; x_wconf 93' lang='lat' dir='ltr'><strong>ad</strong></span> <span class='ocrx_word' id='word_1_271' title='bbox 1064 3974 1196 4038; x_wconf 80' lang='lat' dir='ltr'><strong>fluvium</strong></span> <span class='ocrx_word' id='word_1_272' title='bbox 1212 3973 1342 4058; x_wconf 77' lang='lat' dir='ltr'><strong>Sagram</strong></span> <span class='ocrx_word' id='word_1_273' title='bbox 1359 3973 1558 4040; x_wconf 86' lang='lat' dir='ltr'><strong>Crotoniatas</strong></span> <span class='ocrx_word' id='word_1_274' title='bbox 1573 3973 1666 4037; x_wconf 84' lang='lat' dir='ltr'><strong>Locri</strong></span> <span class='ocrx_word' id='word_1_275' title='bbox 1681 3992 1748 4039; x_wconf 85' lang='lat' dir='ltr'><strong>ms·</strong></span> 
     </span>
     <span class='ocr_line' id='line_1_30' title="bbox 408 4066 1747 4154; baseline 0 -23"><span class='ocrx_word' id='word_1_276' title='bbox 408 4069 499 4133; x_wconf 82' lang='lat' dir='ltr'><strong>ximo</strong></span> <span class='ocrx_word' id='word_1_277' title='bbox 521 4069 645 4154; x_wconf 89' lang='lat' dir='ltr'><strong>proelio</strong></span> <span class='ocrx_word' id='word_1_278' title='bbox 667 4071 873 4143; x_wconf 86' lang='lat' dir='ltr'><strong>devicissent,</strong></span> <span class='ocrx_word' id='word_1_279' title='bbox 901 4089 940 4133; x_wconf 89' lang='lat' dir='ltr'><strong>eo</strong></span> <span class='ocrx_word' id='word_1_280' title='bbox 968 4069 1040 4152; x_wconf 87' lang='lat' dir='ltr'><strong>ipso</strong></span> <span class='ocrx_word' id='word_1_281' title='bbox 1061 4067 1115 4131; x_wconf 89' lang='lat' dir='ltr'><strong>die</strong></span> <span class='ocrx_word' id='word_1_282' title='bbox 1142 4067 1284 4132; x_wconf 86' lang='lat' dir='ltr'><strong>auditam</strong></span> <span class='ocrx_word' id='word_1_283' title='bbox 1311 4087 1383 4132; x_wconf 88' lang='lat' dir='ltr'><strong>esse</strong></span> <span class='ocrx_word' id='word_1_284' title='bbox 1404 4088 1475 4132; x_wconf 89' lang='lat' dir='ltr'><strong>eam</strong></span> <span class='ocrx_word' id='word_1_285' title='bbox 1502 4088 1639 4153; x_wconf 87' lang='lat' dir='ltr'><strong>pugnam</strong></span> <span class='ocrx_word' id='word_1_286' title='bbox 1661 4066 1747 4132; x_wconf 88' lang='lat' dir='ltr'><strong>ludis</strong></span> 
     </span>
     <span class='ocr_line' id='line_1_31' title="bbox 410 4161 1785 4247; baseline 0.001 -24"><span class='ocrx_word' id='word_1_287' title='bbox 410 4161 578 4247; x_wconf 76' lang='lat' dir='ltr'><strong>Olympiae</strong></span> <span class='ocrx_word' id='word_1_288' title='bbox 611 4165 783 4227; x_wconf 90' lang='lat' dir='ltr'><strong>memoriae</strong></span> <span class='ocrx_word' id='word_1_289' title='bbox 816 4163 979 4246; x_wconf 91' lang='lat' dir='ltr'><strong>proditum</strong></span> <span class='ocrx_word' id='word_1_290' title='bbox 1007 4171 1064 4226; x_wconf 88' lang='lat' dir='ltr'><strong>est.</strong></span> <span class='ocrx_word' id='word_1_291' title='bbox 1108 4162 1211 4245; x_wconf 85' lang='lat' dir='ltr'><strong>Saepe</strong></span> <span class='ocrx_word' id='word_1_292' title='bbox 1239 4164 1421 4226; x_wconf 85' lang='lat' dir='ltr'><strong>Faunorum</strong></span> <span class='ocrx_word' id='word_1_293' title='bbox 1444 4183 1538 4228; x_wconf 82' lang='lat' dir='ltr'><strong>voces</strong></span> <span class='ocrx_word' id='word_1_294' title='bbox 1566 4162 1785 4238; x_wconf 59' lang='lat' dir='ltr'><strong>exauditam</strong></span> 
     </span>
    </p>
   </div>
   <div class='ocr_carea' id='block_1_3' title="bbox 407 4404 1753 5972">
    <p class='ocr_par' dir='ltr' id='par_1_5' title="bbox 407 4404 1753 5972">
     <span class='ocr_line' id='line_1_32' title="bbox 475 4404 1745 4471; baseline 0.002 -15"><span class='ocrx_word' id='word_1_295' title='bbox 475 4406 499 4456; x_wconf 98' lang='grc'><strong>4.</strong></span> <span class='ocrx_word' id='word_1_296' title='bbox 517 4419 606 4455; x_wconf 71' lang='lat' dir='ltr'><strong>manen</strong></span> <span class='ocrx_word' id='word_1_297' title='bbox 627 4405 657 4456; x_wconf 84' lang='lat' dir='ltr'><strong>B¹</strong></span> <span class='ocrx_word' id='word_1_298' title='bbox 678 4434 711 4443; x_wconf 91' lang='lat'>-</span> <span class='ocrx_word' id='word_1_299' title='bbox 733 4405 1080 4469; x_wconf 76' lang='lat' dir='ltr'><strong>praestantissimumectisll</strong></span> <span class='ocrx_word' id='word_1_300' title='bbox 1110 4431 1135 4440; x_wconf 97' lang='lat'><em>-</em></span> <span class='ocrx_word' id='word_1_301' title='bbox 1161 4410 1221 4468; x_wconf 84' lang='lat' dir='ltr'><strong>quot</strong></span> <span class='ocrx_word' id='word_1_302' title='bbox 1244 4405 1271 4455; x_wconf 83' lang='lat' dir='ltr'><strong>nt</strong></span> <span class='ocrx_word' id='word_1_303' title='bbox 1291 4404 1311 4457; x_wconf 86' lang='lat' dir='ltr'>B</span> <span class='ocrx_word' id='word_1_304' title='bbox 1337 4431 1365 4442; x_wconf 88' lang='lat'>-</span> <span class='ocrx_word' id='word_1_305' title='bbox 1388 4405 1413 4457; x_wconf 84' lang='grc'><strong>3.</strong></span> <span class='ocrx_word' id='word_1_306' title='bbox 1431 4406 1552 4459; x_wconf 75' lang='lat' dir='ltr'><strong>subltsmu</strong></span> <span class='ocrx_word' id='word_1_307' title='bbox 1573 4404 1685 4471; x_wconf 78' lang='lat' dir='ltr'><strong>Appulei</strong></span> <span class='ocrx_word' id='word_1_308' title='bbox 1702 4404 1745 4470; x_wconf 87' lang='lat' dir='ltr'><strong>(de</strong></span> 
     </span>
     <span class='ocr_line' id='line_1_33' title="bbox 409 4477 1746 4546; baseline 0.002 -14"><span class='ocrx_word' id='word_1_309' title='bbox 409 4480 510 4532; x_wconf 89' lang='lat' dir='ltr'><strong>mundo</strong></span> <span class='ocrx_word' id='word_1_310' title='bbox 528 4494 551 4530; x_wconf 88' lang='lat' dir='ltr'><strong>c.</strong></span> <span class='ocrx_word' id='word_1_311' title='bbox 571 4481 603 4531; x_wconf 81' lang='grc'><strong>38</strong></span> <span class='ocrx_word' id='word_1_312' title='bbox 621 4494 647 4545; x_wconf 93' lang='lat' dir='ltr'><strong>p.</strong></span> <span class='ocrx_word' id='word_1_313' title='bbox 666 4481 715 4533; x_wconf 86' lang='grc'><strong>363</strong></span> <span class='ocrx_word' id='word_1_314' title='bbox 733 4483 809 4544; x_wconf 69' lang='lat' dir='ltr'><strong>oud.)</strong></span> <span class='ocrx_word' id='word_1_315' title='bbox 829 4483 889 4532; x_wconf 88' lang='lat' dir='ltr'><strong>cod.</strong></span> <span class='ocrx_word' id='word_1_316' title='bbox 904 4481 1106 4541; x_wconf 82' lang='lat' dir='ltr'><strong>benedictinus,</strong></span> <span class='ocrx_word' id='word_1_317' title='bbox 1125 4479 1242 4543; x_wconf 81' lang='lat' dir='ltr'><strong>Scaliger</strong></span> <span class='ocrx_word' id='word_1_318' title='bbox 1257 4477 1292 4530; x_wconf 91' lang='lat' dir='ltr'><strong>ad</strong></span> <span class='ocrx_word' id='word_1_319' title='bbox 1304 4480 1380 4531; x_wconf 81' lang='lat' dir='ltr'><strong>Varr.</strong></span> <span class='ocrx_word' id='word_1_320' title='bbox 1393 4479 1427 4531; x_wconf 91' lang='lat' dir='ltr'><strong>de</strong></span> <span class='ocrx_word' id='word_1_321' title='bbox 1440 4482 1469 4531; x_wconf 82' lang='lat' dir='ltr'><strong>a.</strong></span> <span class='ocrx_word' id='word_1_322' title='bbox 1484 4482 1513 4531; x_wconf 82' lang='lat' dir='ltr'><strong>a.</strong></span> <span class='ocrx_word' id='word_1_323' title='bbox 1533 4495 1560 4546; x_wconf 89' lang='lat' dir='ltr'><strong>p.</strong></span> <span class='ocrx_word' id='word_1_324' title='bbox 1572 4483 1621 4535; x_wconf 76' lang='lat'><strong>235</strong></span> <span class='ocrx_word' id='word_1_325' title='bbox 1639 4485 1746 4535; x_wconf 83' lang='lat' dir='ltr'><strong>veteres</strong></span> 
     </span>
     <span class='ocr_line' id='line_1_34' title="bbox 408 4554 1744 4620; baseline 0.001 -13"><span class='ocrx_word' id='word_1_326' title='bbox 408 4554 521 4620; x_wconf 66' lang='lat' dir='ltr'><strong>appulsi</strong></span> <span class='ocrx_word' id='word_1_327' title='bbox 539 4554 621 4605; x_wconf 86' lang='lat' dir='ltr'><strong>libros</strong></span> <span class='ocrx_word' id='word_1_328' title='bbox 638 4559 775 4608; x_wconf 90' lang='lat' dir='ltr'><strong>antestans</strong></span> <span class='ocrx_word' id='word_1_329' title='bbox 790 4558 831 4620; x_wconf 79' lang='lat' dir='ltr'><strong>(ct.</strong></span> <span class='ocrx_word' id='word_1_330' title='bbox 846 4556 943 4607; x_wconf 82' lang='lat' dir='ltr'><strong>thscbl</strong></span> <span class='ocrx_word' id='word_1_331' title='bbox 961 4558 1029 4607; x_wconf 82' lang='lat' dir='ltr'><strong>llus.</strong></span> <span class='ocrx_word' id='word_1_332' title='bbox 1048 4557 1132 4606; x_wconf 82' lang='lat' dir='ltr'><strong>Rhea.</strong></span> <span class='ocrx_word' id='word_1_333' title='bbox 1147 4557 1176 4605; x_wconf 86' lang='lat' dir='ltr'><strong>N.</strong></span> <span class='ocrx_word' id='word_1_334' title='bbox 1191 4555 1217 4605; x_wconf 89' lang='lat' dir='ltr'><strong>S.</strong></span> <span class='ocrx_word' id='word_1_335' title='bbox 1230 4554 1275 4605; x_wconf 87' lang='lat' dir='ltr'><strong>Vll</strong></span> <span class='ocrx_word' id='word_1_336' title='bbox 1292 4568 1319 4620; x_wconf 92' lang='lat' dir='ltr'><strong>p.</strong></span> <span class='ocrx_word' id='word_1_337' title='bbox 1332 4556 1381 4607; x_wconf 77' lang='lat' dir='ltr'><strong>bbd</strong></span> <span class='ocrx_word' id='word_1_338' title='bbox 1393 4557 1477 4619; x_wconf 87' lang='lat' dir='ltr'><strong>sqq.):</strong></span> <span class='ocrx_word' id='word_1_339' title='bbox 1495 4556 1541 4607; x_wconf 85' lang='lat' dir='ltr'><strong>sub</strong></span> <span class='ocrx_word' id='word_1_340' title='bbox 1557 4558 1650 4608; x_wconf 67' lang='lat' dir='ltr'><strong>tunm</strong></span> <span class='ocrx_word' id='word_1_341' title='bbox 1665 4557 1744 4608; x_wconf 93' lang='lat' dir='ltr'><strong>codd.</strong></span> 
     </span>
     <span class='ocr_line' id='line_1_35' title="bbox 408 4628 1746 4697; baseline 0.004 -18"><span class='ocrx_word' id='word_1_342' title='bbox 408 4630 530 4680; x_wconf 81' lang='lat' dir='ltr'><strong>Vosstsui</strong></span> <span class='ocrx_word' id='word_1_343' title='bbox 548 4628 677 4694; x_wconf 76' lang='lat' dir='ltr'><strong>Appulet3</strong></span> <span class='ocrx_word' id='word_1_344' title='bbox 700 4630 828 4682; x_wconf 70' lang='lat' dir='ltr'><strong>atbteuam</strong></span> <span class='ocrx_word' id='word_1_345' title='bbox 850 4634 918 4684; x_wconf 79' lang='lat' dir='ltr'><strong>Festi</strong></span> <span class='ocrx_word' id='word_1_346' title='bbox 941 4630 1028 4697; x_wconf 81' lang='lat' dir='ltr'><strong>glossa</strong></span> <span class='ocrx_word' id='word_1_347' title='bbox 1047 4632 1081 4695; x_wconf 75' lang='lat' dir='ltr'><strong>tp.</strong></span> <span class='ocrx_word' id='word_1_348' title='bbox 1095 4629 1144 4680; x_wconf 85' lang='grc'><strong>306</strong></span> <span class='ocrx_word' id='word_1_349' title='bbox 1162 4630 1219 4692; x_wconf 82' lang='lat' dir='ltr'><strong>ll.);</strong></span> <span class='ocrx_word' id='word_1_350' title='bbox 1242 4629 1345 4681; x_wconf 68' lang='lat' dir='ltr'><strong>metm</strong></span> <span class='ocrx_word' id='word_1_351' title='bbox 1361 4629 1428 4690; x_wconf 80' lang='lat' dir='ltr'><strong>ao,</strong></span> <span class='ocrx_word' id='word_1_352' title='bbox 1447 4630 1508 4682; x_wconf 88' lang='lat' dir='ltr'><strong>cod.</strong></span> <span class='ocrx_word' id='word_1_353' title='bbox 1527 4633 1595 4684; x_wconf 78' lang='lat' dir='ltr'><strong>Festi</strong></span> <span class='ocrx_word' id='word_1_354' title='bbox 1613 4634 1649 4696; x_wconf 80' lang='lat' dir='ltr'><strong>(in</strong></span> <span class='ocrx_word' id='word_1_355' title='bbox 1665 4646 1746 4684; x_wconf 88' lang='lat' dir='ltr'><strong>versu</strong></span> 
     </span>
     <span class='ocr_line' id='line_1_36' title="bbox 409 4703 1746 4771; baseline 0.004 -17"><span class='ocrx_word' id='word_1_356' title='bbox 409 4704 551 4765; x_wconf 73' lang='grc' dir='ltr'>Ειιιιίιιιιο),</span> <span class='ocrx_word' id='word_1_357' title='bbox 574 4704 686 4769; x_wconf 80' lang='lat' dir='ltr'><strong>Appulet</strong></span> <span class='ocrx_word' id='word_1_358' title='bbox 703 4706 884 4767; x_wconf 83' lang='lat' dir='ltr'><strong>Florentinus,</strong></span> <span class='ocrx_word' id='word_1_359' title='bbox 908 4707 1011 4758; x_wconf 87' lang='lat' dir='ltr'><strong>Probus</strong></span> <span class='ocrx_word' id='word_1_360' title='bbox 1033 4706 1072 4767; x_wconf 84' lang='lat' dir='ltr'><strong>(in</strong></span> <span class='ocrx_word' id='word_1_361' title='bbox 1089 4703 1186 4769; x_wconf 83' lang='lat' dir='ltr'><strong>Vergil.</strong></span> <span class='ocrx_word' id='word_1_362' title='bbox 1205 4703 1259 4755; x_wconf 88' lang='lat' dir='ltr'><strong>Eol.</strong></span> <span class='ocrx_word' id='word_1_363' title='bbox 1279 4706 1304 4767; x_wconf 85' lang='lat'><strong>6,</strong></span> <span class='ocrx_word' id='word_1_364' title='bbox 1322 4704 1350 4755; x_wconf 81' lang='grc'><strong>34</strong></span> <span class='ocrx_word' id='word_1_365' title='bbox 1370 4719 1397 4770; x_wconf 94' lang='lat' dir='ltr'><strong>p.</strong></span> <span class='ocrx_word' id='word_1_366' title='bbox 1411 4707 1438 4756; x_wconf 95' lang='grc'><strong>44</strong></span> <span class='ocrx_word' id='word_1_367' title='bbox 1460 4704 1537 4769; x_wconf 84' lang='lat' dir='ltr'><strong>ltell).</strong></span> <span class='ocrx_word' id='word_1_368' title='bbox 1561 4706 1601 4757; x_wconf 80' lang='lat' dir='ltr'><strong>ct.</strong></span> <span class='ocrx_word' id='word_1_369' title='bbox 1619 4707 1635 4771; x_wconf 67' lang='grc'>5</span> <span class='ocrx_word' id='word_1_370' title='bbox 1652 4707 1693 4759; x_wconf 84' lang='grc'><strong>68.</strong></span> <span class='ocrx_word' id='word_1_371' title='bbox 1711 4708 1746 4759; x_wconf 83' lang='grc'><strong>441</strong></span> 
     </span>
     <span class='ocr_line' id='line_1_37' title="bbox 410 4780 1745 4844; baseline 0.002 -13"><span class='ocrx_word' id='word_1_372' title='bbox 410 4780 442 4844; x_wconf 70' lang='lat'><strong>58</strong></span> <span class='ocrx_word' id='word_1_373' title='bbox 461 4781 501 4831; x_wconf 87' lang='lat' dir='ltr'><strong>ttt.</strong></span> <span class='ocrx_word' id='word_1_374' title='bbox 520 4780 561 4831; x_wconf 83' lang='grc'><strong>40.</strong></span> <span class='ocrx_word' id='word_1_375' title='bbox 582 4804 609 4815; x_wconf 92' lang='grc'><strong>-</strong></span> <span class='ocrx_word' id='word_1_376' title='bbox 636 4780 727 4829; x_wconf 72' lang='lat' dir='ltr'><strong>eudem</strong></span> <span class='ocrx_word' id='word_1_377' title='bbox 747 4782 766 4832; x_wconf 87' lang='lat' dir='ltr'>C</span> <span class='ocrx_word' id='word_1_378' title='bbox 790 4806 819 4819; x_wconf 94' lang='lat'>-</span> <span class='ocrx_word' id='word_1_379' title='bbox 846 4782 967 4831; x_wconf 81' lang='lat' dir='ltr'><strong>tnuoeont</strong></span> <span class='ocrx_word' id='word_1_380' title='bbox 987 4794 1057 4831; x_wconf 87' lang='lat' dir='ltr'><strong>corr.</strong></span> <span class='ocrx_word' id='word_1_381' title='bbox 1076 4794 1110 4831; x_wconf 83' lang='lat' dir='ltr'><strong>ex</strong></span> <span class='ocrx_word' id='word_1_382' title='bbox 1129 4781 1233 4831; x_wconf 75' lang='lat' dir='ltr'><strong>inuocat</strong></span> <span class='ocrx_word' id='word_1_383' title='bbox 1252 4781 1287 4840; x_wconf 88' lang='lat' dir='ltr'><strong>B;</strong></span> <span class='ocrx_word' id='word_1_384' title='bbox 1310 4785 1405 4831; x_wconf 68' lang='lat' dir='ltr'><strong>socom</strong></span> <span class='ocrx_word' id='word_1_385' title='bbox 1429 4781 1522 4832; x_wconf 84' lang='lat' dir='ltr'><strong>Festus</strong></span> <span class='ocrx_word' id='word_1_386' title='bbox 1540 4782 1568 4831; x_wconf 88' lang='lat' dir='ltr'><strong>et</strong></span> <span class='ocrx_word' id='word_1_387' title='bbox 1583 4781 1696 4834; x_wconf 79' lang='lat' dir='ltr'><strong>Probus.</strong></span> <span class='ocrx_word' id='word_1_388' title='bbox 1716 4810 1745 4822; x_wconf 92' lang='lat'>-</span> 
     </span>
     <span class='ocr_line' id='line_1_38' title="bbox 408 4854 1745 4920; baseline 0.002 -15"><span class='ocrx_word' id='word_1_389' title='bbox 408 4854 435 4906; x_wconf 88' lang='grc'><strong>4.</strong></span> <span class='ocrx_word' id='word_1_390' title='bbox 453 4856 525 4920; x_wconf 62' lang='lat' dir='ltr'><strong>nuo]</strong></span> <span class='ocrx_word' id='word_1_391' title='bbox 542 4854 652 4905; x_wconf 74' lang='lat' dir='ltr'><strong>notua</strong></span> <span class='ocrx_word' id='word_1_392' title='bbox 671 4882 699 4895; x_wconf 90' lang='lat'>-</span> <span class='ocrx_word' id='word_1_393' title='bbox 724 4857 748 4906; x_wconf 85' lang='lat' dir='ltr'><strong>e.</strong></span> <span class='ocrx_word' id='word_1_394' title='bbox 766 4861 794 4905; x_wconf 82' lang='lat' dir='ltr'><strong>ot</strong></span> <span class='ocrx_word' id='word_1_395' title='bbox 810 4857 876 4907; x_wconf 64' lang='lat' dir='ltr'><strong>dem</strong></span> <span class='ocrx_word' id='word_1_396' title='bbox 892 4858 918 4907; x_wconf 86' lang='lat' dir='ltr'><strong>tu</strong></span> <span class='ocrx_word' id='word_1_397' title='bbox 936 4868 989 4907; x_wconf 89' lang='lat' dir='ltr'><strong>ras.</strong></span> <span class='ocrx_word' id='word_1_398' title='bbox 1008 4861 1029 4906; x_wconf 83' lang='grc' dir='ltr'><strong>Α</strong></span> <span class='ocrx_word' id='word_1_399' title='bbox 1048 4883 1076 4894; x_wconf 97' lang='grc'>-</span> <span class='ocrx_word' id='word_1_400' title='bbox 1099 4856 1125 4906; x_wconf 82' lang='grc'><strong>4.</strong></span> <span class='ocrx_word' id='word_1_401' title='bbox 1142 4854 1219 4919; x_wconf 81' lang='lat' dir='ltr'><strong>baud]</strong></span> <span class='ocrx_word' id='word_1_402' title='bbox 1237 4860 1283 4906; x_wconf 82' lang='lat' dir='ltr'><strong>out</strong></span> <span class='ocrx_word' id='word_1_403' title='bbox 1299 4856 1329 4907; x_wconf 90' lang='lat' dir='ltr'><strong>e¹</strong></span> <span class='ocrx_word' id='word_1_404' title='bbox 1348 4881 1375 4893; x_wconf 84' lang='lat'><em>-</em></span> <span class='ocrx_word' id='word_1_405' title='bbox 1394 4855 1419 4907; x_wconf 84' lang='lat'><strong>8.</strong></span> <span class='ocrx_word' id='word_1_406' title='bbox 1439 4856 1488 4918; x_wconf 79' lang='lat' dir='ltr'><strong>Qut</strong></span> <span class='ocrx_word' id='word_1_407' title='bbox 1504 4858 1570 4907; x_wconf 78' lang='lat' dir='ltr'><strong>enim</strong></span> <span class='ocrx_word' id='word_1_408' title='bbox 1587 4856 1745 4910; x_wconf 81' lang='lat' dir='ltr'><strong>Lambinus:</strong></span> 
     </span>
     <span class='ocr_line' id='line_1_39' title="bbox 410 4929 1746 4996; baseline 0.003 -15"><span class='ocrx_word' id='word_1_409' title='bbox 410 4932 472 4993; x_wconf 72' lang='lat' dir='ltr'><strong>geio</strong></span> <span class='ocrx_word' id='word_1_410' title='bbox 489 4933 556 4981; x_wconf 80' lang='lat' dir='ltr'><strong>enlm</strong></span> <span class='ocrx_word' id='word_1_411' title='bbox 576 4930 639 4982; x_wconf 79' lang='lat' dir='ltr'><strong>uo.</strong></span> <span class='ocrx_word' id='word_1_412' title='bbox 663 4929 702 4982; x_wconf 79' lang='lat' dir='ltr'><strong>ct.</strong></span> <span class='ocrx_word' id='word_1_413' title='bbox 721 4931 824 4995; x_wconf 85' lang='lat' dir='ltr'><strong>ltadvig</strong></span> <span class='ocrx_word' id='word_1_414' title='bbox 842 4933 937 4996; x_wconf 85' lang='lat' dir='ltr'><strong>opusc.</strong></span> <span class='ocrx_word' id='word_1_415' title='bbox 956 4930 1039 4981; x_wconf 72' lang='lat' dir='ltr'><strong>lead.</strong></span> <span class='ocrx_word' id='word_1_416' title='bbox 1057 4932 1078 4981; x_wconf 91' lang='lat' dir='ltr'><strong>ll</strong></span> <span class='ocrx_word' id='word_1_417' title='bbox 1097 4944 1123 4995; x_wconf 88' lang='lat' dir='ltr'><strong>p.</strong></span> <span class='ocrx_word' id='word_1_418' title='bbox 1141 4931 1190 4981; x_wconf 74' lang='lat'><strong>265</strong></span> <span class='ocrx_word' id='word_1_419' title='bbox 1207 4930 1269 4981; x_wconf 85' lang='lat' dir='ltr'><strong>adu.</strong></span> <span class='ocrx_word' id='word_1_420' title='bbox 1290 4957 1318 4967; x_wconf 92' lang='lat'><em>-</em></span> <span class='ocrx_word' id='word_1_421' title='bbox 1341 4932 1381 4981; x_wconf 83' lang='lat' dir='ltr'><strong>tt.</strong></span> <span class='ocrx_word' id='word_1_422' title='bbox 1399 4932 1487 4982; x_wconf 78' lang='lat' dir='ltr'><strong>saeclis</strong></span> <span class='ocrx_word' id='word_1_423' title='bbox 1503 4930 1571 4981; x_wconf 77' lang='lat' dir='ltr'><strong>AB:</strong></span> <span class='ocrx_word' id='word_1_424' title='bbox 1590 4932 1661 4983; x_wconf 82' lang='lat' dir='ltr'><strong>sectis</strong></span> <span class='ocrx_word' id='word_1_425' title='bbox 1676 4933 1746 4996; x_wconf 74' lang='grc' dir='ltr'><strong>ΟΕ,</strong></span> 
     </span>
     <span class='ocr_line' id='line_1_40' title="bbox 408 5002 1748 5069; baseline 0.003 -13"><span class='ocrx_word' id='word_1_426' title='bbox 408 5007 496 5056; x_wconf 74' lang='lat' dir='ltr'><strong>soeastts</strong></span> <span class='ocrx_word' id='word_1_427' title='bbox 512 5008 531 5058; x_wconf 92' lang='lat'>0</span> <span class='ocrx_word' id='word_1_428' title='bbox 545 5030 573 5043; x_wconf 91' lang='lat'>-</span> <span class='ocrx_word' id='word_1_429' title='bbox 592 5010 722 5068; x_wconf 66' lang='lat' dir='ltr'><strong>ausuque</strong></span> <span class='ocrx_word' id='word_1_430' title='bbox 739 5002 769 5057; x_wconf 81' lang='lat' dir='ltr'><strong>C¹</strong></span> <span class='ocrx_word' id='word_1_431' title='bbox 783 5032 810 5044; x_wconf 91' lang='lat'>-</span> <span class='ocrx_word' id='word_1_432' title='bbox 828 5007 965 5057; x_wconf 64' lang='lat' dir='ltr'><strong>invocari</strong></span> <span class='ocrx_word' id='word_1_433' title='bbox 982 5005 1041 5057; x_wconf 91' lang='lat' dir='ltr'><strong>cod.</strong></span> <span class='ocrx_word' id='word_1_434' title='bbox 1061 5005 1258 5069; x_wconf 81' lang='lat' dir='ltr'><strong>Glogavtensts:</strong></span> <span class='ocrx_word' id='word_1_435' title='bbox 1281 5006 1423 5056; x_wconf 70' lang='lat' dir='ltr'><strong>teneuram</strong></span> <span class='ocrx_word' id='word_1_436' title='bbox 1439 5004 1480 5065; x_wconf 60' lang='lat' dir='ltr'><strong>‘lh</strong></span> <span class='ocrx_word' id='word_1_437' title='bbox 1499 5005 1548 5057; x_wconf 89' lang='lat' dir='ltr'><strong>sed</strong></span> <span class='ocrx_word' id='word_1_438' title='bbox 1566 5009 1629 5069; x_wconf 81' lang='lat' dir='ltr'><strong>vide</strong></span> <span class='ocrx_word' id='word_1_439' title='bbox 1645 5008 1748 5060; x_wconf 83' lang='lat' dir='ltr'><strong>Sebos-</strong></span> 
     </span>
     <span class='ocr_line' id='line_1_41' title="bbox 407 5080 1748 5146; baseline 0.003 -15"><span class='ocrx_word' id='word_1_440' title='bbox 407 5094 537 5133; x_wconf 89' lang='lat' dir='ltr'><strong>msunum</strong></span> <span class='ocrx_word' id='word_1_441' title='bbox 555 5083 623 5132; x_wconf 83' lang='lat' dir='ltr'><strong>Dies.</strong></span> <span class='ocrx_word' id='word_1_442' title='bbox 641 5082 674 5131; x_wconf 89' lang='lat' dir='ltr'><strong>Vl</strong></span> <span class='ocrx_word' id='word_1_443' title='bbox 692 5095 718 5146; x_wconf 95' lang='lat' dir='ltr'><strong>p.</strong></span> <span class='ocrx_word' id='word_1_444' title='bbox 737 5081 777 5132; x_wconf 87' lang='grc'><strong>43.</strong></span> <span class='ocrx_word' id='word_1_445' title='bbox 799 5108 826 5119; x_wconf 94' lang='grc'><strong>-</strong></span> <span class='ocrx_word' id='word_1_446' title='bbox 846 5083 886 5132; x_wconf 75' lang='lat' dir='ltr'><strong>td.</strong></span> <span class='ocrx_word' id='word_1_447' title='bbox 904 5081 1012 5132; x_wconf 79' lang='lat' dir='ltr'><strong>cosdem</strong></span> <span class='ocrx_word' id='word_1_448' title='bbox 1029 5082 1049 5132; x_wconf 91' lang='lat' dir='ltr'>C</span> <span class='ocrx_word' id='word_1_449' title='bbox 1067 5107 1096 5118; x_wconf 91' lang='lat'><em>-</em></span> <span class='ocrx_word' id='word_1_450' title='bbox 1117 5086 1179 5143; x_wconf 81' lang='lat' dir='ltr'><strong>spot</strong></span> <span class='ocrx_word' id='word_1_451' title='bbox 1195 5081 1275 5132; x_wconf 78' lang='lat' dir='ltr'><strong>ABE</strong></span> <span class='ocrx_word' id='word_1_452' title='bbox 1296 5107 1323 5117; x_wconf 96' lang='lat'>—</span> <span class='ocrx_word' id='word_1_453' title='bbox 1343 5081 1467 5144; x_wconf 69' lang='lat' dir='ltr'><strong>opinionis</strong></span> <span class='ocrx_word' id='word_1_454' title='bbox 1484 5080 1552 5133; x_wconf 83' lang='lat' dir='ltr'><strong>GE:</strong></span> <span class='ocrx_word' id='word_1_455' title='bbox 1571 5084 1699 5146; x_wconf 66' lang='grc'><strong>0144444884,</strong></span> <span class='ocrx_word' id='word_1_456' title='bbox 1717 5085 1748 5135; x_wconf 87' lang='lat' dir='ltr'><strong>ut</strong></span> 
     </span>
     <span class='ocr_line' id='line_1_42' title="bbox 408 5153 1746 5221; baseline 0.003 -15"><span class='ocrx_word' id='word_1_457' title='bbox 408 5157 515 5208; x_wconf 80' lang='lat' dir='ltr'><strong>videtur</strong></span> <span class='ocrx_word' id='word_1_458' title='bbox 531 5160 558 5208; x_wconf 84' lang='lat' dir='ltr'><strong>tu</strong></span> <span class='ocrx_word' id='word_1_459' title='bbox 576 5157 635 5207; x_wconf 91' lang='lat' dir='ltr'><strong>loco</strong></span> <span class='ocrx_word' id='word_1_460' title='bbox 653 5156 777 5217; x_wconf 88' lang='lat' dir='ltr'><strong>evanido,</strong></span> <span class='ocrx_word' id='word_1_461' title='bbox 795 5160 830 5215; x_wconf 79' lang='grc' dir='ltr'><strong>Ας</strong></span> <span class='ocrx_word' id='word_1_462' title='bbox 849 5158 964 5220; x_wconf 73' lang='grc' dir='ltr'><strong>ορ44ι4οιιο</strong></span> <span class='ocrx_word' id='word_1_463' title='bbox 981 5157 1125 5221; x_wconf 86' lang='lat' dir='ltr'><strong>(supersor.</strong></span> <span class='ocrx_word' id='word_1_464' title='bbox 1138 5153 1164 5217; x_wconf 79' lang='lat' dir='ltr'><strong>s‘s)</strong></span> <span class='ocrx_word' id='word_1_465' title='bbox 1182 5156 1221 5215; x_wconf 85' lang='lat' dir='ltr'><strong>B;</strong></span> <span class='ocrx_word' id='word_1_466' title='bbox 1240 5155 1391 5218; x_wconf 72' lang='lat' dir='ltr'><strong>Opinionem</strong></span> <span class='ocrx_word' id='word_1_467' title='bbox 1407 5156 1428 5206; x_wconf 89' lang='lat'>0</span> <span class='ocrx_word' id='word_1_468' title='bbox 1446 5181 1473 5192; x_wconf 92' lang='lat'><em>-</em></span> <span class='ocrx_word' id='word_1_469' title='bbox 1492 5156 1534 5207; x_wconf 91' lang='grc'><strong>48.</strong></span> <span class='ocrx_word' id='word_1_470' title='bbox 1552 5171 1583 5208; x_wconf 86' lang='lat' dir='ltr'><strong>sse</strong></span> <span class='ocrx_word' id='word_1_471' title='bbox 1599 5162 1698 5210; x_wconf 70' lang='lat' dir='ltr'><strong>cossa</strong></span> <span class='ocrx_word' id='word_1_472' title='bbox 1717 5186 1746 5199; x_wconf 92' lang='lat'><em>-</em></span> 
     </span>
     <span class='ocr_line' id='line_1_43' title="bbox 409 5231 1748 5297; baseline 0.001 -14"><span class='ocrx_word' id='word_1_473' title='bbox 409 5233 451 5283; x_wconf 85' lang='grc'><strong>48.</strong></span> <span class='ocrx_word' id='word_1_474' title='bbox 463 5238 488 5284; x_wconf 86' lang='lat' dir='ltr'><strong>et</strong></span> <span class='ocrx_word' id='word_1_475' title='bbox 499 5232 539 5284; x_wconf 82' lang='lat' dir='ltr'><strong>a:</strong></span> <span class='ocrx_word' id='word_1_476' title='bbox 559 5247 612 5284; x_wconf 89' lang='lat' dir='ltr'><strong>om.</strong></span> <span class='ocrx_word' id='word_1_477' title='bbox 626 5235 656 5285; x_wconf 92' lang='lat'><strong>0.</strong></span> <span class='ocrx_word' id='word_1_478' title='bbox 674 5233 733 5284; x_wconf 85' lang='lat' dir='ltr'><strong>vid.</strong></span> <span class='ocrx_word' id='word_1_479' title='bbox 746 5233 850 5297; x_wconf 81' lang='lat' dir='ltr'><strong>ltadvtg</strong></span> <span class='ocrx_word' id='word_1_480' title='bbox 862 5234 896 5284; x_wconf 93' lang='lat' dir='ltr'><strong>ed</strong></span> <span class='ocrx_word' id='word_1_481' title='bbox 908 5235 963 5285; x_wconf 86' lang='lat' dir='ltr'><strong>Cic.</strong></span> <span class='ocrx_word' id='word_1_482' title='bbox 977 5233 1011 5283; x_wconf 89' lang='lat' dir='ltr'><strong>de</strong></span> <span class='ocrx_word' id='word_1_483' title='bbox 1026 5234 1079 5283; x_wconf 85' lang='lat' dir='ltr'><strong>Ftn.</strong></span> <span class='ocrx_word' id='word_1_484' title='bbox 1094 5245 1120 5296; x_wconf 92' lang='lat' dir='ltr'><strong>p.</strong></span> <span class='ocrx_word' id='word_1_485' title='bbox 1134 5231 1193 5283; x_wconf 87' lang='lat' dir='ltr'><strong>sos.</strong></span> <span class='ocrx_word' id='word_1_486' title='bbox 1204 5256 1231 5268; x_wconf 93' lang='lat'><em>-</em></span> <span class='ocrx_word' id='word_1_487' title='bbox 1242 5234 1435 5294; x_wconf 70' lang='lat' dir='ltr'><strong>praesuma:</strong></span> <span class='ocrx_word' id='word_1_488' title='bbox 1452 5234 1685 5295; x_wconf 82' lang='lat' dir='ltr'><strong>proesenttosnltc</strong></span> <span class='ocrx_word' id='word_1_489' title='bbox 1698 5234 1748 5285; x_wconf 76' lang='lat' dir='ltr'><strong>tte</strong></span> 
     </span>
     <span class='ocr_line' id='line_1_44' title="bbox 409 5305 1748 5371; baseline 0.001 -14"><span class='ocrx_word' id='word_1_490' title='bbox 409 5305 446 5370; x_wconf 74' lang='lat' dir='ltr'><strong>(tis</strong></span> <span class='ocrx_word' id='word_1_491' title='bbox 458 5311 485 5358; x_wconf 90' lang='lat' dir='ltr'><strong>in</strong></span> <span class='ocrx_word' id='word_1_492' title='bbox 501 5322 554 5359; x_wconf 83' lang='lat' dir='ltr'><strong>rus.</strong></span> <span class='ocrx_word' id='word_1_493' title='bbox 568 5310 595 5370; x_wconf 84' lang='lat' dir='ltr'><strong>B)</strong></span> <span class='ocrx_word' id='word_1_494' title='bbox 616 5333 644 5344; x_wconf 90' lang='lat'>-</span> <span class='ocrx_word' id='word_1_495' title='bbox 663 5308 700 5357; x_wconf 85' lang='lat' dir='ltr'><strong>dtt</strong></span> <span class='ocrx_word' id='word_1_496' title='bbox 713 5310 748 5359; x_wconf 79' lang='lat' dir='ltr'><strong>ot&#39;</strong></span> <span class='ocrx_word' id='word_1_497' title='bbox 768 5310 802 5371; x_wconf 82' lang='lat' dir='ltr'><strong>[in</strong></span> <span class='ocrx_word' id='word_1_498' title='bbox 820 5321 873 5359; x_wconf 89' lang='lat' dir='ltr'><strong>ras.</strong></span> <span class='ocrx_word' id='word_1_499' title='bbox 886 5321 924 5359; x_wconf 92' lang='lat' dir='ltr'><strong>m.</strong></span> <span class='ocrx_word' id='word_1_500' title='bbox 942 5322 997 5359; x_wconf 89' lang='lat' dir='ltr'><strong>sec.</strong></span> <span class='ocrx_word' id='word_1_501' title='bbox 1011 5307 1096 5359; x_wconf 90' lang='lat' dir='ltr'><strong>multo</strong></span> <span class='ocrx_word' id='word_1_502' title='bbox 1113 5308 1271 5370; x_wconf 86' lang='lat' dir='ltr'><strong>recentiore)</strong></span> <span class='ocrx_word' id='word_1_503' title='bbox 1289 5310 1327 5358; x_wconf 76' lang='lat' dir='ltr'><strong>A:</strong></span> <span class='ocrx_word' id='word_1_504' title='bbox 1348 5308 1401 5358; x_wconf 82' lang='lat' dir='ltr'><strong>dtot</strong></span> <span class='ocrx_word' id='word_1_505' title='bbox 1417 5308 1470 5359; x_wconf 86' lang='lat' dir='ltr'><strong>os&#39;ns</strong></span> <span class='ocrx_word' id='word_1_506' title='bbox 1485 5306 1546 5367; x_wconf 84' lang='lat' dir='ltr'><strong>alti;</strong></span> <span class='ocrx_word' id='word_1_507' title='bbox 1565 5308 1619 5358; x_wconf 81' lang='lat' dir='ltr'><strong>dtut</strong></span> <span class='ocrx_word' id='word_1_508' title='bbox 1635 5307 1748 5358; x_wconf 72' lang='lat' dir='ltr'>ECEO</span> 
     </span>
     <span class='ocr_line' id='line_1_45' title="bbox 410 5381 1748 5448; baseline 0 -16"><span class='ocrx_word' id='word_1_509' title='bbox 410 5407 439 5418; x_wconf 92' lang='lat'>-</span> <span class='ocrx_word' id='word_1_510' title='bbox 457 5387 487 5432; x_wconf 81' lang='lat' dir='ltr'><strong>ut</strong></span> <span class='ocrx_word' id='word_1_511' title='bbox 506 5389 541 5433; x_wconf 84' lang='lat' dir='ltr'><strong>cst</strong></span> <span class='ocrx_word' id='word_1_512' title='bbox 562 5384 632 5445; x_wconf 81' lang='lat' dir='ltr'><strong>opud</strong></span> <span class='ocrx_word' id='word_1_513' title='bbox 653 5384 702 5433; x_wconf 71' lang='grc' dir='ltr'><strong>(ΖΕ</strong></span> <span class='ocrx_word' id='word_1_514' title='bbox 727 5409 754 5420; x_wconf 92' lang='lat'>-</span> <span class='ocrx_word' id='word_1_515' title='bbox 778 5389 840 5446; x_wconf 80' lang='lat' dir='ltr'><strong>aput</strong></span> <span class='ocrx_word' id='word_1_516' title='bbox 862 5385 911 5434; x_wconf 82' lang='grc' dir='ltr'><strong>ΑΒ</strong></span> <span class='ocrx_word' id='word_1_517' title='bbox 931 5411 958 5423; x_wconf 96' lang='grc'><strong>-</strong></span> <span class='ocrx_word' id='word_1_518' title='bbox 976 5384 1018 5434; x_wconf 80' lang='grc'><strong>80.</strong></span> <span class='ocrx_word' id='word_1_519' title='bbox 1036 5396 1095 5433; x_wconf 83' lang='lat' dir='ltr'><strong>eum</strong></span> <span class='ocrx_word' id='word_1_520' title='bbox 1110 5382 1151 5447; x_wconf 81' lang='grc'><strong>4.]</strong></span> <span class='ocrx_word' id='word_1_521' title='bbox 1168 5396 1236 5433; x_wconf 83' lang='lat' dir='ltr'><strong>coco</strong></span> <span class='ocrx_word' id='word_1_522' title='bbox 1252 5386 1287 5442; x_wconf 85' lang='grc' dir='ltr'><strong>Α;</strong></span> <span class='ocrx_word' id='word_1_523' title='bbox 1312 5395 1370 5433; x_wconf 68' lang='grc' dir='ltr'><em>Μ</em></span> <span class='ocrx_word' id='word_1_524' title='bbox 1387 5384 1478 5447; x_wconf 87' lang='lat' dir='ltr'><strong>(erasa</strong></span> <span class='ocrx_word' id='word_1_525' title='bbox 1495 5386 1597 5448; x_wconf 81' lang='lat' dir='ltr'><strong>postus</strong></span> <span class='ocrx_word' id='word_1_526' title='bbox 1613 5381 1748 5444; x_wconf 62' lang='lat' dir='ltr'><strong>litteren</strong></span> 
     </span>
     <span class='ocr_line' id='line_1_46' title="bbox 410 5454 1748 5523; baseline -0.001 -15"><span class='ocrx_word' id='word_1_527' title='bbox 410 5480 439 5493; x_wconf 92' lang='lat'><strong>-·</strong></span> <span class='ocrx_word' id='word_1_528' title='bbox 457 5458 580 5508; x_wconf 76' lang='lat' dir='ltr'><strong>mosntltto</strong></span> <span class='ocrx_word' id='word_1_529' title='bbox 605 5458 703 5516; x_wconf 80' lang='lat' dir='ltr'><strong>aec;</strong></span> <span class='ocrx_word' id='word_1_530' title='bbox 729 5454 884 5510; x_wconf 78' lang='lat' dir='ltr'><strong>mdcitls&#39;oE</strong></span> <span class='ocrx_word' id='word_1_531' title='bbox 908 5485 935 5496; x_wconf 89' lang='lat'>-</span> <span class='ocrx_word' id='word_1_532' title='bbox 958 5459 1219 5522; x_wconf 61' lang='lat' dir='ltr'><strong>repressiones</strong></span> <span class='ocrx_word' id='word_1_533' title='bbox 1243 5484 1272 5495; x_wconf 93' lang='lat'><em>-</em></span> <span class='ocrx_word' id='word_1_534' title='bbox 1298 5458 1394 5523; x_wconf 85' lang='lat' dir='ltr'><strong>nostru]</strong></span> <span class='ocrx_word' id='word_1_535' title='bbox 1411 5471 1444 5509; x_wconf 84' lang='lat' dir='ltr'><strong>sto</strong></span> <span class='ocrx_word' id='word_1_536' title='bbox 1466 5460 1492 5509; x_wconf 90' lang='lat' dir='ltr'><strong>lu</strong></span> <span class='ocrx_word' id='word_1_537' title='bbox 1510 5471 1563 5509; x_wconf 89' lang='lat' dir='ltr'><strong>ras.</strong></span> <span class='ocrx_word' id='word_1_538' title='bbox 1581 5456 1748 5508; x_wconf 79' lang='lat' dir='ltr'><strong>babetll-</strong></span> 
     </span>
     <span class='ocr_line' id='line_1_47' title="bbox 409 5529 1753 5598; baseline 0.001 -17"><span class='ocrx_word' id='word_1_539' title='bbox 409 5531 452 5581; x_wconf 74' lang='grc'><strong>24.</strong></span> <span class='ocrx_word' id='word_1_540' title='bbox 469 5544 565 5594; x_wconf 71' lang='lat' dir='ltr'><strong>persam</strong></span> <span class='ocrx_word' id='word_1_541' title='bbox 582 5529 622 5582; x_wconf 81' lang='lat' dir='ltr'><strong>a:</strong></span> <span class='ocrx_word' id='word_1_542' title='bbox 640 5535 766 5585; x_wconf 83' lang='lat' dir='ltr'><strong>Perch</strong></span> <span class='ocrx_word' id='word_1_543' title='bbox 785 5561 813 5574; x_wconf 90' lang='lat'>-</span> <span class='ocrx_word' id='word_1_544' title='bbox 832 5535 874 5586; x_wconf 77' lang='lat'><strong>23.</strong></span> <span class='ocrx_word' id='word_1_545' title='bbox 892 5535 1151 5586; x_wconf 74' lang='lat' dir='ltr'><strong>mnctcuounttt-</strong></span> <span class='ocrx_word' id='word_1_546' title='bbox 1169 5532 1208 5598; x_wconf 72' lang='lat' dir='ltr'><strong>a]</strong></span> <span class='ocrx_word' id='word_1_547' title='bbox 1223 5532 1341 5596; x_wconf 74' lang='lat' dir='ltr'><strong>pobtlttus</strong></span> <span class='ocrx_word' id='word_1_548' title='bbox 1356 5535 1407 5585; x_wconf 81' lang='lat' dir='ltr'><strong>AB</strong></span> <span class='ocrx_word' id='word_1_549' title='bbox 1419 5572 1426 5596; x_wconf 88' lang='lat'><strong>,</strong></span> <span class='ocrx_word' id='word_1_550' title='bbox 1440 5532 1572 5597; x_wconf 79' lang='lat' dir='ltr'><strong>pubttusc</strong></span> <span class='ocrx_word' id='word_1_551' title='bbox 1587 5558 1614 5569; x_wconf 92' lang='lat'>-</span> <span class='ocrx_word' id='word_1_552' title='bbox 1632 5532 1753 5584; x_wconf 76' lang='lat' dir='ltr'><strong>uots&#39;esus</strong></span> 
     </span>
     <span class='ocr_line' id='line_1_48' title="bbox 408 5604 1750 5672; baseline 0 -14"><span class='ocrx_word' id='word_1_553' title='bbox 408 5604 479 5658; x_wconf 73' lang='lat' dir='ltr'><strong>a·</strong></span> <span class='ocrx_word' id='word_1_554' title='bbox 497 5606 634 5668; x_wconf 64' lang='grc'><strong>4484444,</strong></span> <span class='ocrx_word' id='word_1_555' title='bbox 658 5608 773 5671; x_wconf 80' lang='lat' dir='ltr'><strong>syllbts</strong></span> <span class='ocrx_word' id='word_1_556' title='bbox 794 5610 821 5659; x_wconf 92' lang='lat' dir='ltr'><strong>tn</strong></span> <span class='ocrx_word' id='word_1_557' title='bbox 842 5622 906 5671; x_wconf 79' lang='lat' dir='ltr'><strong>ras,</strong></span> <span class='ocrx_word' id='word_1_558' title='bbox 930 5613 998 5661; x_wconf 76' lang='lat' dir='ltr'><strong>A·</strong></span> <span class='ocrx_word' id='word_1_559' title='bbox 1022 5608 1233 5672; x_wconf 70' lang='lat' dir='ltr'><strong>tbpmemE:</strong></span> <span class='ocrx_word' id='word_1_560' title='bbox 1256 5609 1633 5672; x_wconf 66' lang='lat' dir='ltr'><strong>perarmemus·</strong></span> <span class='ocrx_word' id='word_1_561' title='bbox 1651 5608 1750 5658; x_wconf 66' lang='lat' dir='ltr'><strong>smoesst</strong></span> 
     </span>
     <span class='ocr_line' id='line_1_49' title="bbox 408 5681 1752 5748; baseline 0.001 -17"><span class='ocrx_word' id='word_1_562' title='bbox 408 5681 528 5732; x_wconf 62' lang='lat' dir='ltr'><strong>autaut</strong></span> <span class='ocrx_word' id='word_1_563' title='bbox 544 5687 579 5732; x_wconf 82' lang='lat' dir='ltr'><strong>sot</strong></span> <span class='ocrx_word' id='word_1_564' title='bbox 594 5683 678 5745; x_wconf 75' lang='lat' dir='ltr'><strong>prsno</strong></span> <span class='ocrx_word' id='word_1_565' title='bbox 695 5685 729 5743; x_wconf 75' lang='lat' dir='ltr'><strong>a;</strong></span> <span class='ocrx_word' id='word_1_566' title='bbox 748 5686 846 5735; x_wconf 71' lang='lat' dir='ltr'><strong>motet</strong></span> <span class='ocrx_word' id='word_1_567' title='bbox 861 5685 1048 5735; x_wconf 60' lang='lat' dir='ltr'><strong>nwmoubssnt</strong></span> <span class='ocrx_word' id='word_1_568' title='bbox 1061 5685 1145 5747; x_wconf 68' lang='lat' dir='ltr'><strong>pdmo</strong></span> <span class='ocrx_word' id='word_1_569' title='bbox 1163 5682 1220 5746; x_wconf 85' lang='lat' dir='ltr'><strong>(litt.</strong></span> <span class='ocrx_word' id='word_1_570' title='bbox 1232 5697 1250 5734; x_wconf 84' lang='lat' dir='ltr'><strong>n</strong></span> <span class='ocrx_word' id='word_1_571' title='bbox 1261 5685 1324 5735; x_wconf 88' lang='lat' dir='ltr'><strong>aute</strong></span> <span class='ocrx_word' id='word_1_572' title='bbox 1342 5689 1352 5734; x_wconf 88' lang='lat' dir='ltr'><strong>t</strong></span> <span class='ocrx_word' id='word_1_573' title='bbox 1369 5683 1512 5748; x_wconf 85' lang='lat' dir='ltr'><strong>expuncta)</strong></span> <span class='ocrx_word' id='word_1_574' title='bbox 1523 5683 1557 5742; x_wconf 88' lang='grc'><strong>8;</strong></span> <span class='ocrx_word' id='word_1_575' title='bbox 1575 5682 1752 5733; x_wconf 65' lang='lat' dir='ltr'><strong>mutem-</strong></span> 
     </span>
     <span class='ocr_line' id='line_1_50' title="bbox 408 5754 1751 5823; baseline -0.001 -16"><span class='ocrx_word' id='word_1_576' title='bbox 408 5758 494 5807; x_wconf 82' lang='lat' dir='ltr'><strong>ts&#39;ussat</strong></span> <span class='ocrx_word' id='word_1_577' title='bbox 508 5758 591 5819; x_wconf 74' lang='lat' dir='ltr'><strong>primo</strong></span> <span class='ocrx_word' id='word_1_578' title='bbox 609 5759 647 5818; x_wconf 70' lang='lat' dir='ltr'><strong>C,</strong></span> <span class='ocrx_word' id='word_1_579' title='bbox 666 5760 765 5808; x_wconf 70' lang='lat' dir='ltr'><strong>svumsl</strong></span> <span class='ocrx_word' id='word_1_580' title='bbox 780 5760 948 5812; x_wconf 58' lang='lat' dir='ltr'><strong>concluderet</strong></span> <span class='ocrx_word' id='word_1_581' title='bbox 961 5760 1047 5823; x_wconf 80' lang='lat' dir='ltr'><strong>pss‘nso</strong></span> <span class='ocrx_word' id='word_1_582' title='bbox 1063 5760 1101 5819; x_wconf 69' lang='grc' dir='ltr'><strong>ῖς</strong></span> <span class='ocrx_word' id='word_1_583' title='bbox 1119 5760 1267 5821; x_wconf 60' lang='lat' dir='ltr'><strong>modom</strong></span> <span class='ocrx_word' id='word_1_584' title='bbox 1282 5759 1459 5820; x_wconf 68' lang='lat' dir='ltr'><strong>multorom,</strong></span> <span class='ocrx_word' id='word_1_585' title='bbox 1474 5760 1560 5820; x_wconf 66' lang='lat' dir='ltr'><strong>prem</strong></span> <span class='ocrx_word' id='word_1_586' title='bbox 1576 5755 1636 5807; x_wconf 88' lang='lat' dir='ltr'><strong>cod.</strong></span> <span class='ocrx_word' id='word_1_587' title='bbox 1655 5754 1751 5821; x_wconf 82' lang='lat' dir='ltr'><strong>Glogs-</strong></span> 
     </span>
     <span class='ocr_line' id='line_1_51' title="bbox 410 5824 1752 5899; baseline 0.002 -18"><span class='ocrx_word' id='word_1_588' title='bbox 410 5831 518 5882; x_wconf 82' lang='lat' dir='ltr'><strong>viensis.</strong></span> <span class='ocrx_word' id='word_1_589' title='bbox 540 5858 567 5868; x_wconf 95' lang='lat'>-</span> <span class='ocrx_word' id='word_1_590' title='bbox 585 5831 627 5883; x_wconf 76' lang='lat'><strong>26.</strong></span> <span class='ocrx_word' id='word_1_591' title='bbox 646 5824 685 5892; x_wconf 64' lang='lat'><strong>¹0</strong></span> <span class='ocrx_word' id='word_1_592' title='bbox 700 5830 729 5896; x_wconf 75' lang='lat' dir='ltr'><strong>p.</strong></span> <span class='ocrx_word' id='word_1_593' title='bbox 747 5837 768 5884; x_wconf 84' lang='grc' dir='ltr'><strong>Α</strong></span> <span class='ocrx_word' id='word_1_594' title='bbox 788 5860 816 5871; x_wconf 87' lang='grc'><strong>-</strong></span> <span class='ocrx_word' id='word_1_595' title='bbox 835 5848 928 5899; x_wconf 83' lang='lat' dir='ltr'><strong>osup.</strong></span> <span class='ocrx_word' id='word_1_596' title='bbox 947 5833 993 5887; x_wconf 90' lang='lat' dir='ltr'><strong>ltu.</strong></span> <span class='ocrx_word' id='word_1_597' title='bbox 1011 5838 1047 5894; x_wconf 85' lang='grc' dir='ltr'><strong>Α;</strong></span> <span class='ocrx_word' id='word_1_598' title='bbox 1065 5848 1120 5885; x_wconf 91' lang='lat' dir='ltr'><strong>om.</strong></span> <span class='ocrx_word' id='word_1_599' title='bbox 1140 5834 1159 5884; x_wconf 89' lang='lat' dir='ltr'>E</span> <span class='ocrx_word' id='word_1_600' title='bbox 1180 5859 1207 5871; x_wconf 95' lang='lat'>-</span> <span class='ocrx_word' id='word_1_601' title='bbox 1225 5834 1267 5885; x_wconf 79' lang='lat' dir='ltr'><strong>et.</strong></span> <span class='ocrx_word' id='word_1_602' title='bbox 1286 5845 1304 5883; x_wconf 83' lang='lat' dir='ltr'><strong>o</strong></span> <span class='ocrx_word' id='word_1_603' title='bbox 1320 5845 1380 5897; x_wconf 89' lang='lat' dir='ltr'><strong>sup.</strong></span> <span class='ocrx_word' id='word_1_604' title='bbox 1398 5832 1476 5885; x_wconf 78' lang='lat' dir='ltr'><strong>linit</strong></span> <span class='ocrx_word' id='word_1_605' title='bbox 1494 5856 1523 5869; x_wconf 92' lang='lat'><strong>·-</strong></span> <span class='ocrx_word' id='word_1_606' title='bbox 1545 5832 1587 5883; x_wconf 77' lang='lat'><strong>28.</strong></span> <span class='ocrx_word' id='word_1_607' title='bbox 1604 5832 1752 5884; x_wconf 70' lang='lat' dir='ltr'><strong>mosum</strong></span> 
     </span>
     <span class='ocr_line' id='line_1_52' title="bbox 408 5906 1749 5972; baseline 0.002 -15"><span class='ocrx_word' id='word_1_608' title='bbox 408 5908 441 5957; x_wconf 73' lang='lat' dir='ltr'><strong>At</strong></span> <span class='ocrx_word' id='word_1_609' title='bbox 462 5930 489 5945; x_wconf 89' lang='lat'>-</span> <span class='ocrx_word' id='word_1_610' title='bbox 510 5907 571 5970; x_wconf 87' lang='lat' dir='ltr'><strong>post</strong></span> <span class='ocrx_word' id='word_1_611' title='bbox 586 5906 650 5959; x_wconf 78' lang='lat' dir='ltr'><strong>toort</strong></span> <span class='ocrx_word' id='word_1_612' title='bbox 667 5921 790 5959; x_wconf 88' lang='lat' dir='ltr'><strong>rasuram</strong></span> <span class='ocrx_word' id='word_1_613' title='bbox 808 5910 887 5960; x_wconf 85' lang='lat' dir='ltr'><strong>uatus</strong></span> <span class='ocrx_word' id='word_1_614' title='bbox 902 5908 946 5961; x_wconf 79' lang='lat' dir='ltr'><strong>vel</strong></span> <span class='ocrx_word' id='word_1_615' title='bbox 963 5908 1079 5961; x_wconf 86' lang='lat' dir='ltr'><strong>duarum</strong></span> <span class='ocrx_word' id='word_1_616' title='bbox 1096 5907 1245 5963; x_wconf 81' lang='lat' dir='ltr'><strong>litterarum</strong></span> <span class='ocrx_word' id='word_1_617' title='bbox 1261 5906 1382 5962; x_wconf 72' lang='lat' dir='ltr'><strong>habeta</strong></span> <span class='ocrx_word' id='word_1_618' title='bbox 1402 5932 1430 5945; x_wconf 90' lang='lat'>-</span> <span class='ocrx_word' id='word_1_619' title='bbox 1447 5906 1490 5959; x_wconf 79' lang='grc'><strong>48.</strong></span> <span class='ocrx_word' id='word_1_620' title='bbox 1504 5906 1605 5972; x_wconf 78' lang='lat' dir='ltr'><strong>prostto</strong></span> <span class='ocrx_word' id='word_1_621' title='bbox 1620 5907 1701 5960; x_wconf 73' lang='grc'><strong>,480</strong></span> <span class='ocrx_word' id='word_1_622' title='bbox 1721 5933 1749 5946; x_wconf 92' lang='grc'><strong>-</strong></span> 
     </span>
    </p>
   </div>
   <div class='ocr_carea' id='block_1_4' title="bbox 409 5980 1139 6050">
    <p class='ocr_par' dir='ltr' id='par_1_6' title="bbox 409 5980 1139 6050">
     <span class='ocr_line' id='line_1_53' title="bbox 409 5980 1139 6050; baseline 0.005 -16"><span class='ocrx_word' id='word_1_623' title='bbox 409 5980 1139 6050; x_wconf 64' lang='grc' dir='ltr'><strong>88.ο4νρ444;ο4μιιρ488;ο444ω4ωο;ο44ψ448.</strong></span> 
     </span>
    </p>
   </div>
   <div class='ocr_carea' id='block_1_5' title="bbox 0 0 2177 7459">
    <p class='ocr_par' dir='ltr' id='par_1_7' title="bbox 0 0 2177 7459">
     <span class='ocr_line' id='line_1_54' title="bbox 0 0 2177 7459; baseline 0 0"><span class='ocrx_word' id='word_1_624' title='bbox 0 0 2177 7459; x_wconf 95' lang='lat' dir='ltr'><strong> </strong></span> 
     </span>
    </p>
   </div>
  </div>
 </body>
</html>
