<?xml version="1.0" encoding="UTF-8"?>
<!DOCTYPE html PUBLIC "-//W3C//DTD XHTML 1.0 Transitional//EN"
    "http://www.w3.org/TR/xhtml1/DTD/xhtml1-transitional.dtd">
<html xmlns="http://www.w3.org/1999/xhtml" xml:lang="en" lang="en">
 <head>
  <title>
</title>
<meta http-equiv="Content-Type" content="text/html;charset=utf-8" />
  <meta name='ocr-system' content='tesseract 3.04.00' />
  <meta name='ocr-capabilities' content='ocr_page ocr_carea ocr_par ocr_line ocrx_word'/>
</head>
<body>
  <div class='ocr_page' id='page_1' title='image "./operaquaesupers00halmgoog/operaquaesupers00halmgoog_0651.png"; bbox 0 0 4342 7459; ppageno 0'>
   <div class='ocr_carea' id='block_1_1' title="bbox 759 1202 1738 1345">
    <p class='ocr_par' dir='ltr' id='par_1_1' title="bbox 759 1202 1738 1345">
     <span class='ocr_line' id='line_1_1' title="bbox 759 1202 1738 1345; baseline 0.002 -20"><span class='ocrx_word' id='word_1_1' title='bbox 759 1259 833 1325; x_wconf 74' lang='lat' dir='ltr'><strong>cn.</strong></span> <span class='ocrx_word' id='word_1_2' title='bbox 854 1260 1116 1327; x_wconf 79' lang='lat' dir='ltr'><strong>xxa-xxiv.</strong></span> <span class='ocrx_word' id='word_1_3' title='bbox 1142 1258 1188 1345; x_wconf 69' lang='lat' dir='ltr'><strong>§e</strong></span> <span class='ocrx_word' id='word_1_4' title='bbox 1210 1257 1358 1327; x_wconf 83' lang='lat' dir='ltr'><strong>sa-es.</strong></span> <span class='ocrx_word' id='word_1_5' title='bbox 1393 1202 1400 1216; x_wconf 50' lang='lat'><strong>⁹</strong></span> <span class='ocrx_word' id='word_1_6' title='bbox 1673 1259 1738 1327; x_wconf 81' lang='lat' dir='ltr'><strong>ene</strong></span> 
     </span>
    </p>
   </div>
   <div class='ocr_carea' id='block_1_2' title="bbox 406 1417 1776 4885">
    <p class='ocr_par' dir='ltr' id='par_1_2' title="bbox 411 1417 1739 1598">
     <span class='ocr_line' id='line_1_2' title="bbox 411 1417 1739 1507; baseline 0.001 -21"><span class='ocrx_word' id='word_1_7' title='bbox 411 1417 527 1486; x_wconf 84' lang='lat' dir='ltr'><strong>officiis</strong></span> <span class='ocrx_word' id='word_1_8' title='bbox 555 1426 686 1503; x_wconf 88' lang='lat' dir='ltr'><strong>repente</strong></span> <span class='ocrx_word' id='word_1_9' title='bbox 714 1420 748 1484; x_wconf 88' lang='lat' dir='ltr'><strong>in</strong></span> <span class='ocrx_word' id='word_1_10' title='bbox 775 1420 880 1484; x_wconf 88' lang='lat' dir='ltr'><strong>medio</strong></span> <span class='ocrx_word' id='word_1_11' title='bbox 908 1440 1002 1485; x_wconf 88' lang='lat' dir='ltr'><strong>cursu</strong></span> <span class='ocrx_word' id='word_1_12' title='bbox 1029 1421 1185 1487; x_wconf 90' lang='lat' dir='ltr'><strong>amicitias</strong></span> <span class='ocrx_word' id='word_1_13' title='bbox 1215 1430 1326 1488; x_wconf 85' lang='lat' dir='ltr'><strong>exorta</strong></span> <span class='ocrx_word' id='word_1_14' title='bbox 1346 1422 1454 1507; x_wconf 85' lang='lat' dir='ltr'><strong>aliqua</strong></span> <span class='ocrx_word' id='word_1_15' title='bbox 1475 1423 1652 1487; x_wconf 77' lang='lat' dir='ltr'><strong>saeuiens</strong></span> <span class='ocrx_word' id='word_1_16' title='bbox 1672 1422 1739 1487; x_wconf 90' lang='lat' dir='ltr'><strong>dis·</strong></span> 
     </span>
     <span class='ocr_line' id='line_1_3' title="bbox 411 1535 597 1598; baseline -0.016 -18"><span class='ocrx_word' id='word_1_17' title='bbox 411 1535 597 1598; x_wconf 80' lang='lat' dir='ltr'><strong>rumpimus.</strong></span> 
     </span>
    </p>

    <p class='ocr_par' dir='ltr' id='par_1_3' title="bbox 406 1605 1776 4487">
     <span class='ocr_line' id='line_1_4' title="bbox 497 1605 1738 1694; baseline 0.003 -25"><span class='ocrx_word' id='word_1_18' title='bbox 497 1608 615 1671; x_wconf 84' lang='lat' dir='ltr'><strong>xxltl.</strong></span> <span class='ocrx_word' id='word_1_19' title='bbox 636 1605 688 1672; x_wconf 80' lang='lat'><strong>86.</strong></span> <span class='ocrx_word' id='word_1_20' title='bbox 710 1609 783 1684; x_wconf 88' lang='lat' dir='ltr'><strong>Quo</strong></span> <span class='ocrx_word' id='word_1_21' title='bbox 805 1608 900 1673; x_wconf 86' lang='lat' dir='ltr'><strong>etiam</strong></span> <span class='ocrx_word' id='word_1_22' title='bbox 923 1610 1023 1692; x_wconf 90' lang='lat' dir='ltr'><strong>magis</strong></span> <span class='ocrx_word' id='word_1_23' title='bbox 1042 1612 1250 1694; x_wconf 87' lang='lat' dir='ltr'><strong>vituperanda</strong></span> <span class='ocrx_word' id='word_1_24' title='bbox 1265 1618 1313 1674; x_wconf 90' lang='lat' dir='ltr'><strong>est</strong></span> <span class='ocrx_word' id='word_1_25' title='bbox 1328 1612 1374 1674; x_wconf 92' lang='lat' dir='ltr'><strong>rei</strong></span> <span class='ocrx_word' id='word_1_26' title='bbox 1390 1610 1526 1676; x_wconf 84' lang='lat' dir='ltr'><strong>maxime</strong></span> <span class='ocrx_word' id='word_1_27' title='bbox 1541 1608 1738 1674; x_wconf 70' lang='lat' dir='ltr'><strong>necessariae</strong></span> 
     </span>
     <span class='ocr_line' id='line_1_5' title="bbox 410 1702 1738 1779; baseline -0.002 -12"><span class='ocrx_word' id='word_1_28' title='bbox 410 1708 498 1767; x_wconf 69' lang='lat' dir='ltr'><strong>unta</strong></span> <span class='ocrx_word' id='word_1_29' title='bbox 519 1702 651 1766; x_wconf 88' lang='lat' dir='ltr'><strong>incuria.</strong></span> <span class='ocrx_word' id='word_1_30' title='bbox 695 1702 762 1766; x_wconf 88' lang='lat' dir='ltr'><strong>Una</strong></span> <span class='ocrx_word' id='word_1_31' title='bbox 783 1711 832 1765; x_wconf 90' lang='lat' dir='ltr'><strong>est</strong></span> <span class='ocrx_word' id='word_1_32' title='bbox 853 1703 939 1765; x_wconf 89' lang='lat' dir='ltr'><strong>euim</strong></span> <span class='ocrx_word' id='word_1_33' title='bbox 960 1705 1099 1768; x_wconf 89' lang='lat' dir='ltr'><strong>amicitia</strong></span> <span class='ocrx_word' id='word_1_34' title='bbox 1120 1706 1154 1768; x_wconf 91' lang='lat' dir='ltr'><strong>in</strong></span> <span class='ocrx_word' id='word_1_35' title='bbox 1176 1705 1271 1767; x_wconf 84' lang='lat' dir='ltr'><strong>rebus</strong></span> <span class='ocrx_word' id='word_1_36' title='bbox 1291 1704 1454 1779; x_wconf 86' lang='lat' dir='ltr'><strong>humanis,</strong></span> <span class='ocrx_word' id='word_1_37' title='bbox 1477 1704 1517 1767; x_wconf 89' lang='lat' dir='ltr'><strong>de</strong></span> <span class='ocrx_word' id='word_1_38' title='bbox 1538 1703 1629 1767; x_wconf 80' lang='lat' dir='ltr'><strong>errius</strong></span> <span class='ocrx_word' id='word_1_39' title='bbox 1652 1702 1738 1766; x_wconf 84' lang='lat' dir='ltr'><strong>utili·</strong></span> 
     </span>
     <span class='ocr_line' id='line_1_6' title="bbox 411 1797 1762 1882; baseline 0.001 -24"><span class='ocrx_word' id='word_1_40' title='bbox 411 1801 475 1858; x_wconf 88' lang='lat' dir='ltr'><strong>tate</strong></span> <span class='ocrx_word' id='word_1_41' title='bbox 504 1815 615 1858; x_wconf 91' lang='lat' dir='ltr'><strong>omnes</strong></span> <span class='ocrx_word' id='word_1_42' title='bbox 645 1815 709 1857; x_wconf 92' lang='lat' dir='ltr'><strong>uno</strong></span> <span class='ocrx_word' id='word_1_43' title='bbox 739 1815 793 1858; x_wconf 86' lang='lat' dir='ltr'><strong>ore</strong></span> <span class='ocrx_word' id='word_1_44' title='bbox 816 1797 1035 1859; x_wconf 89' lang='lat' dir='ltr'><strong>consentiunt:</strong></span> <span class='ocrx_word' id='word_1_45' title='bbox 1066 1817 1258 1882; x_wconf 89' lang='lat' dir='ltr'><strong>quamquam</strong></span> <span class='ocrx_word' id='word_1_46' title='bbox 1282 1817 1300 1860; x_wconf 93' lang='lat' dir='ltr'><strong>a</strong></span> <span class='ocrx_word' id='word_1_47' title='bbox 1322 1798 1428 1860; x_wconf 87' lang='lat' dir='ltr'><strong>multis</strong></span> <span class='ocrx_word' id='word_1_48' title='bbox 1450 1797 1549 1859; x_wconf 86' lang='lat' dir='ltr'><strong>virtus</strong></span> <span class='ocrx_word' id='word_1_49' title='bbox 1573 1798 1643 1879; x_wconf 85' lang='lat' dir='ltr'><strong>ipsa</strong></span> <span class='ocrx_word' id='word_1_50' title='bbox 1662 1803 1762 1861; x_wconf 55' lang='lat' dir='ltr'><strong>cond</strong></span> 
     </span>
     <span class='ocr_line' id='line_1_7' title="bbox 410 1889 1738 1974; baseline 0.002 -23"><span class='ocrx_word' id='word_1_51' title='bbox 410 1890 559 1952; x_wconf 78' lang='lat' dir='ltr'><strong>temnitur</strong></span> <span class='ocrx_word' id='word_1_52' title='bbox 591 1898 623 1952; x_wconf 91' lang='lat' dir='ltr'><strong>et</strong></span> <span class='ocrx_word' id='word_1_53' title='bbox 655 1889 828 1952; x_wconf 75' lang='lat' dir='ltr'><strong>venditatio</strong></span> <span class='ocrx_word' id='word_1_54' title='bbox 861 1889 1017 1973; x_wconf 75' lang='lat' dir='ltr'>quaedam</span> <span class='ocrx_word' id='word_1_55' title='bbox 1048 1899 1143 1974; x_wconf 86' lang='lat' dir='ltr'><strong>atque</strong></span> <span class='ocrx_word' id='word_1_56' title='bbox 1171 1892 1340 1954; x_wconf 76' lang='lat' dir='ltr'><strong>ostentatio</strong></span> <span class='ocrx_word' id='word_1_57' title='bbox 1370 1910 1442 1953; x_wconf 87' lang='lat' dir='ltr'><strong>esse</strong></span> <span class='ocrx_word' id='word_1_58' title='bbox 1470 1889 1598 1952; x_wconf 87' lang='lat' dir='ltr'><strong>dicitur.</strong></span> <span class='ocrx_word' id='word_1_59' title='bbox 1646 1890 1738 1953; x_wconf 82' lang='lat' dir='ltr'><strong>Multi</strong></span> 
     </span>
     <span class='ocr_line' id='line_1_8' title="bbox 409 1981 1735 2067; baseline -0.001 -21"><span class='ocrx_word' id='word_1_60' title='bbox 409 1981 538 2046; x_wconf 85' lang='lat' dir='ltr'><strong>divitias</strong></span> <span class='ocrx_word' id='word_1_61' title='bbox 559 1982 748 2066; x_wconf 78' lang='lat' dir='ltr'><strong>despiciunt,</strong></span> <span class='ocrx_word' id='word_1_62' title='bbox 770 2003 851 2065; x_wconf 87' lang='lat' dir='ltr'><strong>quos</strong></span> <span class='ocrx_word' id='word_1_63' title='bbox 873 2002 971 2066; x_wconf 87' lang='lat' dir='ltr'><strong>parvo</strong></span> <span class='ocrx_word' id='word_1_64' title='bbox 986 1992 1151 2047; x_wconf 87' lang='lat' dir='ltr'><strong>contentos</strong></span> <span class='ocrx_word' id='word_1_65' title='bbox 1166 1984 1271 2048; x_wconf 91' lang='lat' dir='ltr'><strong>tenuis</strong></span> <span class='ocrx_word' id='word_1_66' title='bbox 1286 1985 1388 2047; x_wconf 86' lang='lat' dir='ltr'><strong>vietus</strong></span> <span class='ocrx_word' id='word_1_67' title='bbox 1402 1984 1571 2067; x_wconf 91' lang='lat' dir='ltr'><strong>cultosque</strong></span> <span class='ocrx_word' id='word_1_68' title='bbox 1586 1981 1735 2056; x_wconf 60' lang='lat' dir='ltr'><strong>delectam</strong></span> 
     </span>
     <span class='ocr_line' id='line_1_9' title="bbox 409 2074 1739 2160; baseline 0.002 -22"><span class='ocrx_word' id='word_1_69' title='bbox 409 2074 548 2140; x_wconf 89' lang='lat' dir='ltr'><strong>bonores</strong></span> <span class='ocrx_word' id='word_1_70' title='bbox 570 2095 664 2151; x_wconf 81' lang='lat' dir='ltr'><strong>sero,</strong></span> <span class='ocrx_word' id='word_1_71' title='bbox 688 2097 824 2159; x_wconf 90' lang='lat' dir='ltr'><strong>qaorum</strong></span> <span class='ocrx_word' id='word_1_72' title='bbox 847 2076 1022 2159; x_wconf 86' lang='lat' dir='ltr'><strong>eupiditate</strong></span> <span class='ocrx_word' id='word_1_73' title='bbox 1044 2077 1176 2160; x_wconf 88' lang='lat' dir='ltr'><strong>quidam</strong></span> <span class='ocrx_word' id='word_1_74' title='bbox 1198 2079 1443 2152; x_wconf 80' lang='lat' dir='ltr'><strong>inflammantur,</strong></span> <span class='ocrx_word' id='word_1_75' title='bbox 1465 2095 1559 2159; x_wconf 88' lang='lat' dir='ltr'><strong>quam</strong></span> <span class='ocrx_word' id='word_1_76' title='bbox 1581 2077 1674 2140; x_wconf 89' lang='lat' dir='ltr'><strong>multi</strong></span> <span class='ocrx_word' id='word_1_77' title='bbox 1695 2078 1739 2141; x_wconf 85' lang='lat' dir='ltr'><strong>ita</strong></span> 
     </span>
     <span class='ocr_line' id='line_1_10' title="bbox 409 2170 1738 2252; baseline -0.002 -18"><span class='ocrx_word' id='word_1_78' title='bbox 409 2176 638 2244; x_wconf 81' lang='lat' dir='ltr'><strong>centemnunt,</strong></span> <span class='ocrx_word' id='word_1_79' title='bbox 669 2178 705 2233; x_wconf 92' lang='lat' dir='ltr'><strong>nt</strong></span> <span class='ocrx_word' id='word_1_80' title='bbox 733 2170 812 2233; x_wconf 90' lang='lat' dir='ltr'><strong>nibil</strong></span> <span class='ocrx_word' id='word_1_81' title='bbox 840 2171 988 2243; x_wconf 88' lang='lat' dir='ltr'><strong>inanius,</strong></span> <span class='ocrx_word' id='word_1_82' title='bbox 1020 2171 1100 2235; x_wconf 91' lang='lat' dir='ltr'><strong>nibil</strong></span> <span class='ocrx_word' id='word_1_83' title='bbox 1130 2191 1201 2235; x_wconf 91' lang='lat' dir='ltr'><strong>esse</strong></span> <span class='ocrx_word' id='word_1_84' title='bbox 1232 2172 1334 2235; x_wconf 79' lang='lat' dir='ltr'><strong>levius</strong></span> <span class='ocrx_word' id='word_1_85' title='bbox 1361 2171 1564 2236; x_wconf 70' lang='lat' dir='ltr'><strong>existiment:</strong></span> <span class='ocrx_word' id='word_1_86' title='bbox 1596 2173 1738 2252; x_wconf 71' lang='lat' dir='ltr'><strong>itemque</strong></span> 
     </span>
     <span class='ocr_line' id='line_1_11' title="bbox 411 2262 1776 2350; baseline -0.001 -24"><span class='ocrx_word' id='word_1_87' title='bbox 411 2271 533 2337; x_wconf 88' lang='lat' dir='ltr'><strong>cetera,</strong></span> <span class='ocrx_word' id='word_1_88' title='bbox 554 2281 636 2347; x_wconf 88' lang='lat' dir='ltr'><strong>quae</strong></span> <span class='ocrx_word' id='word_1_89' title='bbox 651 2262 840 2346; x_wconf 88' lang='lat' dir='ltr'><strong>quibusdam</strong></span> <span class='ocrx_word' id='word_1_90' title='bbox 856 2263 1052 2330; x_wconf 68' lang='lat' dir='ltr'><strong>admirabilia</strong></span> <span class='ocrx_word' id='word_1_91' title='bbox 1069 2267 1230 2342; x_wconf 85' lang='lat' dir='ltr'><strong>videntur,</strong></span> <span class='ocrx_word' id='word_1_92' title='bbox 1245 2266 1392 2350; x_wconf 76' lang='lat' dir='ltr'><strong>permulti</strong></span> <span class='ocrx_word' id='word_1_93' title='bbox 1406 2274 1481 2329; x_wconf 90' lang='lat' dir='ltr'><strong>sunt</strong></span> <span class='ocrx_word' id='word_1_94' title='bbox 1494 2265 1550 2349; x_wconf 92' lang='lat' dir='ltr'><strong>qui</strong></span> <span class='ocrx_word' id='word_1_95' title='bbox 1564 2283 1623 2347; x_wconf 87' lang='lat' dir='ltr'><strong>pro</strong></span> <span class='ocrx_word' id='word_1_96' title='bbox 1637 2262 1776 2326; x_wconf 74' lang='lat' dir='ltr'><strong>nibilotr</strong></span> 
     </span>
     <span class='ocr_line' id='line_1_12' title="bbox 412 2357 1738 2441; baseline -0.001 -20"><span class='ocrx_word' id='word_1_97' title='bbox 412 2365 536 2441; x_wconf 86' lang='lat' dir='ltr'><strong>putent.</strong></span> <span class='ocrx_word' id='word_1_98' title='bbox 577 2358 625 2420; x_wconf 84' lang='lat' dir='ltr'><strong>Ile</strong></span> <span class='ocrx_word' id='word_1_99' title='bbox 646 2357 786 2421; x_wconf 87' lang='lat' dir='ltr'><strong>amicitia</strong></span> <span class='ocrx_word' id='word_1_100' title='bbox 808 2376 919 2422; x_wconf 90' lang='lat' dir='ltr'><strong>omnes</strong></span> <span class='ocrx_word' id='word_1_101' title='bbox 941 2359 981 2421; x_wconf 90' lang='lat' dir='ltr'><strong>ed</strong></span> <span class='ocrx_word' id='word_1_102' title='bbox 1004 2381 1102 2424; x_wconf 91' lang='lat' dir='ltr'><strong>unum</strong></span> <span class='ocrx_word' id='word_1_103' title='bbox 1123 2362 1207 2424; x_wconf 89' lang='lat' dir='ltr'><strong>idem</strong></span> <span class='ocrx_word' id='word_1_104' title='bbox 1230 2363 1385 2436; x_wconf 87' lang='lat' dir='ltr'><strong>sentiunt,</strong></span> <span class='ocrx_word' id='word_1_105' title='bbox 1412 2368 1445 2423; x_wconf 91' lang='lat' dir='ltr'><strong>et</strong></span> <span class='ocrx_word' id='word_1_106' title='bbox 1464 2360 1505 2433; x_wconf 91' lang='lat' dir='ltr'><strong>ii,</strong></span> <span class='ocrx_word' id='word_1_107' title='bbox 1533 2360 1586 2440; x_wconf 91' lang='lat' dir='ltr'><strong>qui</strong></span> <span class='ocrx_word' id='word_1_108' title='bbox 1609 2357 1649 2422; x_wconf 89' lang='lat' dir='ltr'><strong>ad</strong></span> <span class='ocrx_word' id='word_1_109' title='bbox 1670 2376 1738 2420; x_wconf 83' lang='lat' dir='ltr'><strong>rem</strong></span> 
     </span>
     <span class='ocr_line' id='line_1_13' title="bbox 411 2450 1739 2537; baseline 0.001 -26"><span class='ocrx_word' id='word_1_110' title='bbox 411 2450 569 2535; x_wconf 78' lang='lat' dir='ltr'><strong>publiea·</strong></span> <span class='ocrx_word' id='word_1_111' title='bbox 597 2467 631 2514; x_wconf 89' lang='lat' dir='ltr'><strong>se</strong></span> <span class='ocrx_word' id='word_1_112' title='bbox 658 2451 874 2524; x_wconf 88' lang='lat' dir='ltr'><strong>contulerunt,</strong></span> <span class='ocrx_word' id='word_1_113' title='bbox 903 2459 936 2515; x_wconf 90' lang='lat' dir='ltr'><strong>et</strong></span> <span class='ocrx_word' id='word_1_114' title='bbox 962 2454 1000 2525; x_wconf 91' lang='lat' dir='ltr'><strong>ii,</strong></span> <span class='ocrx_word' id='word_1_115' title='bbox 1028 2455 1085 2537; x_wconf 90' lang='lat' dir='ltr'><strong>qui</strong></span> <span class='ocrx_word' id='word_1_116' title='bbox 1114 2475 1218 2518; x_wconf 90' lang='lat' dir='ltr'><strong>rerum</strong></span> <span class='ocrx_word' id='word_1_117' title='bbox 1245 2454 1426 2535; x_wconf 76' lang='lat' dir='ltr'><strong>cognitione</strong></span> <span class='ocrx_word' id='word_1_118' title='bbox 1455 2452 1664 2535; x_wconf 75' lang='lat' dir='ltr'><strong>doctrinaque</strong></span> <span class='ocrx_word' id='word_1_119' title='bbox 1684 2450 1739 2513; x_wconf 89' lang='lat' dir='ltr'><strong>de·</strong></span> 
     </span>
     <span class='ocr_line' id='line_1_14' title="bbox 408 2544 1738 2631; baseline -0.005 -19"><span class='ocrx_word' id='word_1_120' title='bbox 408 2546 586 2619; x_wconf 79' lang='lat' dir='ltr'><strong>laetantur,</strong></span> <span class='ocrx_word' id='word_1_121' title='bbox 613 2552 645 2607; x_wconf 92' lang='lat' dir='ltr'><strong>et</strong></span> <span class='ocrx_word' id='word_1_122' title='bbox 664 2545 701 2618; x_wconf 89' lang='lat' dir='ltr'><strong>ii,</strong></span> <span class='ocrx_word' id='word_1_123' title='bbox 729 2544 786 2627; x_wconf 93' lang='lat' dir='ltr'><strong>qui</strong></span> <span class='ocrx_word' id='word_1_124' title='bbox 808 2564 900 2609; x_wconf 92' lang='lat' dir='ltr'><strong>suum</strong></span> <span class='ocrx_word' id='word_1_125' title='bbox 922 2548 1082 2628; x_wconf 80' lang='lat' dir='ltr'><strong>negotium</strong></span> <span class='ocrx_word' id='word_1_126' title='bbox 1106 2557 1218 2631; x_wconf 86' lang='lat' dir='ltr'><strong>gerunt</strong></span> <span class='ocrx_word' id='word_1_127' title='bbox 1241 2548 1356 2622; x_wconf 89' lang='lat' dir='ltr'><strong>otiosi,</strong></span> <span class='ocrx_word' id='word_1_128' title='bbox 1379 2555 1540 2630; x_wconf 89' lang='lat' dir='ltr'><strong>postremo</strong></span> <span class='ocrx_word' id='word_1_129' title='bbox 1562 2545 1601 2620; x_wconf 92' lang='lat' dir='ltr'><strong>ii,</strong></span> <span class='ocrx_word' id='word_1_130' title='bbox 1625 2545 1681 2626; x_wconf 93' lang='lat' dir='ltr'><strong>qui</strong></span> <span class='ocrx_word' id='word_1_131' title='bbox 1702 2562 1738 2606; x_wconf 95' lang='lat' dir='ltr'><strong>se</strong></span> 
     </span>
     <span class='ocr_line' id='line_1_15' title="bbox 410 2636 1737 2721; baseline -0.004 -18"><span class='ocrx_word' id='word_1_132' title='bbox 410 2647 497 2704; x_wconf 90' lang='lat' dir='ltr'><strong>totos</strong></span> <span class='ocrx_word' id='word_1_133' title='bbox 519 2638 719 2702; x_wconf 89' lang='lat' dir='ltr'><strong>tradiderunt</strong></span> <span class='ocrx_word' id='word_1_134' title='bbox 738 2639 963 2721; x_wconf 86' lang='lat' dir='ltr'><strong>voluptatibus,</strong></span> <span class='ocrx_word' id='word_1_135' title='bbox 985 2641 1055 2703; x_wconf 90' lang='lat' dir='ltr'><strong>sins</strong></span> <span class='ocrx_word' id='word_1_136' title='bbox 1077 2642 1215 2705; x_wconf 87' lang='lat' dir='ltr'><strong>amicitia</strong></span> <span class='ocrx_word' id='word_1_137' title='bbox 1237 2642 1334 2704; x_wconf 88' lang='lat' dir='ltr'><strong>vitam</strong></span> <span class='ocrx_word' id='word_1_138' title='bbox 1354 2660 1426 2704; x_wconf 88' lang='lat' dir='ltr'><strong>esse</strong></span> <span class='ocrx_word' id='word_1_139' title='bbox 1441 2639 1578 2712; x_wconf 75' lang='lat' dir='ltr'><strong>nullan,</strong></span> <span class='ocrx_word' id='word_1_140' title='bbox 1601 2636 1737 2702; x_wconf 85' lang='lat' dir='ltr'><strong>simodo</strong></span> 
     </span>
     <span class='ocr_line' id='line_1_16' title="bbox 410 2732 1776 2817; baseline -0.004 -22"><span class='ocrx_word' id='word_1_141' title='bbox 410 2732 509 2796; x_wconf 82' lang='lat' dir='ltr'><strong>velint</strong></span> <span class='ocrx_word' id='word_1_142' title='bbox 535 2732 642 2817; x_wconf 90' lang='lat' dir='ltr'><strong>aliqua</strong></span> <span class='ocrx_word' id='word_1_143' title='bbox 672 2753 713 2794; x_wconf 92' lang='lat' dir='ltr'><strong>ex</strong></span> <span class='ocrx_word' id='word_1_144' title='bbox 740 2741 830 2815; x_wconf 89' lang='lat' dir='ltr'><strong>parte</strong></span> <span class='ocrx_word' id='word_1_145' title='bbox 860 2733 1034 2797; x_wconf 79' lang='lat' dir='ltr'><strong>liberaliter</strong></span> <span class='ocrx_word' id='word_1_146' title='bbox 1061 2736 1179 2799; x_wconf 84' lang='lat' dir='ltr'><strong>vivere.</strong></span> <span class='ocrx_word' id='word_1_147' title='bbox 1231 2732 1283 2796; x_wconf 87' lang='grc'><strong>87.</strong></span> <span class='ocrx_word' id='word_1_148' title='bbox 1306 2733 1412 2817; x_wconf 84' lang='lat' dir='ltr'><strong>Serpit</strong></span> <span class='ocrx_word' id='word_1_149' title='bbox 1432 2732 1517 2796; x_wconf 85' lang='lat' dir='ltr'><strong>enlm</strong></span> <span class='ocrx_word' id='word_1_150' title='bbox 1540 2732 1649 2796; x_wconf 87' lang='lat' dir='ltr'><strong>nescio</strong></span> <span class='ocrx_word' id='word_1_151' title='bbox 1672 2741 1776 2814; x_wconf 71' lang='lat' dir='ltr'><strong>quota</strong></span> 
     </span>
     <span class='ocr_line' id='line_1_17' title="bbox 407 2824 1737 2909; baseline -0.002 -18"><span class='ocrx_word' id='word_1_152' title='bbox 407 2824 504 2891; x_wconf 90' lang='lat' dir='ltr'><strong>modo</strong></span> <span class='ocrx_word' id='word_1_153' title='bbox 531 2847 589 2909; x_wconf 84' lang='lat' dir='ltr'><strong>per</strong></span> <span class='ocrx_word' id='word_1_154' title='bbox 615 2827 756 2891; x_wconf 90' lang='lat' dir='ltr'><strong>omnium</strong></span> <span class='ocrx_word' id='word_1_155' title='bbox 784 2828 864 2889; x_wconf 82' lang='lat' dir='ltr'><strong>ritas</strong></span> <span class='ocrx_word' id='word_1_156' title='bbox 890 2827 1028 2891; x_wconf 88' lang='lat' dir='ltr'><strong>amicitia</strong></span> <span class='ocrx_word' id='word_1_157' title='bbox 1058 2848 1117 2891; x_wconf 92' lang='lat' dir='ltr'><strong>nee</strong></span> <span class='ocrx_word' id='word_1_158' title='bbox 1145 2829 1241 2892; x_wconf 88' lang='lat' dir='ltr'><strong>ullam</strong></span> <span class='ocrx_word' id='word_1_159' title='bbox 1264 2828 1375 2892; x_wconf 86' lang='lat' dir='ltr'><strong>aetatis</strong></span> <span class='ocrx_word' id='word_1_160' title='bbox 1397 2827 1561 2907; x_wconf 78' lang='lat' dir='ltr'><strong>degendae</strong></span> <span class='ocrx_word' id='word_1_161' title='bbox 1581 2826 1737 2888; x_wconf 87' lang='lat' dir='ltr'><strong>rationem</strong></span> 
     </span>
     <span class='ocr_line' id='line_1_18' title="bbox 409 2918 1738 3004; baseline -0.002 -21"><span class='ocrx_word' id='word_1_162' title='bbox 409 2920 529 3003; x_wconf 87' lang='lat' dir='ltr'><strong>patitur</strong></span> <span class='ocrx_word' id='word_1_163' title='bbox 554 2939 625 2983; x_wconf 88' lang='lat' dir='ltr'><strong>esse</strong></span> <span class='ocrx_word' id='word_1_164' title='bbox 652 2928 816 3002; x_wconf 87' lang='lat' dir='ltr'><strong>expertem</strong></span> <span class='ocrx_word' id='word_1_165' title='bbox 841 2921 903 2984; x_wconf 86' lang='lat' dir='ltr'><strong>sui.</strong></span> <span class='ocrx_word' id='word_1_166' title='bbox 945 2922 1031 2996; x_wconf 88' lang='lat' dir='ltr'><strong>Quin</strong></span> <span class='ocrx_word' id='word_1_167' title='bbox 1053 2924 1148 2986; x_wconf 89' lang='lat' dir='ltr'><strong>eliam</strong></span> <span class='ocrx_word' id='word_1_168' title='bbox 1170 2924 1198 2986; x_wconf 92' lang='lat' dir='ltr'><strong>si</strong></span> <span class='ocrx_word' id='word_1_169' title='bbox 1221 2920 1485 3004; x_wconf 83' lang='lat' dir='ltr'><strong>quisasperitaie</strong></span> <span class='ocrx_word' id='word_1_170' title='bbox 1508 2939 1544 2983; x_wconf 86' lang='lat' dir='ltr'><strong>es</strong></span> <span class='ocrx_word' id='word_1_171' title='bbox 1566 2927 1615 2982; x_wconf 84' lang='lat' dir='ltr'><strong>est</strong></span> <span class='ocrx_word' id='word_1_172' title='bbox 1635 2927 1668 2982; x_wconf 89' lang='lat' dir='ltr'><strong>et</strong></span> <span class='ocrx_word' id='word_1_173' title='bbox 1690 2918 1738 2980; x_wconf 91' lang='lat' dir='ltr'><strong>in·</strong></span> 
     </span>
     <span class='ocr_line' id='line_1_19' title="bbox 409 3010 1737 3097; baseline -0.003 -19"><span class='ocrx_word' id='word_1_174' title='bbox 409 3014 560 3082; x_wconf 78' lang='lat' dir='ltr'><strong>munitate</strong></span> <span class='ocrx_word' id='word_1_175' title='bbox 582 3022 731 3089; x_wconf 85' lang='lat' dir='ltr'><strong>naturae,</strong></span> <span class='ocrx_word' id='word_1_176' title='bbox 757 3035 947 3097; x_wconf 85' lang='lat' dir='ltr'><strong>congressus</strong></span> <span class='ocrx_word' id='word_1_177' title='bbox 972 3024 1008 3079; x_wconf 91' lang='lat' dir='ltr'><strong>ut</strong></span> <span class='ocrx_word' id='word_1_178' title='bbox 1034 3016 1200 3080; x_wconf 90' lang='lat' dir='ltr'><strong>bominum</strong></span> <span class='ocrx_word' id='word_1_179' title='bbox 1221 3014 1324 3096; x_wconf 77' lang='lat' dir='ltr'><strong>fugiat</strong></span> <span class='ocrx_word' id='word_1_180' title='bbox 1345 3022 1443 3096; x_wconf 90' lang='lat' dir='ltr'><strong>atque</strong></span> <span class='ocrx_word' id='word_1_181' title='bbox 1465 3011 1581 3085; x_wconf 85' lang='lat' dir='ltr'><strong>oderit,</strong></span> <span class='ocrx_word' id='word_1_182' title='bbox 1611 3010 1737 3094; x_wconf 76' lang='lat' dir='ltr'><strong>quale-</strong></span> 
     </span>
     <span class='ocr_line' id='line_1_20' title="bbox 407 3106 1737 3193; baseline -0.005 -21"><span class='ocrx_word' id='word_1_183' title='bbox 407 3106 509 3172; x_wconf 76' lang='lat' dir='ltr'><strong>tsisse</strong></span> <span class='ocrx_word' id='word_1_184' title='bbox 522 3107 655 3172; x_wconf 80' lang='lat' dir='ltr'><strong>dtbenis</strong></span> <span class='ocrx_word' id='word_1_185' title='bbox 670 3109 835 3172; x_wconf 86' lang='lat' dir='ltr'><strong>Timonem</strong></span> <span class='ocrx_word' id='word_1_186' title='bbox 859 3109 967 3173; x_wconf 89' lang='lat' dir='ltr'><strong>nescio</strong></span> <span class='ocrx_word' id='word_1_187' title='bbox 990 3130 1084 3193; x_wconf 92' lang='lat' dir='ltr'><strong>quem</strong></span> <span class='ocrx_word' id='word_1_188' title='bbox 1106 3110 1302 3191; x_wconf 85' lang='lat' dir='ltr'><strong>accepimus,</strong></span> <span class='ocrx_word' id='word_1_189' title='bbox 1325 3115 1428 3171; x_wconf 90' lang='lat' dir='ltr'><strong>temen</strong></span> <span class='ocrx_word' id='word_1_190' title='bbox 1450 3108 1478 3170; x_wconf 91' lang='lat' dir='ltr'><strong>is</strong></span> <span class='ocrx_word' id='word_1_191' title='bbox 1499 3106 1564 3187; x_wconf 88' lang='lat' dir='ltr'><strong>peti</strong></span> <span class='ocrx_word' id='word_1_192' title='bbox 1586 3124 1648 3167; x_wconf 90' lang='lat' dir='ltr'><strong>non</strong></span> <span class='ocrx_word' id='word_1_193' title='bbox 1664 3121 1737 3185; x_wconf 87' lang='lat' dir='ltr'><strong>pos-</strong></span> 
     </span>
     <span class='ocr_line' id='line_1_21' title="bbox 409 3199 1775 3287; baseline -0.003 -23"><span class='ocrx_word' id='word_1_194' title='bbox 409 3201 461 3274; x_wconf 85' lang='lat' dir='ltr'><strong>sit,</strong></span> <span class='ocrx_word' id='word_1_195' title='bbox 483 3209 519 3264; x_wconf 90' lang='lat' dir='ltr'><strong>ut</strong></span> <span class='ocrx_word' id='word_1_196' title='bbox 539 3221 604 3265; x_wconf 92' lang='lat' dir='ltr'><strong>nou</strong></span> <span class='ocrx_word' id='word_1_197' title='bbox 625 3203 773 3285; x_wconf 76' lang='lat' dir='ltr'><strong>anquirat</strong></span> <span class='ocrx_word' id='word_1_198' title='bbox 793 3201 943 3286; x_wconf 79' lang='lat' dir='ltr'><strong>aliquem,</strong></span> <span class='ocrx_word' id='word_1_199' title='bbox 965 3204 1051 3285; x_wconf 94' lang='lat' dir='ltr'><strong>apud</strong></span> <span class='ocrx_word' id='word_1_200' title='bbox 1074 3224 1169 3287; x_wconf 90' lang='lat' dir='ltr'><strong>quem</strong></span> <span class='ocrx_word' id='word_1_201' title='bbox 1191 3210 1317 3267; x_wconf 84' lang='lat' dir='ltr'><strong>evomat</strong></span> <span class='ocrx_word' id='word_1_202' title='bbox 1338 3202 1424 3266; x_wconf 81' lang='lat' dir='ltr'><strong>virus</strong></span> <span class='ocrx_word' id='word_1_203' title='bbox 1446 3199 1626 3264; x_wconf 81' lang='lat' dir='ltr'><strong>acerbitatis</strong></span> <span class='ocrx_word' id='word_1_204' title='bbox 1648 3209 1775 3264; x_wconf 80' lang='lat' dir='ltr'><strong>susest</strong></span> 
     </span>
     <span class='ocr_line' id='line_1_22' title="bbox 408 3294 1737 3381; baseline -0.001 -23"><span class='ocrx_word' id='word_1_205' title='bbox 408 3295 514 3376; x_wconf 80' lang='lat' dir='ltr'><strong>atque</strong></span> <span class='ocrx_word' id='word_1_206' title='bbox 535 3296 597 3358; x_wconf 85' lang='lat' dir='ltr'><strong>boe</strong></span> <span class='ocrx_word' id='word_1_207' title='bbox 617 3296 755 3358; x_wconf 85' lang='lat' dir='ltr'><strong>maxime</strong></span> <span class='ocrx_word' id='word_1_208' title='bbox 777 3295 979 3371; x_wconf 81' lang='lat' dir='ltr'><strong>iudicaretur,</strong></span> <span class='ocrx_word' id='word_1_209' title='bbox 1001 3299 1028 3362; x_wconf 93' lang='lat' dir='ltr'><strong>si</strong></span> <span class='ocrx_word' id='word_1_210' title='bbox 1050 3296 1129 3381; x_wconf 95' lang='lat' dir='ltr'><strong>quid</strong></span> <span class='ocrx_word' id='word_1_211' title='bbox 1152 3297 1213 3360; x_wconf 91' lang='lat' dir='ltr'><strong>tale</strong></span> <span class='ocrx_word' id='word_1_212' title='bbox 1235 3304 1342 3379; x_wconf 84' lang='lat' dir='ltr'><strong>posset</strong></span> <span class='ocrx_word' id='word_1_213' title='bbox 1355 3296 1554 3378; x_wconf 84' lang='lat' dir='ltr'><strong>contingere,</strong></span> <span class='ocrx_word' id='word_1_214' title='bbox 1569 3302 1607 3357; x_wconf 88' lang='lat' dir='ltr'><strong>at</strong></span> <span class='ocrx_word' id='word_1_215' title='bbox 1619 3294 1737 3376; x_wconf 88' lang='lat' dir='ltr'><strong>aliquis</strong></span> 
     </span>
     <span class='ocr_line' id='line_1_23' title="bbox 408 3386 1736 3475; baseline -0.002 -21"><span class='ocrx_word' id='word_1_216' title='bbox 408 3408 469 3454; x_wconf 87' lang='lat' dir='ltr'><strong>nes</strong></span> <span class='ocrx_word' id='word_1_217' title='bbox 496 3390 575 3454; x_wconf 89' lang='lat' dir='ltr'><strong>deas</strong></span> <span class='ocrx_word' id='word_1_218' title='bbox 601 3407 643 3453; x_wconf 90' lang='lat' dir='ltr'><strong>ex</strong></span> <span class='ocrx_word' id='word_1_219' title='bbox 669 3389 730 3454; x_wconf 87' lang='lat' dir='ltr'><strong>bac</strong></span> <span class='ocrx_word' id='word_1_220' title='bbox 757 3390 919 3455; x_wconf 90' lang='lat' dir='ltr'><strong>bominum</strong></span> <span class='ocrx_word' id='word_1_221' title='bbox 946 3392 1125 3475; x_wconf 81' lang='lat' dir='ltr'><strong>frequentia</strong></span> <span class='ocrx_word' id='word_1_222' title='bbox 1152 3391 1277 3454; x_wconf 91' lang='lat' dir='ltr'><strong>tolleret</strong></span> <span class='ocrx_word' id='word_1_223' title='bbox 1304 3397 1336 3454; x_wconf 89' lang='lat' dir='ltr'><strong>et</strong></span> <span class='ocrx_word' id='word_1_224' title='bbox 1360 3390 1395 3453; x_wconf 91' lang='lat' dir='ltr'><strong>in</strong></span> <span class='ocrx_word' id='word_1_225' title='bbox 1417 3386 1591 3452; x_wconf 78' lang='lat' dir='ltr'><strong>solitudine</strong></span> <span class='ocrx_word' id='word_1_226' title='bbox 1614 3388 1736 3471; x_wconf 80' lang='lat' dir='ltr'><strong>uspiam</strong></span> 
     </span>
     <span class='ocr_line' id='line_1_24' title="bbox 410 3481 1736 3567; baseline -0.004 -20"><span class='ocrx_word' id='word_1_227' title='bbox 410 3483 580 3547; x_wconf 85' lang='lat' dir='ltr'><strong>collocaret</strong></span> <span class='ocrx_word' id='word_1_228' title='bbox 601 3492 697 3567; x_wconf 90' lang='lat' dir='ltr'><strong>atque</strong></span> <span class='ocrx_word' id='word_1_229' title='bbox 720 3485 764 3547; x_wconf 91' lang='lat' dir='ltr'><strong>ibi</strong></span> <span class='ocrx_word' id='word_1_230' title='bbox 787 3486 992 3567; x_wconf 85' lang='lat' dir='ltr'><strong>subpeditans</strong></span> <span class='ocrx_word' id='word_1_231' title='bbox 1017 3487 1159 3548; x_wconf 92' lang='lat' dir='ltr'><strong>omnium</strong></span> <span class='ocrx_word' id='word_1_232' title='bbox 1182 3505 1303 3557; x_wconf 89' lang='lat' dir='ltr'><strong>rerum,</strong></span> <span class='ocrx_word' id='word_1_233' title='bbox 1332 3503 1412 3566; x_wconf 89' lang='lat' dir='ltr'><strong>quas</strong></span> <span class='ocrx_word' id='word_1_234' title='bbox 1434 3491 1545 3547; x_wconf 87' lang='lat' dir='ltr'><strong>natura</strong></span> <span class='ocrx_word' id='word_1_235' title='bbox 1567 3481 1736 3553; x_wconf 84' lang='lat' dir='ltr'><strong>desiderat,</strong></span> 
     </span>
     <span class='ocr_line' id='line_1_25' title="bbox 408 3576 1735 3661; baseline -0.006 -19"><span class='ocrx_word' id='word_1_236' title='bbox 408 3578 636 3642; x_wconf 84' lang='lat' dir='ltr'><strong>abundantiam</strong></span> <span class='ocrx_word' id='word_1_237' title='bbox 665 3587 698 3641; x_wconf 90' lang='lat' dir='ltr'><strong>et</strong></span> <span class='ocrx_word' id='word_1_238' title='bbox 724 3580 848 3661; x_wconf 90' lang='lat' dir='ltr'><strong>copiam</strong></span> <span class='ocrx_word' id='word_1_239' title='bbox 871 3579 1008 3643; x_wconf 90' lang='lat' dir='ltr'><strong>bominis</strong></span> <span class='ocrx_word' id='word_1_240' title='bbox 1031 3581 1161 3642; x_wconf 90' lang='lat' dir='ltr'><strong>omnino</strong></span> <span class='ocrx_word' id='word_1_241' title='bbox 1182 3576 1358 3660; x_wconf 86' lang='lat' dir='ltr'><strong>aspiciendi</strong></span> <span class='ocrx_word' id='word_1_242' title='bbox 1380 3583 1566 3661; x_wconf 87' lang='lat' dir='ltr'><strong>potestatem</strong></span> <span class='ocrx_word' id='word_1_243' title='bbox 1588 3576 1735 3657; x_wconf 88' lang='lat' dir='ltr'><strong>eriperet.</strong></span> 
     </span>
     <span class='ocr_line' id='line_1_26' title="bbox 410 3666 1774 3755; baseline -0.004 -21"><span class='ocrx_word' id='word_1_244' title='bbox 410 3671 491 3746; x_wconf 86' lang='lat' dir='ltr'><strong>Quis</strong></span> <span class='ocrx_word' id='word_1_245' title='bbox 513 3680 576 3734; x_wconf 93' lang='lat' dir='ltr'><strong>tam</strong></span> <span class='ocrx_word' id='word_1_246' title='bbox 599 3680 684 3736; x_wconf 90' lang='lat' dir='ltr'><strong>esset</strong></span> <span class='ocrx_word' id='word_1_247' title='bbox 704 3672 827 3736; x_wconf 80' lang='lat' dir='ltr'><strong>terrens</strong></span> <span class='ocrx_word' id='word_1_248' title='bbox 849 3676 905 3755; x_wconf 93' lang='lat' dir='ltr'><strong>qui</strong></span> <span class='ocrx_word' id='word_1_249' title='bbox 929 3693 997 3737; x_wconf 91' lang='lat' dir='ltr'><strong>eam</strong></span> <span class='ocrx_word' id='word_1_250' title='bbox 1021 3673 1117 3736; x_wconf 81' lang='lat' dir='ltr'><strong>vitam</strong></span> <span class='ocrx_word' id='word_1_251' title='bbox 1139 3672 1222 3735; x_wconf 81' lang='lat' dir='ltr'><strong>terre</strong></span> <span class='ocrx_word' id='word_1_252' title='bbox 1244 3677 1353 3753; x_wconf 88' lang='lat' dir='ltr'><strong>posset</strong></span> <span class='ocrx_word' id='word_1_253' title='bbox 1373 3671 1489 3752; x_wconf 92' lang='lat' dir='ltr'><strong>auique</strong></span> <span class='ocrx_word' id='word_1_254' title='bbox 1511 3688 1574 3732; x_wconf 92' lang='lat' dir='ltr'><strong>non</strong></span> <span class='ocrx_word' id='word_1_255' title='bbox 1597 3666 1774 3731; x_wconf 76' lang='lat' dir='ltr'><strong>auferretis</strong></span> 
     </span>
     <span class='ocr_line' id='line_1_27' title="bbox 407 3760 1736 3847; baseline -0.005 -19"><span class='ocrx_word' id='word_1_256' title='bbox 407 3764 543 3829; x_wconf 79' lang='lat' dir='ltr'><strong>fructum</strong></span> <span class='ocrx_word' id='word_1_257' title='bbox 566 3766 763 3847; x_wconf 87' lang='lat' dir='ltr'><strong>voluptatum</strong></span> <span class='ocrx_word' id='word_1_258' title='bbox 786 3768 927 3831; x_wconf 85' lang='lat' dir='ltr'><strong>omnium</strong></span> <span class='ocrx_word' id='word_1_259' title='bbox 950 3767 1113 3831; x_wconf 75' lang='lat' dir='ltr'><strong>solitudo?</strong></span> <span class='ocrx_word' id='word_1_260' title='bbox 1156 3763 1209 3829; x_wconf 90' lang='lat'><strong>88.</strong></span> <span class='ocrx_word' id='word_1_261' title='bbox 1233 3767 1349 3827; x_wconf 88' lang='lat' dir='ltr'><strong>Verum</strong></span> <span class='ocrx_word' id='word_1_262' title='bbox 1370 3783 1446 3845; x_wconf 86' lang='lat' dir='ltr'><strong>ergo</strong></span> <span class='ocrx_word' id='word_1_263' title='bbox 1465 3762 1546 3826; x_wconf 92' lang='lat' dir='ltr'><strong>illud</strong></span> <span class='ocrx_word' id='word_1_264' title='bbox 1566 3770 1631 3835; x_wconf 87' lang='lat' dir='ltr'><strong>est,</strong></span> <span class='ocrx_word' id='word_1_265' title='bbox 1650 3760 1736 3843; x_wconf 91' lang='lat' dir='ltr'><strong>quod</strong></span> 
     </span>
     <span class='ocr_line' id='line_1_28' title="bbox 408 3858 1737 3945; baseline -0.005 -22"><span class='ocrx_word' id='word_1_266' title='bbox 408 3858 615 3923; x_wconf 85' lang='lat' dir='ltr'><strong>aTarentino</strong></span> <span class='ocrx_word' id='word_1_267' title='bbox 628 3858 776 3943; x_wconf 75' lang='lat' dir='ltr'><strong>Archyta,</strong></span> <span class='ocrx_word' id='word_1_268' title='bbox 798 3870 834 3923; x_wconf 93' lang='lat' dir='ltr'><strong>ut</strong></span> <span class='ocrx_word' id='word_1_269' title='bbox 855 3861 979 3945; x_wconf 87' lang='lat' dir='ltr'><strong>opinor,</strong></span> <span class='ocrx_word' id='word_1_270' title='bbox 1002 3860 1065 3925; x_wconf 92' lang='lat' dir='ltr'><strong>dici</strong></span> <span class='ocrx_word' id='word_1_271' title='bbox 1090 3860 1218 3924; x_wconf 89' lang='lat' dir='ltr'><strong>solitum</strong></span> <span class='ocrx_word' id='word_1_272' title='bbox 1240 3869 1367 3922; x_wconf 87' lang='lat' dir='ltr'><strong>nostros</strong></span> <span class='ocrx_word' id='word_1_273' title='bbox 1382 3877 1475 3922; x_wconf 91' lang='lat' dir='ltr'><strong>senes</strong></span> <span class='ocrx_word' id='word_1_274' title='bbox 1490 3873 1737 3920; x_wconf 86' lang='lat' dir='ltr'><strong>commemorare</strong></span> 
     </span>
     <span class='ocr_line' id='line_1_29' title="bbox 407 3950 1737 4037; baseline -0.005 -20"><span class='ocrx_word' id='word_1_275' title='bbox 407 3951 515 4018; x_wconf 85' lang='lat' dir='ltr'><strong>audivi</strong></span> <span class='ocrx_word' id='word_1_276' title='bbox 538 3955 578 4017; x_wconf 85' lang='lat' dir='ltr'><strong>ab</strong></span> <span class='ocrx_word' id='word_1_277' title='bbox 599 3952 671 4015; x_wconf 89' lang='lat' dir='ltr'><strong>aliis</strong></span> <span class='ocrx_word' id='word_1_278' title='bbox 692 3954 822 4018; x_wconf 82' lang='lat' dir='ltr'><strong>senibus</strong></span> <span class='ocrx_word' id='word_1_279' title='bbox 842 3954 1000 4018; x_wconf 89' lang='lat' dir='ltr'><strong>auditum:</strong></span> <span class='ocrx_word' id='word_1_280' title='bbox 1025 3956 1052 4017; x_wconf 88' lang='lat' dir='ltr'><strong>si</strong></span> <span class='ocrx_word' id='word_1_281' title='bbox 1075 3956 1148 4037; x_wconf 90' lang='lat' dir='ltr'><strong>quis</strong></span> <span class='ocrx_word' id='word_1_282' title='bbox 1169 3952 1202 4017; x_wconf 89' lang='lat' dir='ltr'><strong>in</strong></span> <span class='ocrx_word' id='word_1_283' title='bbox 1224 3952 1346 4017; x_wconf 88' lang='lat' dir='ltr'><strong>caelum</strong></span> <span class='ocrx_word' id='word_1_284' title='bbox 1368 3950 1564 4016; x_wconf 83' lang='lat' dir='ltr'><strong>ascendisset</strong></span> <span class='ocrx_word' id='word_1_285' title='bbox 1578 3957 1737 4012; x_wconf 87' lang='lat' dir='ltr'><strong>naturam·</strong></span> 
     </span>
     <span class='ocr_line' id='line_1_30' title="bbox 407 4043 1736 4131; baseline -0.005 -21"><span class='ocrx_word' id='word_1_286' title='bbox 407 4066 471 4131; x_wconf 93' lang='lat' dir='ltr'><strong>que</strong></span> <span class='ocrx_word' id='word_1_287' title='bbox 504 4047 613 4109; x_wconf 85' lang='lat' dir='ltr'><strong>mundi</strong></span> <span class='ocrx_word' id='word_1_288' title='bbox 647 4056 679 4109; x_wconf 92' lang='lat' dir='ltr'><strong>et</strong></span> <span class='ocrx_word' id='word_1_289' title='bbox 711 4048 980 4129; x_wconf 84' lang='lat' dir='ltr'><strong>pulchritudinem</strong></span> <span class='ocrx_word' id='word_1_290' title='bbox 1013 4047 1153 4112; x_wconf 86' lang='lat' dir='ltr'><strong>siderum</strong></span> <span class='ocrx_word' id='word_1_291' title='bbox 1187 4047 1418 4129; x_wconf 83' lang='lat' dir='ltr'><strong>perspexisset,</strong></span> <span class='ocrx_word' id='word_1_292' title='bbox 1453 4046 1616 4108; x_wconf 81' lang='lat' dir='ltr'><strong>insuavem</strong></span> <span class='ocrx_word' id='word_1_293' title='bbox 1649 4043 1736 4106; x_wconf 88' lang='lat' dir='ltr'><strong>illam</strong></span> 
     </span>
     <span class='ocr_line' id='line_1_31' title="bbox 407 4140 1775 4225; baseline -0.005 -21"><span class='ocrx_word' id='word_1_294' title='bbox 407 4141 648 4205; x_wconf 86' lang='lat' dir='ltr'><strong>admirationem</strong></span> <span class='ocrx_word' id='word_1_295' title='bbox 671 4141 700 4203; x_wconf 90' lang='lat' dir='ltr'><strong>ei</strong></span> <span class='ocrx_word' id='word_1_296' title='bbox 723 4141 808 4215; x_wconf 84' lang='lat' dir='ltr'><strong>lore,</strong></span> <span class='ocrx_word' id='word_1_297' title='bbox 836 4162 920 4225; x_wconf 83' lang='lat' dir='ltr'><strong>quae</strong></span> <span class='ocrx_word' id='word_1_298' title='bbox 943 4143 1169 4207; x_wconf 84' lang='lat' dir='ltr'><strong>iucundissima</strong></span> <span class='ocrx_word' id='word_1_299' title='bbox 1191 4144 1319 4216; x_wconf 81' lang='lat' dir='ltr'><strong>luisset,</strong></span> <span class='ocrx_word' id='word_1_300' title='bbox 1346 4142 1373 4206; x_wconf 88' lang='lat' dir='ltr'><strong>si</strong></span> <span class='ocrx_word' id='word_1_301' title='bbox 1395 4141 1536 4224; x_wconf 87' lang='lat' dir='ltr'><strong>aliquem</strong></span> <span class='ocrx_word' id='word_1_302' title='bbox 1557 4140 1607 4202; x_wconf 91' lang='lat' dir='ltr'><strong>cui</strong></span> <span class='ocrx_word' id='word_1_303' title='bbox 1629 4148 1775 4202; x_wconf 82' lang='lat' dir='ltr'><strong>narra-se</strong></span> 
     </span>
     <span class='ocr_line' id='line_1_32' title="bbox 406 4229 1735 4316; baseline -0.005 -19"><span class='ocrx_word' id='word_1_304' title='bbox 406 4243 456 4297; x_wconf 88' lang='lat' dir='ltr'><strong>ret</strong></span> <span class='ocrx_word' id='word_1_305' title='bbox 476 4233 647 4299; x_wconf 79' lang='lat' dir='ltr'><strong>habuisset</strong></span> <span class='ocrx_word' id='word_1_306' title='bbox 692 4236 744 4297; x_wconf 89' lang='lat' dir='ltr'><strong>Sic</strong></span> <span class='ocrx_word' id='word_1_307' title='bbox 771 4243 885 4298; x_wconf 88' lang='lat' dir='ltr'><strong>natura</strong></span> <span class='ocrx_word' id='word_1_308' title='bbox 914 4237 1090 4302; x_wconf 86' lang='lat' dir='ltr'><strong>solitarium</strong></span> <span class='ocrx_word' id='word_1_309' title='bbox 1120 4236 1197 4299; x_wconf 92' lang='lat' dir='ltr'><strong>nibil</strong></span> <span class='ocrx_word' id='word_1_310' title='bbox 1225 4245 1311 4298; x_wconf 90' lang='lat' dir='ltr'><strong>amat</strong></span> <span class='ocrx_word' id='word_1_311' title='bbox 1331 4253 1521 4316; x_wconf 89' lang='lat' dir='ltr'><strong>semperque</strong></span> <span class='ocrx_word' id='word_1_312' title='bbox 1542 4233 1583 4295; x_wconf 89' lang='lat' dir='ltr'><strong>ad</strong></span> <span class='ocrx_word' id='word_1_313' title='bbox 1605 4229 1735 4313; x_wconf 86' lang='lat' dir='ltr'><strong>aliquod</strong></span> 
     </span>
     <span class='ocr_line' id='line_1_33' title="bbox 407 4324 1737 4414; baseline -0.004 -22"><span class='ocrx_word' id='word_1_314' title='bbox 407 4338 569 4411; x_wconf 72' lang='lat' dir='ltr'><strong>umquam</strong></span> <span class='ocrx_word' id='word_1_315' title='bbox 598 4327 824 4392; x_wconf 88' lang='lat' dir='ltr'><strong>adminiculum</strong></span> <span class='ocrx_word' id='word_1_316' title='bbox 854 4331 1024 4405; x_wconf 90' lang='lat' dir='ltr'><strong>adnititur,</strong></span> <span class='ocrx_word' id='word_1_317' title='bbox 1055 4332 1142 4414; x_wconf 90' lang='lat' dir='ltr'><strong>quod</strong></span> <span class='ocrx_word' id='word_1_318' title='bbox 1169 4331 1202 4392; x_wconf 91' lang='lat' dir='ltr'><strong>in</strong></span> <span class='ocrx_word' id='word_1_319' title='bbox 1224 4329 1415 4392; x_wconf 87' lang='lat' dir='ltr'><strong>amicissimo</strong></span> <span class='ocrx_word' id='word_1_320' title='bbox 1438 4345 1568 4410; x_wconf 93' lang='lat' dir='ltr'><strong>quoque</strong></span> <span class='ocrx_word' id='word_1_321' title='bbox 1590 4324 1737 4388; x_wconf 90' lang='lat' dir='ltr'><strong>dulcissi-</strong></span> 
     </span>
     <span class='ocr_line' id='line_1_34' title="bbox 408 4431 575 4487; baseline -0.006 0"><span class='ocrx_word' id='word_1_322' title='bbox 408 4442 494 4487; x_wconf 91' lang='lat' dir='ltr'><strong>mum</strong></span> <span class='ocrx_word' id='word_1_323' title='bbox 517 4431 575 4486; x_wconf 87' lang='lat' dir='ltr'><strong>est.</strong></span> 
     </span>
    </p>

    <p class='ocr_par' dir='ltr' id='par_1_4' title="bbox 406 4509 1775 4885">
     <span class='ocr_line' id='line_1_35' title="bbox 493 4509 1736 4600; baseline -0.004 -19"><span class='ocrx_word' id='word_1_324' title='bbox 493 4518 609 4581; x_wconf 79' lang='lat' dir='ltr'><strong>xxiv.</strong></span> <span class='ocrx_word' id='word_1_325' title='bbox 633 4517 696 4581; x_wconf 91' lang='lat' dir='ltr'><strong>Sed</strong></span> <span class='ocrx_word' id='word_1_326' title='bbox 718 4537 790 4580; x_wconf 88' lang='lat' dir='ltr'><strong>cum</strong></span> <span class='ocrx_word' id='word_1_327' title='bbox 814 4525 861 4581; x_wconf 92' lang='lat' dir='ltr'><strong>tot</strong></span> <span class='ocrx_word' id='word_1_328' title='bbox 883 4517 983 4600; x_wconf 86' lang='lat' dir='ltr'><strong>signis</strong></span> <span class='ocrx_word' id='word_1_329' title='bbox 1005 4518 1114 4581; x_wconf 89' lang='lat' dir='ltr'><strong>eadem</strong></span> <span class='ocrx_word' id='word_1_330' title='bbox 1137 4526 1250 4581; x_wconf 86' lang='lat' dir='ltr'><strong>natura</strong></span> <span class='ocrx_word' id='word_1_331' title='bbox 1272 4515 1411 4580; x_wconf 87' lang='lat' dir='ltr'><strong>declaret</strong></span> <span class='ocrx_word' id='word_1_332' title='bbox 1425 4514 1503 4596; x_wconf 88' lang='lat' dir='ltr'><strong>quid</strong></span> <span class='ocrx_word' id='word_1_333' title='bbox 1520 4512 1610 4588; x_wconf 82' lang='lat' dir='ltr'><strong>velit,</strong></span> <span class='ocrx_word' id='word_1_334' title='bbox 1624 4509 1736 4596; x_wconf 84' lang='lat' dir='ltr'><strong>anqui-</strong></span> 
     </span>
     <span class='ocr_line' id='line_1_36' title="bbox 407 4606 1775 4694; baseline -0.007 -16"><span class='ocrx_word' id='word_1_335' title='bbox 407 4620 470 4686; x_wconf 86' lang='lat' dir='ltr'><strong>rat,</strong></span> <span class='ocrx_word' id='word_1_336' title='bbox 493 4610 672 4686; x_wconf 89' lang='lat' dir='ltr'><strong>desideret,</strong></span> <span class='ocrx_word' id='word_1_337' title='bbox 695 4620 800 4676; x_wconf 87' lang='lat' dir='ltr'><strong>tamen</strong></span> <span class='ocrx_word' id='word_1_338' title='bbox 823 4612 1077 4676; x_wconf 82' lang='lat' dir='ltr'><strong>obsurdescimus</strong></span> <span class='ocrx_word' id='word_1_339' title='bbox 1100 4611 1207 4676; x_wconf 86' lang='lat' dir='ltr'><strong>nasale</strong></span> <span class='ocrx_word' id='word_1_340' title='bbox 1230 4631 1295 4694; x_wconf 92' lang='lat' dir='ltr'><strong>quo</strong></span> <span class='ocrx_word' id='word_1_341' title='bbox 1317 4611 1412 4673; x_wconf 75' lang='lat' dir='ltr'><strong>node</strong></span> <span class='ocrx_word' id='word_1_342' title='bbox 1434 4627 1492 4671; x_wconf 87' lang='lat' dir='ltr'><strong>nec</strong></span> <span class='ocrx_word' id='word_1_343' title='bbox 1515 4627 1570 4681; x_wconf 88' lang='lat' dir='ltr'><strong>ea,</strong></span> <span class='ocrx_word' id='word_1_344' title='bbox 1591 4625 1672 4690; x_wconf 85' lang='lat' dir='ltr'><strong>quae</strong></span> <span class='ocrx_word' id='word_1_345' title='bbox 1694 4606 1775 4670; x_wconf 80' lang='lat' dir='ltr'><strong>abst</strong></span> 
     </span>
     <span class='ocr_line' id='line_1_37' title="bbox 407 4702 1735 4787; baseline -0.003 -19"><span class='ocrx_word' id='word_1_346' title='bbox 407 4725 445 4768; x_wconf 89' lang='lat' dir='ltr'><strong>ea</strong></span> <span class='ocrx_word' id='word_1_347' title='bbox 474 4725 657 4779; x_wconf 92' lang='lat' dir='ltr'><strong>monemur,</strong></span> <span class='ocrx_word' id='word_1_348' title='bbox 688 4705 842 4769; x_wconf 87' lang='lat' dir='ltr'><strong>audimus.</strong></span> <span class='ocrx_word' id='word_1_349' title='bbox 892 4707 949 4769; x_wconf 87' lang='lat' dir='ltr'><strong>Est</strong></span> <span class='ocrx_word' id='word_1_350' title='bbox 978 4708 1061 4769; x_wconf 93' lang='lat' dir='ltr'><strong>enim</strong></span> <span class='ocrx_word' id='word_1_351' title='bbox 1092 4706 1197 4769; x_wconf 88' lang='lat' dir='ltr'><strong>varius</strong></span> <span class='ocrx_word' id='word_1_352' title='bbox 1226 4714 1258 4770; x_wconf 92' lang='lat' dir='ltr'><strong>et</strong></span> <span class='ocrx_word' id='word_1_353' title='bbox 1286 4704 1453 4787; x_wconf 85' lang='lat' dir='ltr'><strong>multiplex</strong></span> <span class='ocrx_word' id='word_1_354' title='bbox 1481 4721 1556 4765; x_wconf 90' lang='lat' dir='ltr'><strong>usus</strong></span> <span class='ocrx_word' id='word_1_355' title='bbox 1578 4702 1735 4765; x_wconf 88' lang='lat' dir='ltr'><strong>amicitiae</strong></span> 
     </span>
     <span class='ocr_line' id='line_1_38' title="bbox 406 4797 1735 4885; baseline -0.001 -25"><span class='ocrx_word' id='word_1_356' title='bbox 406 4797 589 4881; x_wconf 88' lang='lat' dir='ltr'><strong>multaeque</strong></span> <span class='ocrx_word' id='word_1_357' title='bbox 612 4819 726 4863; x_wconf 91' lang='lat' dir='ltr'><strong>causae</strong></span> <span class='ocrx_word' id='word_1_358' title='bbox 748 4801 968 4883; x_wconf 85' lang='lat' dir='ltr'><strong>suspicionum</strong></span> <span class='ocrx_word' id='word_1_359' title='bbox 991 4801 1268 4885; x_wconf 77' lang='lat' dir='ltr'><strong>offensionumque</strong></span> <span class='ocrx_word' id='word_1_360' title='bbox 1292 4799 1416 4873; x_wconf 90' lang='lat' dir='ltr'><strong>dantur,</strong></span> <span class='ocrx_word' id='word_1_361' title='bbox 1431 4817 1511 4881; x_wconf 89' lang='lat' dir='ltr'><strong>quas</strong></span> <span class='ocrx_word' id='word_1_362' title='bbox 1527 4805 1593 4860; x_wconf 93' lang='lat' dir='ltr'><strong>tum</strong></span> <span class='ocrx_word' id='word_1_363' title='bbox 1607 4798 1735 4872; x_wconf 82' lang='lat' dir='ltr'><strong>evitare,</strong></span> 
     </span>
    </p>
   </div>
   <div class='ocr_carea' id='block_1_3' title="bbox 406 5129 1736 6033">
    <p class='ocr_par' dir='ltr' id='par_1_5' title="bbox 406 5129 1736 6033">
     <span class='ocr_line' id='line_1_39' title="bbox 474 5129 1734 5206; baseline 0 -15"><span class='ocrx_word' id='word_1_364' title='bbox 474 5143 498 5192; x_wconf 85' lang='lat' dir='ltr'><strong>i.</strong></span> <span class='ocrx_word' id='word_1_365' title='bbox 516 5143 691 5204; x_wconf 76' lang='lat' dir='ltr'><strong>disrumpimur</strong></span> <span class='ocrx_word' id='word_1_366' title='bbox 708 5144 769 5193; x_wconf 82' lang='lat' dir='ltr'><strong>ne:</strong></span> <span class='ocrx_word' id='word_1_367' title='bbox 789 5129 970 5205; x_wconf 79' lang='lat' dir='ltr'><strong>disrumpamus¹</strong></span> <span class='ocrx_word' id='word_1_368' title='bbox 986 5145 1012 5202; x_wconf 84' lang='lat' dir='ltr'><strong>S,</strong></span> <span class='ocrx_word' id='word_1_369' title='bbox 1031 5146 1216 5205; x_wconf 75' lang='lat' dir='ltr'><strong>disrumpamus</strong></span> <span class='ocrx_word' id='word_1_370' title='bbox 1231 5143 1263 5204; x_wconf 81' lang='lat' dir='ltr'><strong>V,</strong></span> <span class='ocrx_word' id='word_1_371' title='bbox 1281 5144 1454 5206; x_wconf 74' lang='lat' dir='ltr'><strong>dirumpamus</strong></span> <span class='ocrx_word' id='word_1_372' title='bbox 1465 5144 1495 5199; x_wconf 85' lang='grc' dir='ltr'><strong>Β,</strong></span> <span class='ocrx_word' id='word_1_373' title='bbox 1512 5142 1679 5204; x_wconf 81' lang='lat' dir='ltr'><strong>dirumpimus</strong></span> <span class='ocrx_word' id='word_1_374' title='bbox 1690 5142 1734 5191; x_wconf 86' lang='lat' dir='ltr'><strong>EO</strong></span> 
     </span>
     <span class='ocr_line' id='line_1_40' title="bbox 408 5218 1736 5284; baseline -0.001 -17"><span class='ocrx_word' id='word_1_375' title='bbox 408 5241 435 5253; x_wconf 93' lang='lat'><em>-</em></span> <span class='ocrx_word' id='word_1_376' title='bbox 449 5218 473 5267; x_wconf 79' lang='grc'><strong>5.</strong></span> <span class='ocrx_word' id='word_1_377' title='bbox 487 5229 641 5279; x_wconf 75' lang='lat' dir='ltr'><strong>quamquam</strong></span> <span class='ocrx_word' id='word_1_378' title='bbox 658 5231 712 5267; x_wconf 89' lang='lat' dir='ltr'><strong>om.</strong></span> <span class='ocrx_word' id='word_1_379' title='bbox 727 5218 831 5282; x_wconf 70' lang='lat' dir='ltr'><strong>iladvig</strong></span> <span class='ocrx_word' id='word_1_380' title='bbox 843 5220 947 5282; x_wconf 79' lang='lat' dir='ltr'><strong>[opusc.</strong></span> <span class='ocrx_word' id='word_1_381' title='bbox 962 5220 992 5278; x_wconf 88' lang='grc'><strong>11,</strong></span> <span class='ocrx_word' id='word_1_382' title='bbox 1002 5220 1068 5281; x_wconf 65' lang='lat'><strong>2853,</strong></span> <span class='ocrx_word' id='word_1_383' title='bbox 1088 5223 1148 5284; x_wconf 92' lang='lat' dir='ltr'><strong>post</strong></span> <span class='ocrx_word' id='word_1_384' title='bbox 1159 5220 1314 5269; x_wconf 76' lang='lat' dir='ltr'><strong>consentient</strong></span> <span class='ocrx_word' id='word_1_385' title='bbox 1325 5222 1424 5284; x_wconf 84' lang='lat' dir='ltr'><strong>puncto</strong></span> <span class='ocrx_word' id='word_1_386' title='bbox 1436 5219 1522 5281; x_wconf 88' lang='lat' dir='ltr'><strong>posito</strong></span> <span class='ocrx_word' id='word_1_387' title='bbox 1541 5245 1568 5253; x_wconf 95' lang='lat'><em>-</em></span> <span class='ocrx_word' id='word_1_388' title='bbox 1587 5220 1644 5279; x_wconf 86' lang='lat' dir='ltr'><strong>ipsa</strong></span> <span class='ocrx_word' id='word_1_389' title='bbox 1654 5218 1736 5266; x_wconf 75' lang='lat' dir='ltr'><strong>uirtm</strong></span> 
     </span>
     <span class='ocr_line' id='line_1_41' title="bbox 407 5292 1736 5357; baseline 0.001 -16"><span class='ocrx_word' id='word_1_390' title='bbox 407 5292 428 5341; x_wconf 90' lang='lat'>0</span> <span class='ocrx_word' id='word_1_391' title='bbox 448 5318 472 5327; x_wconf 92' lang='lat'><em>-</em></span> <span class='ocrx_word' id='word_1_392' title='bbox 493 5293 516 5340; x_wconf 78' lang='lat' dir='ltr'><strong>t.</strong></span> <span class='ocrx_word' id='word_1_393' title='bbox 530 5298 648 5353; x_wconf 86' lang='lat' dir='ltr'><strong>spernunt</strong></span> <span class='ocrx_word' id='word_1_394' title='bbox 667 5292 726 5341; x_wconf 83' lang='lat' dir='ltr'><strong>E·</strong></span> <span class='ocrx_word' id='word_1_395' title='bbox 747 5295 786 5341; x_wconf 89' lang='lat' dir='ltr'><strong>tt.</strong></span> <span class='ocrx_word' id='word_1_396' title='bbox 798 5298 888 5355; x_wconf 83' lang='lat' dir='ltr'><strong>putant</strong></span> <span class='ocrx_word' id='word_1_397' title='bbox 901 5295 972 5343; x_wconf 81' lang='lat' dir='ltr'><strong>sssv</strong></span> <span class='ocrx_word' id='word_1_398' title='bbox 986 5319 1012 5329; x_wconf 93' lang='lat'><em>-</em></span> <span class='ocrx_word' id='word_1_399' title='bbox 1032 5295 1155 5343; x_wconf 79' lang='lat' dir='ltr'><strong>adunam</strong></span> <span class='ocrx_word' id='word_1_400' title='bbox 1167 5297 1231 5346; x_wconf 85' lang='lat' dir='ltr'><strong>diem</strong></span> <span class='ocrx_word' id='word_1_401' title='bbox 1248 5294 1309 5353; x_wconf 76' lang='lat'><strong>88¹,</strong></span> <span class='ocrx_word' id='word_1_402' title='bbox 1327 5297 1392 5344; x_wconf 85' lang='lat' dir='ltr'><strong>idem</strong></span> <span class='ocrx_word' id='word_1_403' title='bbox 1410 5308 1453 5344; x_wconf 88' lang='lat' dir='ltr'><strong>orn</strong></span> <span class='ocrx_word' id='word_1_404' title='bbox 1479 5294 1499 5341; x_wconf 88' lang='lat' dir='ltr'>V</span> <span class='ocrx_word' id='word_1_405' title='bbox 1514 5320 1540 5331; x_wconf 90' lang='lat'>-</span> <span class='ocrx_word' id='word_1_406' title='bbox 1558 5293 1587 5357; x_wconf 86' lang='lat' dir='ltr'><strong>ii]</strong></span> <span class='ocrx_word' id='word_1_407' title='bbox 1600 5295 1624 5341; x_wconf 82' lang='lat' dir='ltr'><strong>ii</strong></span> <span class='ocrx_word' id='word_1_408' title='bbox 1642 5296 1736 5355; x_wconf 89' lang='lat' dir='ltr'><strong>quater</strong></span> 
     </span>
     <span class='ocr_line' id='line_1_42' title="bbox 406 5365 1733 5426; baseline -0.002 -9"><span class='ocrx_word' id='word_1_409' title='bbox 406 5367 512 5426; x_wconf 77' lang='lat' dir='ltr'><strong>Bosv,</strong></span> <span class='ocrx_word' id='word_1_410' title='bbox 531 5365 572 5417; x_wconf 88' lang='lat' dir='ltr'><strong>bis</strong></span> <span class='ocrx_word' id='word_1_411' title='bbox 591 5368 611 5416; x_wconf 82' lang='lat' dir='ltr'><strong>l)</strong></span> <span class='ocrx_word' id='word_1_412' title='bbox 631 5394 658 5404; x_wconf 91' lang='lat'>-</span> <span class='ocrx_word' id='word_1_413' title='bbox 678 5369 718 5416; x_wconf 72' lang='lat' dir='ltr'><strong>td.</strong></span> <span class='ocrx_word' id='word_1_414' title='bbox 736 5369 884 5417; x_wconf 73' lang='lat' dir='ltr'><strong>contulerint</strong></span> <span class='ocrx_word' id='word_1_415' title='bbox 901 5369 945 5417; x_wconf 87' lang='lat' dir='ltr'><strong>SV</strong></span> <span class='ocrx_word' id='word_1_416' title='bbox 966 5394 990 5404; x_wconf 89' lang='lat'><em>-</em></span> <span class='ocrx_word' id='word_1_417' title='bbox 1012 5370 1052 5419; x_wconf 82' lang='grc'><strong>43.</strong></span> <span class='ocrx_word' id='word_1_418' title='bbox 1071 5371 1184 5421; x_wconf 84' lang='lat' dir='ltr'><strong>ociosiG</strong></span> <span class='ocrx_word' id='word_1_419' title='bbox 1204 5397 1228 5407; x_wconf 92' lang='lat'><strong>·-</strong></span> <span class='ocrx_word' id='word_1_420' title='bbox 1251 5371 1291 5422; x_wconf 85' lang='lat' dir='ltr'><strong>li.</strong></span> <span class='ocrx_word' id='word_1_421' title='bbox 1305 5372 1453 5421; x_wconf 80' lang='lat' dir='ltr'><strong>tradiderint</strong></span> <span class='ocrx_word' id='word_1_422' title='bbox 1470 5370 1491 5418; x_wconf 88' lang='lat' dir='ltr'>D</span> <span class='ocrx_word' id='word_1_423' title='bbox 1510 5393 1537 5404; x_wconf 93' lang='lat'><em>—</em></span> <span class='ocrx_word' id='word_1_424' title='bbox 1555 5368 1653 5416; x_wconf 73' lang='lat' dir='ltr'><strong>audem</strong></span> <span class='ocrx_word' id='word_1_425' title='bbox 1670 5367 1733 5416; x_wconf 83' lang='lat' dir='ltr'><strong>DE:</strong></span> 
     </span>
     <span class='ocr_line' id='line_1_43' title="bbox 406 5441 1734 5508; baseline -0.002 -15"><span class='ocrx_word' id='word_1_426' title='bbox 406 5441 504 5492; x_wconf 64' lang='lat' dir='ltr'><strong>addam</strong></span> <span class='ocrx_word' id='word_1_427' title='bbox 519 5444 626 5492; x_wconf 87' lang='lat' dir='ltr'><strong>sentiunt</strong></span> <span class='ocrx_word' id='word_1_428' title='bbox 643 5443 749 5498; x_wconf 78' lang='lat' dir='ltr'><strong>bosv,</strong></span> <span class='ocrx_word' id='word_1_429' title='bbox 769 5443 817 5492; x_wconf 90' lang='lat' dir='ltr'><strong>sed</strong></span> <span class='ocrx_word' id='word_1_430' title='bbox 834 5444 930 5492; x_wconf 78' lang='lat' dir='ltr'><strong>nudam</strong></span> <span class='ocrx_word' id='word_1_431' title='bbox 947 5445 963 5493; x_wconf 91' lang='lat' dir='ltr'>S</span> <span class='ocrx_word' id='word_1_432' title='bbox 981 5446 1007 5495; x_wconf 93' lang='lat' dir='ltr'><strong>in</strong></span> <span class='ocrx_word' id='word_1_433' title='bbox 1019 5458 1102 5506; x_wconf 82' lang='lat' dir='ltr'><strong>marg.</strong></span> <span class='ocrx_word' id='word_1_434' title='bbox 1125 5468 1151 5481; x_wconf 90' lang='lat'><em>-</em></span> <span class='ocrx_word' id='word_1_435' title='bbox 1173 5446 1212 5495; x_wconf 80' lang='lat' dir='ltr'><strong>lt.</strong></span> <span class='ocrx_word' id='word_1_436' title='bbox 1231 5459 1261 5494; x_wconf 88' lang='lat' dir='ltr'><strong>ea</strong></span> <span class='ocrx_word' id='word_1_437' title='bbox 1277 5447 1412 5508; x_wconf 69' lang='lat' dir='ltr'><strong>amaritate</strong></span> <span class='ocrx_word' id='word_1_438' title='bbox 1427 5445 1448 5493; x_wconf 92' lang='lat'>0</span> <span class='ocrx_word' id='word_1_439' title='bbox 1467 5468 1494 5478; x_wconf 95' lang='lat'>-</span> <span class='ocrx_word' id='word_1_440' title='bbox 1513 5442 1552 5491; x_wconf 73' lang='lat'><strong>2⁰.</strong></span> <span class='ocrx_word' id='word_1_441' title='bbox 1571 5444 1689 5503; x_wconf 87' lang='lat' dir='ltr'><strong>acquiret</strong></span> <span class='ocrx_word' id='word_1_442' title='bbox 1705 5441 1734 5500; x_wconf 81' lang='lat' dir='ltr'><strong>li,</strong></span> 
     </span>
     <span class='ocr_line' id='line_1_44' title="bbox 406 5515 1735 5580; baseline -0.002 -14"><span class='ocrx_word' id='word_1_443' title='bbox 406 5517 523 5578; x_wconf 81' lang='lat' dir='ltr'><strong>inqssirat</strong></span> <span class='ocrx_word' id='word_1_444' title='bbox 540 5519 561 5567; x_wconf 87' lang='lat' dir='ltr'><strong>l)</strong></span> <span class='ocrx_word' id='word_1_445' title='bbox 581 5543 606 5554; x_wconf 94' lang='lat'>-</span> <span class='ocrx_word' id='word_1_446' title='bbox 627 5519 668 5565; x_wconf 73' lang='lat' dir='ltr'><strong>tt.</strong></span> <span class='ocrx_word' id='word_1_447' title='bbox 682 5519 795 5566; x_wconf 86' lang='lat' dir='ltr'><strong>iudicare</strong></span> <span class='ocrx_word' id='word_1_448' title='bbox 813 5518 831 5567; x_wconf 83' lang='grc' dir='ltr'>Ε</span> <span class='ocrx_word' id='word_1_449' title='bbox 850 5544 879 5556; x_wconf 94' lang='grc'><strong>-</strong></span> <span class='ocrx_word' id='word_1_450' title='bbox 894 5519 1009 5580; x_wconf 68' lang='lat' dir='ltr'><strong>poenire</strong></span> <span class='ocrx_word' id='word_1_451' title='bbox 1030 5543 1057 5554; x_wconf 95' lang='lat'><em>-</em></span> <span class='ocrx_word' id='word_1_452' title='bbox 1076 5520 1117 5568; x_wconf 80' lang='lat' dir='ltr'><strong>st.</strong></span> <span class='ocrx_word' id='word_1_453' title='bbox 1131 5520 1271 5568; x_wconf 85' lang='lat' dir='ltr'><strong>terentiane</strong></span> <span class='ocrx_word' id='word_1_454' title='bbox 1287 5522 1306 5568; x_wconf 81' lang='lat' dir='ltr'><strong>e</strong></span> <span class='ocrx_word' id='word_1_455' title='bbox 1324 5545 1357 5557; x_wconf 92' lang='lat'><em>-</em></span> <span class='ocrx_word' id='word_1_456' title='bbox 1374 5515 1534 5568; x_wconf 81' lang='lat' dir='ltr'><strong>arciitaGV</strong></span> <span class='ocrx_word' id='word_1_457' title='bbox 1550 5541 1583 5553; x_wconf 89' lang='lat'>—</span> <span class='ocrx_word' id='word_1_458' title='bbox 1605 5515 1645 5564; x_wconf 81' lang='lat'><strong>28.</strong></span> <span class='ocrx_word' id='word_1_459' title='bbox 1657 5521 1735 5564; x_wconf 83' lang='lat' dir='ltr'><strong>natu-</strong></span> 
     </span>
     <span class='ocr_line' id='line_1_45' title="bbox 406 5589 1736 5655; baseline 0.003 -16"><span class='ocrx_word' id='word_1_460' title='bbox 406 5604 466 5641; x_wconf 87' lang='lat' dir='ltr'><strong>ram</strong></span> <span class='ocrx_word' id='word_1_461' title='bbox 481 5591 560 5642; x_wconf 80' lang='lat' dir='ltr'><strong>RS¹V</strong></span> <span class='ocrx_word' id='word_1_462' title='bbox 585 5619 617 5628; x_wconf 95' lang='lat'>-</span> <span class='ocrx_word' id='word_1_463' title='bbox 645 5593 685 5641; x_wconf 79' lang='lat'><strong>29.</strong></span> <span class='ocrx_word' id='word_1_464' title='bbox 701 5592 896 5654; x_wconf 83' lang='lat' dir='ltr'><strong>pulcritudinem</strong></span> <span class='ocrx_word' id='word_1_465' title='bbox 914 5591 971 5642; x_wconf 72' lang='lat'><strong>13⁶¹</strong></span> <span class='ocrx_word' id='word_1_466' title='bbox 997 5619 1024 5630; x_wconf 90' lang='lat'><em>-</em></span> <span class='ocrx_word' id='word_1_467' title='bbox 1055 5595 1095 5644; x_wconf 82' lang='lat'><strong>30.</strong></span> <span class='ocrx_word' id='word_1_468' title='bbox 1113 5596 1163 5642; x_wconf 81' lang='lat' dir='ltr'><strong>nisi</strong></span> <span class='ocrx_word' id='word_1_469' title='bbox 1179 5594 1259 5655; x_wconf 84' lang='lat' dir='ltr'><strong>aliqui</strong></span> <span class='ocrx_word' id='word_1_470' title='bbox 1281 5595 1300 5644; x_wconf 86' lang='lat' dir='ltr'><strong>B</strong></span> <span class='ocrx_word' id='word_1_471' title='bbox 1326 5621 1359 5633; x_wconf 90' lang='lat'><em>-</em></span> <span class='ocrx_word' id='word_1_472' title='bbox 1387 5600 1445 5642; x_wconf 87' lang='lat' dir='ltr'><strong>tune</strong></span> <span class='ocrx_word' id='word_1_473' title='bbox 1462 5592 1502 5638; x_wconf 85' lang='lat' dir='ltr'><strong>cui</strong></span> <span class='ocrx_word' id='word_1_474' title='bbox 1525 5589 1545 5638; x_wconf 82' lang='grc' dir='ltr'>Ε</span> <span class='ocrx_word' id='word_1_475' title='bbox 1572 5613 1599 5626; x_wconf 90' lang='lat'><em>-</em></span> <span class='ocrx_word' id='word_1_476' title='bbox 1625 5603 1736 5643; x_wconf 73' lang='lat' dir='ltr'><strong>samm</strong></span> 
     </span>
     <span class='ocr_line' id='line_1_46' title="bbox 407 5663 1732 5727; baseline 0.002 -13"><span class='ocrx_word' id='word_1_477' title='bbox 407 5679 457 5714; x_wconf 82' lang='lat' dir='ltr'><strong>eon</strong></span> <span class='ocrx_word' id='word_1_478' title='bbox 468 5665 524 5714; x_wconf 79' lang='lat' dir='ltr'><strong>nee.</strong></span> <span class='ocrx_word' id='word_1_479' title='bbox 538 5665 569 5721; x_wconf 84' lang='lat' dir='ltr'><strong>D.</strong></span> <span class='ocrx_word' id='word_1_480' title='bbox 587 5673 707 5715; x_wconf 82' lang='lat' dir='ltr'><strong>narraret</strong></span> <span class='ocrx_word' id='word_1_481' title='bbox 723 5664 740 5712; x_wconf 83' lang='lat' dir='ltr'><strong>ri</strong></span> <span class='ocrx_word' id='word_1_482' title='bbox 756 5666 813 5714; x_wconf 82' lang='lat' dir='ltr'><strong>iob.</strong></span> <span class='ocrx_word' id='word_1_483' title='bbox 827 5667 852 5721; x_wconf 80' lang='lat' dir='ltr'><strong>S.</strong></span> <span class='ocrx_word' id='word_1_484' title='bbox 872 5667 920 5717; x_wconf 89' lang='lat' dir='ltr'><strong>sed</strong></span> <span class='ocrx_word' id='word_1_485' title='bbox 937 5664 955 5716; x_wconf 84' lang='lat' dir='ltr'><strong>ri</strong></span> <span class='ocrx_word' id='word_1_486' title='bbox 972 5668 997 5717; x_wconf 89' lang='lat' dir='ltr'><strong>io</strong></span> <span class='ocrx_word' id='word_1_487' title='bbox 1016 5681 1107 5718; x_wconf 87' lang='lat' dir='ltr'><strong>rasura</strong></span> <span class='ocrx_word' id='word_1_488' title='bbox 1125 5682 1160 5719; x_wconf 92' lang='lat' dir='ltr'><strong>m.</strong></span> <span class='ocrx_word' id='word_1_489' title='bbox 1174 5670 1206 5726; x_wconf 73' lang='lat'><strong>2;</strong></span> <span class='ocrx_word' id='word_1_490' title='bbox 1224 5676 1312 5718; x_wconf 84' lang='lat' dir='ltr'><strong>narret</strong></span> <span class='ocrx_word' id='word_1_491' title='bbox 1328 5669 1385 5718; x_wconf 83' lang='lat' dir='ltr'><strong>iad.</strong></span> <span class='ocrx_word' id='word_1_492' title='bbox 1399 5670 1419 5717; x_wconf 86' lang='lat' dir='ltr'>G</span> <span class='ocrx_word' id='word_1_493' title='bbox 1437 5663 1498 5715; x_wconf 87' lang='lat' dir='ltr'><strong>add.</strong></span> <span class='ocrx_word' id='word_1_494' title='bbox 1512 5676 1571 5727; x_wconf 88' lang='lat' dir='ltr'><strong>sup.</strong></span> <span class='ocrx_word' id='word_1_495' title='bbox 1584 5663 1627 5715; x_wconf 86' lang='lat' dir='ltr'><strong>liu.</strong></span> <span class='ocrx_word' id='word_1_496' title='bbox 1640 5680 1691 5716; x_wconf 80' lang='lat' dir='ltr'><strong>aaa</strong></span> <span class='ocrx_word' id='word_1_497' title='bbox 1704 5691 1732 5705; x_wconf 91' lang='lat'>-</span> 
     </span>
     <span class='ocr_line' id='line_1_47' title="bbox 409 5738 1732 5806; baseline 0 -17"><span class='ocrx_word' id='word_1_498' title='bbox 409 5738 450 5789; x_wconf 76' lang='lat' dir='ltr'><strong>(il.</strong></span> <span class='ocrx_word' id='word_1_499' title='bbox 469 5740 530 5788; x_wconf 78' lang='lat' dir='ltr'><strong>nne</strong></span> <span class='ocrx_word' id='word_1_500' title='bbox 547 5746 619 5788; x_wconf 85' lang='lat' dir='ltr'><strong>amat</strong></span> <span class='ocrx_word' id='word_1_501' title='bbox 634 5742 776 5789; x_wconf 75' lang='lat' dir='ltr'><strong>solitarium</strong></span> <span class='ocrx_word' id='word_1_502' title='bbox 794 5742 862 5790; x_wconf 85' lang='lat' dir='ltr'><strong>BSV</strong></span> <span class='ocrx_word' id='word_1_503' title='bbox 890 5767 916 5780; x_wconf 90' lang='lat'><em>-</em></span> <span class='ocrx_word' id='word_1_504' title='bbox 942 5744 1073 5806; x_wconf 78' lang='lat' dir='ltr'><strong>scrisperE</strong></span> <span class='ocrx_word' id='word_1_505' title='bbox 1101 5770 1126 5779; x_wconf 93' lang='lat'><em>-</em></span> <span class='ocrx_word' id='word_1_506' title='bbox 1155 5744 1290 5805; x_wconf 82' lang='lat' dir='ltr'><strong>aliquidll</strong></span> <span class='ocrx_word' id='word_1_507' title='bbox 1310 5768 1336 5780; x_wconf 92' lang='lat'>-</span> <span class='ocrx_word' id='word_1_508' title='bbox 1356 5745 1396 5794; x_wconf 66' lang='grc' dir='ltr'><strong>δί.</strong></span> <span class='ocrx_word' id='word_1_509' title='bbox 1410 5739 1598 5790; x_wconf 77' lang='lat' dir='ltr'><strong>amminiculum</strong></span> <span class='ocrx_word' id='word_1_510' title='bbox 1614 5741 1685 5790; x_wconf 77' lang='lat' dir='ltr'><strong>usv</strong></span> <span class='ocrx_word' id='word_1_511' title='bbox 1704 5769 1732 5782; x_wconf 85' lang='lat'>-</span> 
     </span>
     <span class='ocr_line' id='line_1_48' title="bbox 408 5814 1735 5881; baseline 0.002 -18"><span class='ocrx_word' id='word_1_512' title='bbox 408 5827 506 5876; x_wconf 77' lang='lat' dir='ltr'><strong>queque</strong></span> <span class='ocrx_word' id='word_1_513' title='bbox 521 5817 605 5864; x_wconf 81' lang='lat' dir='ltr'><strong>oms</strong></span> <span class='ocrx_word' id='word_1_514' title='bbox 624 5841 650 5850; x_wconf 97' lang='lat'><strong>—</strong></span> <span class='ocrx_word' id='word_1_515' title='bbox 671 5816 711 5865; x_wconf 72' lang='lat' dir='ltr'><strong>di.</strong></span> <span class='ocrx_word' id='word_1_516' title='bbox 730 5823 826 5865; x_wconf 72' lang='lat' dir='ltr'><strong>ismara</strong></span> <span class='ocrx_word' id='word_1_517' title='bbox 842 5817 930 5868; x_wconf 70' lang='lat' dir='ltr'><strong>omi}</strong></span> <span class='ocrx_word' id='word_1_518' title='bbox 947 5842 975 5854; x_wconf 88' lang='lat'><em>—</em></span> <span class='ocrx_word' id='word_1_519' title='bbox 995 5818 1108 5868; x_wconf 80' lang='lat' dir='ltr'><strong>declarat</strong></span> <span class='ocrx_word' id='word_1_520' title='bbox 1126 5818 1197 5868; x_wconf 85' lang='lat' dir='ltr'><strong>DSV</strong></span> <span class='ocrx_word' id='word_1_521' title='bbox 1217 5841 1244 5854; x_wconf 92' lang='lat'>-</span> <span class='ocrx_word' id='word_1_522' title='bbox 1265 5820 1331 5881; x_wconf 81' lang='lat' dir='ltr'><strong>quod</strong></span> <span class='ocrx_word' id='word_1_523' title='bbox 1348 5819 1396 5869; x_wconf 86' lang='lat' dir='ltr'><strong>DV</strong></span> <span class='ocrx_word' id='word_1_524' title='bbox 1414 5843 1446 5855; x_wconf 90' lang='lat'><em>-</em></span> <span class='ocrx_word' id='word_1_525' title='bbox 1463 5815 1581 5876; x_wconf 83' lang='lat' dir='ltr'><strong>acquirat</strong></span> <span class='ocrx_word' id='word_1_526' title='bbox 1597 5814 1631 5875; x_wconf 85' lang='lat' dir='ltr'><strong>E,</strong></span> <span class='ocrx_word' id='word_1_527' title='bbox 1648 5817 1735 5880; x_wconf 85' lang='lat' dir='ltr'><strong>inqui-</strong></span> 
     </span>
     <span class='ocr_line' id='line_1_49' title="bbox 407 5889 1735 5959; baseline 0.006 -19"><span class='ocrx_word' id='word_1_528' title='bbox 407 5895 451 5940; x_wconf 85' lang='lat' dir='ltr'><strong>rat</strong></span> <span class='ocrx_word' id='word_1_529' title='bbox 468 5891 488 5941; x_wconf 85' lang='lat' dir='ltr'>D</span> <span class='ocrx_word' id='word_1_530' title='bbox 508 5915 535 5927; x_wconf 94' lang='lat'><em>-</em></span> <span class='ocrx_word' id='word_1_531' title='bbox 554 5891 594 5940; x_wconf 76' lang='lat'><strong>³5.</strong></span> <span class='ocrx_word' id='word_1_532' title='bbox 608 5895 691 5941; x_wconf 84' lang='lat' dir='ltr'><strong>temen</strong></span> <span class='ocrx_word' id='word_1_533' title='bbox 707 5892 903 5943; x_wconf 78' lang='lat' dir='ltr'><strong>obsurdescimus</strong></span> <span class='ocrx_word' id='word_1_534' title='bbox 920 5895 939 5944; x_wconf 92' lang='lat' dir='ltr'>C</span> <span class='ocrx_word' id='word_1_535' title='bbox 958 5894 1015 5957; x_wconf 86' lang='lat' dir='ltr'><strong>(sed</strong></span> <span class='ocrx_word' id='word_1_536' title='bbox 1027 5895 1044 5943; x_wconf 89' lang='lat' dir='ltr'>S</span> <span class='ocrx_word' id='word_1_537' title='bbox 1055 5894 1257 5959; x_wconf 79' lang='lat' dir='ltr'><strong>obsordescimus,</strong></span> <span class='ocrx_word' id='word_1_538' title='bbox 1270 5897 1289 5946; x_wconf 80' lang='lat' dir='ltr'><strong>li</strong></span> <span class='ocrx_word' id='word_1_539' title='bbox 1300 5893 1520 5956; x_wconf 68' lang='lat' dir='ltr'><strong>camedonensem</strong></span> <span class='ocrx_word' id='word_1_540' title='bbox 1539 5889 1637 5942; x_wconf 63' lang='grc' dir='ltr'><em>Μ</em></span> <span class='ocrx_word' id='word_1_541' title='bbox 1650 5898 1735 5948; x_wconf 65' lang='lat' dir='ltr'><strong>imm</strong></span> 
     </span>
     <span class='ocr_line' id='line_1_50' title="bbox 409 5963 1073 6033; baseline 0.005 -15"><span class='ocrx_word' id='word_1_542' title='bbox 409 5964 479 6018; x_wconf 93' lang='lat'><strong>0-</strong></span> <span class='ocrx_word' id='word_1_543' title='bbox 504 5963 731 6020; x_wconf 69' lang='lat' dir='ltr'><strong>summersus</strong></span> <span class='ocrx_word' id='word_1_544' title='bbox 751 5993 777 6007; x_wconf 91' lang='lat'>-</span> <span class='ocrx_word' id='word_1_545' title='bbox 806 5967 1073 6033; x_wconf 49' lang='lat' dir='ltr'><strong>erumnosas</strong></span> 
     </span>
    </p>
   </div>
   <div class='ocr_carea' id='block_1_4' title="bbox 0 0 2176 7459">
    <p class='ocr_par' dir='ltr' id='par_1_6' title="bbox 0 0 2176 7459">
     <span class='ocr_line' id='line_1_51' title="bbox 0 0 2176 7459; baseline 0 1"><span class='ocrx_word' id='word_1_546' title='bbox 0 0 2176 7459; x_wconf 95' lang='lat' dir='ltr'><strong> </strong></span> 
     </span>
    </p>
   </div>
  </div>
 </body>
</html>
