4342 7459
443 1224 486 1292 66
769 1231 1093 1298 scanaviconttn
1114 1230 1401 1298 POSTERIOBUM

443 1403 557 1487 ltaque
577 1402 660 1467 hanc
682 1423 808 1469 omnem
825 1410 947 1488 partem
961 1422 1067 1466 rerum
1083 1401 1332 1485 opinabilem
1347 1397 1555 1484 appellabant.
1590 1393 1642 1462 34.
1659 1398 1768 1464 Scien-

443 1498 520 1560 tiam
547 1505 651 1562 autem
681 1517 837 1581 nusquam
860 1517 929 1561 esse
950 1495 1122 1560 censebant
1143 1495 1203 1559 nisi
1226 1496 1259 1558 in
1281 1494 1376 1557 animi
1398 1492 1578 1556 notionibus
1601 1498 1698 1575 alque
1719 1512 1769 1556 ra·

443 1591 598 1655 tionibusz
628 1612 691 1675 qua
718 1591 758 1654 de
787 1610 882 1655 causa
904 1586 1105 1654 definitiones
1133 1610 1236 1652 rerum
1258 1589 1434 1672 probabant
1455 1595 1487 1650 et
1507 1585 1564 1650 has
1587 1583 1627 1648 ad
1650 1585 1768 1662 omnia,

443 1684 482 1747 de
504 1685 620 1769 quibus
642 1685 889 1769 disceptabatur,
911 1684 1111 1746 adhibebant.
1147 1683 1323 1745 Verborum
1344 1680 1439 1744 etiam
1461 1678 1633 1764 explicatio
1655 1679 1768 1763 proba·

419 1778 548 1855 ebatur,
570 1778 602 1842 id
627 1787 688 1854 est,
711 1777 836 1863 quade
858 1797 952 1841 causa
975 1797 1121 1861 quaeque
1144 1784 1250 1840 essent
1272 1775 1314 1838 ita
1335 1774 1511 1849 nominata,
1534 1792 1630 1857 quam
1653 1774 1768 1855 ἐτυμο-

440 1871 557 1954 λογὶαν
577 1873 795 1956 appellabant:
816 1880 889 1955 post
910 1871 1102 1954 argumentis
1125 1868 1314 1953 quibusdam
1338 1876 1370 1932 et
1391 1869 1483 1951 quasi
1504 1887 1608 1931 rerum
1630 1866 1768 1930 notatio-

440 1966 534 2029 nibus
555 1966 726 2029 utebantur
746 1966 786 2029 ad
808 1964 1005 2047 probandum
1028 1972 1059 2028 44
1081 1964 1120 2026 ad
1144 1961 1394 2027 concludendum
1417 1961 1465 2036 id,
1493 1962 1579 2045 quod
1602 1962 1767 2046 explanari

440 2059 605 2124 volebantt
627 2058 650 2140 †
672 2059 706 2122 in
728 2079 792 2143 qua
813 2059 995 2121 tradebatur
1016 2057 1119 2120 omnis
1143 2057 1325 2120 dialecticae
1347 2055 1529 2137 disciplina,
1552 2055 1584 2118 id
1608 2064 1674 2132 est,
1697 2075 1769 2119 ora·

440 2153 537 2215 tionis
558 2152 679 2216 ratione
702 2152 887 2215 conclusae:
909 2151 984 2214 huic
1006 2151 1098 2235 quasi
1121 2152 1273 2214 exaltem
1291 2158 1379 2232 parte
1397 2144 1558 2232 [oratoria]
1575 2149 1623 2213 vis
1639 2148 1767 2213 dicendi

404 2256 432 2303 10
441 2246 663 2320 adhibebatur,
685 2246 871 2330 explicatrix
894 2245 1045 2307 orationis
1068 2253 1240 2328 perpetuae
1262 2243 1302 2306 ad
1321 2243 1575 2326 persuadendum
1590 2262 1768 2307 accommo-

441 2342 542 2404 datae.
585 2336 636 2401 33.
659 2340 746 2402 Η444
767 2338 868 2400 torma
890 2347 956 2401 erat
978 2337 1041 2400 illis
1063 2339 1198 2422 primum
1220 2358 1239 2400 a
1261 2337 1391 2400 Platone
1413 2337 1545 2400 traditas
1574 2338 1663 2401 cuius
1687 2357 1766 2421 quas

439 2434 616 2517 acceperim
632 2433 883 2506 immutationes,
907 2432 933 2494 si
948 2431 1053 2505 vultis,
1076 2451 1244 2515 exponam.
1277 2433 1340 2494 Nos
1356 2450 1430 2494 vero
1446 2430 1601 2506 volumus,
1624 2431 1765 2515 iuquam,

439 2535 475 2591 ut
495 2549 552 2612 pro
571 2527 676 2590 Attico
700 2526 794 2589 etiam
816 2524 1035 2607 respondeam.
1067 2526 1108 2587 Et
1131 2533 1226 2599 recte,
1248 2524 1368 2608 iuquit,
1389 2524 1581 2608 respondes3
1603 2525 1766 2607 praeclare

440 2624 522 2685 enim
545 2622 723 2705 explicatur
743 2620 1021 2702 Peripateticorum
1044 2626 1075 2682 et
1096 2618 1284 2680 Academiae
1307 2618 1422 2680 veteris
1444 2618 1624 2681 auctoritas.
1653 2690 1655 2695 ¹

404 2726 432 2771 ts
524 2714 787 2778 intestanter
814 2714 910 2796 igitur
938 2714 1056 2795 primus
1084 2712 1223 2796 species,
1253 2731 1331 2795 quas
1354 2711 1448 2794 paulo
1470 2719 1543 2774 anie
1566 2712 1650 2787 dixi,
1679 2712 1766 2779 labe-

439 2809 582 2875 factavite
604 2828 684 2892 quas
706 2804 836 2871 mirifice
859 2807 947 2869 Plato
969 2813 1036 2868 erat
1058 2795 1272 2888 amplexatus,
1295 2812 1331 2868 ut
1352 2806 1385 2867 in
1400 2805 1440 2868 iis
1457 2804 1609 2889 quiddam
1624 2805 1765 2871 divinum

418 2922 510 2966 *esse
532 2902 660 2964 diceret.
696 2899 930 2984 Theophrastus
953 2907 1073 2973 autem,
1096 2900 1189 2961 viret
1204 2899 1346 2961 oratioue
1368 2899 1474 2962 suavis
1500 2900 1596 2963 etita
1615 2909 1765 2975 moratus,

439 3004 476 3059 ut
496 2997 680 3082 probitatem
704 2993 861 3079 quandam
885 3014 959 3077 prae
981 3014 1016 3055 se
1037 3001 1068 3055 et
1083 2993 1306 3075 ingenuitatem
1323 2992 1414 3067 terat,
1436 2992 1654 3057 vehementius
1670 2994 1765 3057 etiam

439 3087 533 3172 fregit
555 3090 691 3173 quodam
715 3089 808 3151 modo
832 3088 1049 3150 auctoritatem
1072 3087 1187 3150 veteris
1210 3086 1413 3169 discipliuae;
1437 3087 1586 3170 spoliavit
1603 3089 1687 3152 enim
1704 3088 1766 3152 vir-

402 3190 539 3246 sotutem
561 3203 620 3245 suo
642 3182 756 3245 decore
779 3180 1022 3262 inbecillamque
1045 3179 1200 3254 reddidit,
1224 3181 1308 3263 quod
1332 3180 1458 3263 negavit
1479 3180 1511 3243 iu
1534 3199 1572 3244 ea
1589 3181 1658 3245 sola
1679 3181 1766 3265 posi-

439 3283 504 3339 tum
535 3296 604 3338 esse
633 3276 724 3338 beate
746 3275 863 3337 vivere.
906 3270 957 3336 3t.
981 3276 1058 3336 Nam
1082 3276 1203 3347 Strato,
1232 3275 1300 3337 eius
1323 3274 1462 3347 auditor,
1493 3294 1684 3359 quamquam
1707 3273 1766 3337 fuit

439 3371 502 3433 acri
527 3369 666 3450 ingenio,
695 3368 862 3430 tamenab
885 3388 921 3430 ea
944 3368 1112 3449 disciplina
1135 3370 1264 3431 omnino
1286 3369 1497 3431 semovendus
1520 3378 1584 3432 est:
1614 3370 1764 3454 quicum

439 3463 574 3527 maxime
597 3461 806 3525 necessariam
829 3469 948 3543 partem
973 3458 1209 3542 philosophiae,
1239 3482 1322 3545 quae
1345 3463 1447 3544 posita
1470 3463 1572 3525 estin
1596 3463 1712 3525 virtute
1734 3468 1766 3526 44

439 3557 599 3629 moribus,
621 3554 805 3637 reliquisset
826 3561 992 3635 totumque
1015 3574 1049 3615 se
1072 3554 1112 3615 ad
1131 3554 1405 3637 investigationem
1422 3565 1553 3619 naturae
1569 3556 1765 3630 contulisset,

401 3651 474 3714 sain
496 3669 534 3712 ea
555 3650 624 3734 ipsa
645 3647 815 3731 plurimum
838 3647 969 3709 dissedit
990 3666 1008 3709 a
1031 3647 1107 3709 suis.
1151 3649 1351 3732 Speusippus
1378 3658 1481 3713 autem
1503 3659 1535 3712 44
1556 3650 1764 3725 Xenocrates,

440 3744 496 3828 qui
522 3743 616 3825 primi
645 3741 785 3803 Platonis
813 3743 966 3804 rationem
997 3742 1279 3825 auctoritatemque
1302 3749 1521 3826 susceperant,
1551 3730 1682 3827 etpost
1709 3764 1764 3808 eos

437 3837 567 3899 Polemo
590 3843 621 3898 et
642 3834 748 3897 Crates
771 3854 899 3917 unaque
917 3835 1057 3909 Crantor,
1080 3835 1112 3897 in
1128 3835 1297 3898 Academia
1313 3837 1510 3919 congregati,
1533 3837 1703 3922 diligenter
1715 3857 1764 3913 ea,

439 3949 521 4013 quae
543 3949 562 3991 a
584 3928 798 4014 superioribus
820 3937 1020 4012 acceperant,
1043 3929 1220 3992 tuebantur.
1264 3930 1330 3991 lam
1351 3930 1556 3993 Polemonem
1577 3931 1765 3996 audiverant

437 4022 565 4087 assidue
593 4025 678 4085 Zeno
708 4030 739 4085 et
766 4022 931 4085 Arcesilas.
975 4020 1026 4085 35.
1049 4022 1112 4085 Sed
1134 4026 1236 4099 Zeno,
1267 4044 1337 4087 cum
1359 4024 1532 4086 Arcesilam
1555 4026 1690 4089 anteiret
1710 4045 1764 4090 ae-

399 4124 501 4181 eotate
522 4115 679 4200 valdeque
707 4116 866 4179 subtiliter
887 4117 1056 4180 dissereret
1078 4124 1109 4180 et
1134 4124 1283 4200 peracute
1306 4125 1501 4193 moveretur,
1530 4119 1688 4202 corrigere
1710 4139 1765 4183 co·

496 4343 520 4393 4.
533 4346 613 4392 artem
624 4341 731 4401 Nonius,
744 4342 790 4405 qui
802 4354 824 4392 s.
837 4355 862 4391 4.
876 4342 998 4405 opinabile
1010 4356 1036 4406 p.
1050 4342 1098 4393 418
1110 4342 1187 4392 affert
1196 4343 1283 4405 itaque
1293 4369 1308 4380 -
1317 4368 1330 4378 -
1339 4342 1482 4405 appellabat
1493 4342 1550 4407 (sic)
1559 4368 1586 4380 -
1600 4342 1764 4406 minddaen

436 4421 568 4477 Goerenz,
586 4415 709 4477 opinabile
725 4414 842 4466 malebat
853 4415 930 4466 Orelli
947 4430 1008 4466 cum
1021 4418 1095 4467 Nonii
1113 4416 1238 4467 lemmate
1253 4444 1280 4454 -
1300 4419 1324 4467 i.
1343 4418 1482 4468 notionibus
1498 4416 1591 4469 bamb.
1604 4432 1636 4469 ex
1648 4432 1702 4471 uuo
1712 4432 1763 4473 suo

436 4492 508 4544 cod:
524 4490 672 4541 motionibus
685 4491 738 4548 Cr3
757 4503 810 4540 noa
828 4488 904 4554 plane
922 4491 1013 4542 similis
1031 4495 1072 4541 est
1088 4490 1162 4542 locus
1179 4506 1204 4541 v.
1215 4493 1255 4551 30,
1275 4495 1300 4541 in
1313 4505 1366 4555 quo
1384 4494 1440 4555 ipso
1453 4491 1587 4543 dubitatur
1603 4507 1668 4545 num
1683 4494 1763 4547 lectio

435 4582 500 4620 sana
517 4570 594 4618 sit·
608 4566 632 4616 B.
645 4566 743 4615 adom.
756 4568 813 4615 A·
832 4564 855 4614 1.
868 4566 1025 4628 aeplicariG
1039 4595 1065 4604 -
1082 4567 1207 4629 probatur
1222 4572 1266 4616 Ar
1282 4596 1307 4604 -
1320 4570 1344 4617 5.
1358 4571 1447 4618 essetP
1461 4596 1487 4605 -
1502 4568 1526 4619 6.
1540 4570 1720 4632 appellantAr
1733 4597 1762 4610 -

434 4644 581 4708 quibasdam
597 4644 631 4692 G:
655 4653 709 4692 om.
727 4640 858 4691 APVOr
876 4667 902 4677 -
921 4642 1088 4691 notationibus
1103 4654 1166 4691 nos:
1184 4643 1249 4690 notis
1265 4641 1367 4690 ducibus
1383 4642 1455 4692 cor
1472 4641 1529 4703 (sed
1544 4645 1565 4693 A
1582 4645 1676 4707 nonist;
1698 4649 1764 4697 notis

434 4722 500 4783 (sine
511 4718 620 4779 04444444)
637 4713 736 4778 aliquot
747 4714 825 4765 codd.
839 4716 946 4765 Munatii
961 4717 989 4766 et
1000 4715 1104 4777 hamb,
1121 4717 1192 4765 nodis
1209 4716 1309 4765 4444444444
1319 4715 1439 4779 Bentley.
1458 4717 1497 4767 Ci.
1508 4718 1563 4769 Cic.
1576 4720 1672 4784 Topica
1684 4719 1718 4786 93
1731 4722 1763 4772 40

434 4798 462 4845 44
473 4795 546 4844 344-
559 4794 583 4843 1.
596 4798 619 4842 44
629 4790 705 4841 eoncl.
718 4789 778 4837 V-
798 4791 823 4839 8.
838 4791 864 4839 in
876 4804 927 4852 aaa
939 4792 993 4841 CO:
1012 4792 1039 4840 in
1051 4804 1099 4853 qno
1111 4791 1250 4851 Manutius,
1269 4792 1305 4839 ita
1317 4790 1401 4840 Madv.
1416 4804 1443 4854 p.
1453 4792 1514 4852 ⁴⁴73
1527 4790 1617 4843 malim
1633 4794 1721 4857 daque
1732 4820 1760 4833 -

433 4868 563 4919 4441444444
579 4870 631 4925 Ar,
649 4862 698 4915 sed
715 4877 729 4913 r
745 4864 805 4913 disc.
823 4864 925 4914 414441.-
944 4866 1009 4914 idem
1025 4868 1087 4915 A·
1107 4864 1131 4914 9.
1149 4864 1266 4913 conclusa
1281 4868 1312 4926 A,
1330 4866 1426 4915 inclusa
1443 4879 1456 4915 4
1474 4893 1501 4903 -
1520 4869 1636 4918 44444444
1652 4882 1703 4921 nos
1720 4870 1762 4922 tn-

434 4943 600 4996 clusimus-
621 4940 660 4990 40,
678 4941 893 4991 accommodatos
909 4943 935 4989 et
946 4941 1049 4991 Ernesti
1062 4966 1090 4975 -
1110 4942 1150 4989 44.
1168 4941 1251 5001 tonna
1268 4946 1324 4990 erat
1339 4942 1388 4989 iilis
1401 4943 1513 5002 pdmnsn
1530 4954 1593 4993 nos:
1609 4944 1763 5005 4414444444

431 5018 481 5068 iltis
494 5019 580 5079 pelosa
591 5016 620 5075 G,
638 5018 695 5063 erat
711 5014 759 5063 iilis
771 5015 858 5076 prima
874 5015 1006 5073 APV0r3
1025 5020 1080 5063 cred
1097 5014 1146 5063 illis
1160 5015 1245 5078 lomna
1257 5015 1359 5079 iladvig
1376 5028 1403 5079 p.
1417 5019 1463 5067 118
1479 5016 1546 5082 [coll.
1559 5018 1641 5069 Acad.
1653 5019 1674 5082 1,
1685 5018 1718 5085 88
1730 5020 1762 5072 17

433 5094 461 5142 44
476 5091 517 5141 41.
537 5089 570 5140 (14
588 5089 661 5137 Pina.
674 5088 717 5146 lv,
736 5087 751 5151 5
769 5088 808 5138 ts.
827 5088 858 5148 V,
877 5088 892 5152 g
907 5088 931 5137 0.
950 5091 1025 5139 Tusa.
1041 5092 1087 5150 144,
1107 5089 1188 5153 §ein
1207 5097 1262 5142 erat
1278 5093 1327 5142 illis
1342 5093 1473 5155 disciplina
1491 5094 1552 5156 tom.
1563 5095 1658 5156 pdrnal
1676 5094 1760 5157 lilotz,

432 5167 463 5215 444
479 5166 532 5215 lam
548 5161 678 5221 Davisius,
697 5160 745 5211 sed
763 5161 806 5210 hic
823 5175 875 5211 orn.
894 5162 954 5219 illis;
973 5170 1028 5213 erat
1043 5165 1093 5214 iilis
1106 5166 1217 5227 primurn
1234 5181 1250 5215 a
1268 5168 1294 5217 P.
1313 5169 1409 5216 tradito
1425 5168 1557 5231 disciplina
1573 5170 1683 5222 Krische
1700 5170 1763 5223 tiber

432 5237 643 5291 circumdantes
660 5249 686 5299 p.
699 5236 745 5295 ts;
763 5238 849 5300 possis
863 5238 957 5287 etiarn:
975 5240 1036 5288 naec
1052 5246 1107 5289 erat
1122 5242 1190 5290 ratio
1205 5241 1255 5291 iliis
1270 5242 1381 5303 primam
1398 5245 1449 5292 cet.
1470 5267 1498 5280 -
1519 5245 1559 5295 44.
1578 5246 1763 5298 immtdodones

432 5314 544 5364 Bavies:
562 5312 739 5374 disputationes
755 5312 836 5361 Cor.
859 5312 928 5361 Bort.
941 5313 1131 5376 dissupationes;
1151 5315 1183 5365 ct.
1202 5317 1272 5365 4.·45
1289 5316 1461 5378 labefactavit,
1479 5330 1506 5368 v.
1520 5319 1551 5369 40
1567 5320 1643 5385 [repit
1659 5322 1686 5372 el
1702 5333 1760 5372 var.

431 5379 494 5438 lect.
507 5385 541 5436 ad
553 5386 608 5437 Cic.
622 5384 655 5435 de
668 5388 737 5435 Orat.
751 5387 783 5435 444
795 5385 810 5450 3
822 5387 879 5436 401,
892 5388 961 5437 Bur.
976 5413 1003 5425 -
1024 5389 1063 5439 ts.
1076 5403 1141 5452 resp.
1154 5391 1254 5440 etiamr
1268 5418 1294 5427 -
1308 5404 1323 5439 4
1336 5391 1424 5442 verbis
1436 5393 1469 5442 Bt
1479 5398 1544 5443 recle
1559 5394 1642 5456 lnquit
1657 5396 1684 5445 in
1696 5395 1760 5448 edd.

431 5459 502 5525 vulg.
522 5472 619 5510 novum
636 5461 717 5524 eaput
732 5460 847 5518 orditum
870 5463 897 5510 44
914 5467 1025 5525 apparet
1042 5477 1073 5513 44
1091 5479 1152 5516 cum
1171 5465 1392 5529 pmocedentibus
1409 5469 1541 5520 artissime
1559 5468 1715 5520 cohaerere.
1730 5495 1757 5509 -

432 5537 608 5600 lb.ipitttrG:
628 5548 682 5585 om.
695 5536 840 5589 sever:
861 5536 895 5587 cl.
909 5550 935 5601 p.
949 5538 989 5598 61,
1003 5539 1027 5589 1.
1042 5565 1069 5575 -
1090 5542 1130 5591 46.
1148 5542 1180 5590 iis
1195 5553 1224 5590 r:
1241 5541 1278 5588 bis
1296 5541 1381 5590 CO-
1396 5542 1436 5591 tt.
1449 5543 1497 5605 uir]
1514 5543 1631 5593 4444444-
1645 5544 1761 5606 l8.pro·

432 5612 533 5662 bitotens
548 5612 677 5675 quondm
690 5625 756 5673 prae
770 5626 795 5662 se
812 5616 846 5662 G:
866 5626 931 5675 prae
946 5626 971 5663 se
985 5615 1056 5674 prob.
1075 5618 1203 5678 qnondam
1220 5616 1352 5666 APVOr
1370 5643 1397 5655 -
1415 5618 1491 5681 [erret
1507 5618 1610 5670 Ernesti
1629 5640 1657 5655 -
1676 5618 1718 5669 23.
1736 5623 1761 5669 et

432 5691 460 5738 ln
475 5688 586 5739 moribus
602 5690 645 5737 Or
663 5713 690 5722 -
709 5687 750 5738 Bi.
769 5702 794 5738 se
810 5702 863 5739 om.
883 5690 904 5738 G
923 5716 950 5724 -
969 5690 1010 5739 tt.
1030 5691 1129 5741 dissedit
1145 5695 1206 5743 GP:
1226 5691 1327 5740 discedit
1343 5693 1439 5753 AVO,
1458 5694 1566 5744 dissentit
1582 5706 1597 5743 r
1614 5720 1642 5731 —
1661 5691 1703 5744 40.
1719 5704 1761 5743 444

434 5763 1594 5828 (4414414440-41.4444441”11,4444444(4’-4444444--44440444444444ε414
1610 5780 1676 5832 quae
1689 5766 1760 5831 (yse)

433 5862 471 5875 --
482 5837 616 5889 4440444444·
634 5837 738 5887 APVr
760 5861 788 5874 -
812 5836 853 5887 te.
872 5839 1023 5887 audiuerant
1039 5853 1053 5889 r
1071 5866 1098 5875 —
1122 5841 1163 5891 49.
1182 5842 1347 5891 archesilantn
1365 5839 1392 5892 P¹
1402 5843 1432 5902 V,
1456 5843 1591 5895 archesilas
1607 5845 1628 5896 G
1646 5844 1685 5908 (as
1700 5837 1761 5894 ind

434 5913 515 5975 4044.)
534 5939 562 5949 -
580 5911 621 5964 eo.
639 5913 741 5963 01444444
757 5909 801 5974 G',
819 5912 931 5977 deplnird
946 5912 1058 5976 Bentley
1074 5940 1100 5950 -
1118 5928 1205 5976 perna
1221 5918 1362 5978 partiretur
1377 5917 1497 5982 Bentley.
