4342 7459
454 1258 516 1325 tlt
739 1268 793 1332 DE
815 1269 973 1333 FINIBUS
994 1268 1192 1334 BONORUM
1212 1270 1265 1334 ET
1286 1269 1487 1336 uuunder

452 1434 572 1499 bonum
593 1456 658 1499 non
680 1456 773 1519 posse
795 1438 941 1520 reperiri,
965 1439 1068 1524 deque
1090 1441 1140 1504 bis
1161 1442 1255 1504 rebus
1278 1443 1354 1505 satis
1376 1442 1475 1506 multa
1495 1442 1528 1505 in
1549 1442 1666 1506 nostris
1681 1442 1722 1507 de
1741 1462 1777 1507 re

452 1530 579 1614 publica
598 1531 687 1595 libris
709 1539 783 1595 suut
804 1532 888 1596 dicta
910 1553 929 1596 a
949 1534 1069 1597 Laelio.

538 1626 624 1688 XIX.
646 1623 696 1688 60.
719 1625 869 1689 Transfer
889 1627 974 1690 idem
996 1628 1035 1690 ad
1058 1629 1245 1692 modestiam
1266 1630 1317 1694 vel
1339 1630 1594 1713 temperantiam,
1623 1651 1707 1714 quae
1729 1642 1780 1697 est

452 1721 626 1783 moderatio
648 1720 854 1803 cupiditatum
876 1722 991 1784 rationi
1014 1723 1198 1787 oboediens.
1236 1725 1359 1787 Satisne
1382 1746 1457 1806 ergo
1483 1724 1599 1807 pudori
1620 1727 1779 1802 consulat,

427 1816 478 1878 tsi
501 1814 663 1904 quissine
685 1822 766 1878 teste
787 1813 912 1877 libidini
935 1821 1063 1898 pareat‘i
1093 1819 1142 1879 An
1164 1825 1212 1879 est
1233 1817 1356 1900 aliquid
1382 1821 1620 1902 perseipsum
1640 1821 1780 1903 tlagitio·

449 1932 535 1985 sum,
557 1909 652 1972 etiam
675 1909 701 1972 si
722 1908 812 1971 nulla
833 1909 1001 1972 comitetur
1021 1910 1174 1974 infamia?
1208 1911 1317 1986 Quid‘t
1340 1912 1438 1977 fortes
1459 1914 1519 1977 viri
1535 1914 1778 1998 voluptatumne

449 2004 579 2067 calculis
607 2002 772 2067 subductis
800 2003 956 2084 proelium
985 2005 1115 2079 ineunt,
1148 2007 1333 2087 sanguinem
1362 2028 1419 2090 pro
1446 2007 1548 2091 patria
1569 2007 1777 2091 probandunt,

448 2118 490 2161 an
511 2098 651 2183 quodam
672 2097 769 2161 animi
792 2096 906 2160 ardore
928 2105 1023 2181 atquc
1045 2099 1165 2182 impetu
1188 2101 1362 2163 concitati?
1385 2101 1494 2164 Utrum
1509 2101 1637 2165 tandem
1653 2122 1777 2181 censes,

448 2194 624 2276 Torquate,
646 2192 854 2274 Imperiosum
877 2191 982 2266 illum,
1005 2194 1033 2255 si
1054 2201 1163 2257 nostra
1177 2195 1274 2258 verba
1296 2194 1434 2268 audiret,
1456 2203 1584 2258 tuamne
1599 2195 1639 2259 de
1654 2216 1689 2259 se
1705 2216 1778 2260 ora·

411 2291 438 2335 ⁴⁰
448 2289 566 2351 tionem
589 2286 739 2351 libentius
761 2285 943 2347 auditurum
965 2284 1065 2349 tuisse
1088 2307 1128 2349 an
1150 2308 1268 2362 meam,
1291 2307 1360 2351 cum
1376 2308 1435 2371 ego
1451 2288 1591 2352 dicerem
1604 2289 1685 2353 nibil
1702 2311 1777 2355 eum

443 2381 559 2446 ¹fecisse
587 2402 646 2444 sua
674 2398 768 2443 causa
796 2380 964 2462 omniaque
986 2380 1031 2441 rei
1058 2380 1222 2461 publicae,
1251 2389 1285 2444 tu
1308 2390 1418 2445 contra
1439 2382 1519 2445 nibil
1539 2382 1602 2451 nisi
1623 2386 1705 2446 suat
1740 2386 1777 2448 Si

447 2495 521 2538 vero
543 2477 575 2539 id
597 2475 692 2538 etiam
715 2472 887 2555 explanare
910 2473 1008 2536 velles
1030 2474 1237 2557 apertiusque
1259 2474 1380 2539 diceres
1402 2476 1482 2538 nihil
1497 2496 1569 2540 eum
1583 2476 1697 2541 fecisse
1711 2479 1776 2543 nisi

446 2567 616 2652 voluptatis
650 2587 757 2641 causa,
791 2586 856 2650 quo
890 2565 984 2629 modo
1017 2588 1091 2630 eum
1124 2568 1250 2632 tandem
1283 2570 1418 2634 laturum
1451 2571 1550 2635 luisse
1585 2571 1775 2635 existimas?

445 2658 497 2724 6t.
519 2664 613 2726 Esto:
640 2661 766 2734 fecerit,
795 2661 822 2722 si
845 2661 887 2722 ita
910 2661 974 2735 vis,
1004 2662 1185 2742 Torquatus
1207 2670 1336 2746 propter
1356 2684 1430 2728 suas
1452 2665 1604 2729 utilitates
1624 2696 1667 2712 -
1689 2665 1775 2728 malo

408 2762 436 2805 ⁴⁵
446 2757 530 2819 enim
552 2758 597 2818 ita
618 2756 725 2819 dicere
747 2773 841 2837 quam
856 2753 1048 2837 voluptates,
1070 2756 1104 2816 in
1120 2763 1206 2817 tanta
1222 2758 1409 2838 praesertim
1424 2758 1493 2821 viro
1509 2782 1564 2821 -:
1586 2780 1665 2822 num
1679 2759 1776 2822 etiam

445 2852 515 2915 eius
538 2849 660 2933 collega
681 2852 715 2913 P.
730 2848 863 2921 Decius,
885 2848 1033 2931 princeps
1053 2850 1087 2911 in
1109 2869 1147 2912 ca
1168 2849 1288 2913 familia
1309 2852 1510 2926 consulatus,
1532 2872 1603 2916 cum
1626 2872 1661 2916 se
1677 2853 1776 2917 devo·

443 2953 532 3008 veret
560 2953 591 3007 et
619 2964 701 3029 equo
731 2942 869 3006 admisso
900 2942 935 3004 in
961 2943 1096 3005 mediam
1128 2944 1227 3005 aciem
1254 2945 1437 3007 Latinorum
1462 2945 1619 3021 irruebat,
1648 2946 1775 3031 aliquid

443 3039 483 3101 de
512 3038 727 3121 voluptatibus
754 3036 820 3099 suis
848 3035 1028 3117 cogitabat?
1062 3037 1121 3099 Ubi
1149 3045 1184 3101 ut
1209 3058 1278 3101 mm
1300 3046 1428 3120 caperet
1447 3047 1504 3102 aut
1524 3038 1672 3123 quando,
1701 3059 1775 3103 cum

443 3134 538 3197 sciret
565 3132 731 3217 confestim
753 3151 823 3194 esse
852 3130 1050 3194 moriendum
1074 3151 1207 3216 eamque
1230 3139 1360 3195 mortem
1384 3132 1565 3197 ardentiore
1587 3133 1695 3198 studio
1717 3154 1775 3217 pe·

404 3231 539 3303 l⁰teret,
568 3247 661 3309 quam
688 3226 843 3308 Epicurus
872 3225 1069 3307 voluptatem
1097 3225 1268 3307 petendam
1289 3229 1399 3309 putatt
1435 3226 1529 3302 Quod
1552 3227 1679 3310 quidem
1702 3228 1773 3291 eius

441 3321 559 3386 lactum
580 3321 641 3384 nisi
664 3329 748 3383 esset
769 3321 839 3381 iure
861 3318 1040 3392 laudatum,
1064 3339 1128 3381 non
1144 3329 1228 3382 esset
1243 3321 1383 3382 imitatus
1398 3329 1512 3404 quarto
1527 3320 1697 3384 consulatu
1713 3341 1786 3384 suo,

441 3413 542 3490 lilius,
563 3434 668 3499 neque
690 3433 786 3496 porro
808 3433 848 3475 ex
869 3432 907 3475 eo
929 3420 1022 3474 natus
1045 3433 1118 3474 cum
1140 3413 1259 3495 Pyrrho
1282 3413 1399 3477 bellum
1422 3434 1535 3497 gerens
1557 3414 1669 3478 consul
1688 3414 1773 3477 ceci·

441 3510 540 3573 disset
566 3511 599 3571 in
628 3508 750 3591 proelio
773 3525 872 3589 seque
894 3526 912 3568 e
934 3507 1110 3568 continenti
1134 3526 1248 3588 genere
1271 3509 1394 3570 tertiam
1416 3509 1577 3572 victimam
1597 3508 1644 3571 rei
1665 3508 1774 3590 publi·

441 3623 497 3667 cae
525 3602 732 3686 praebuisset
777 3596 827 3661 62.
851 3599 1005 3662 Contineo
1034 3620 1085 3662 me
1111 3600 1152 3663 ab
1175 3600 1338 3681 exemplis.
1376 3601 1505 3665 Graecis
1526 3602 1588 3665 boc
1610 3600 1772 3666 modicum

404 3701 503 3772 tlest,
526 3695 700 3767 Leonidas,
728 3693 981 3774 Epaminondas,
1012 3701 1075 3755 tres
1097 3693 1199 3777 aliqui
1222 3701 1277 3755 aut
1297 3703 1463 3776 quattuor:
1494 3715 1572 3777 ego,
1595 3696 1622 3758 si
1643 3702 1771 3758 nostum

440 3790 590 3872 colligere
611 3807 762 3870 coepero,
789 3784 948 3869 perficiam
971 3785 1050 3849 illud
1073 3786 1215 3868 quidem,
1244 3796 1279 3850 ut
1301 3807 1335 3849 se
1359 3787 1465 3851 virtuti
1487 3789 1593 3853 tradat
1613 3788 1771 3853 moscin·

440 3883 575 3966 gandam
607 3881 771 3964 voluptas;
804 3880 860 3942 sed
891 3880 959 3942 dies
984 3900 1035 3942 me
1051 3876 1191 3942 deliciet
1218 3887 1266 3955 et,
1298 3889 1333 3942 ut
1354 3882 1453 3943 Aulus
1477 3882 1609 3956 Varius,
1642 3881 1698 3965 qui
1722 3890 1773 3946 est

439 3976 565 4040 babitus
586 3976 685 4040 iudex
708 3973 834 4047 durior,
862 3974 965 4036 dicere
988 3974 1167 4036 consessori
1189 3974 1328 4048 solebat,
1358 3995 1429 4037 cum
1452 3974 1534 4039 datie
1555 3976 1692 4040 testibus
1714 3977 1769 4041 alii

439 4078 544 4134 tamen
567 4071 752 4141 citarentur,
778 4076 854 4131 aaut
874 4068 935 4130 hoc
956 4067 1085 4129 testium
1108 4068 1184 4130 satis
1206 4076 1254 4130 est
1275 4078 1329 4131 aut
1349 4069 1468 4144 nescio,
1493 4068 1570 4152 quid
1593 4071 1671 4133 satis
1693 4070 1767 4145 sit,e

402 4165 486 4227 ³⁰sic
507 4184 526 4227 a
548 4186 598 4227 me
621 4162 826 4227 satisdatum
849 4168 899 4224 est
918 4162 1056 4223 testium.
1095 4161 1177 4236 Quid
1202 4163 1309 4225 enim‘t
1337 4171 1367 4225 te
1397 4162 1516 4244 ipsum,
1546 4163 1769 4247 dignissimum

440 4259 611 4321 maioribus
639 4257 717 4332 tuis,
748 4256 935 4339 voluptasne
957 4254 1084 4318 induxit
1105 4265 1141 4318 ut
1161 4254 1419 4319 adulescentulus
1442 4257 1581 4338 eriperes
1601 4260 1637 4322 P.
1659 4259 1770 4322 Sullae

439 4351 660 4415 consulatum?
683 4351 784 4426 Quem
809 4371 880 4412 curu
902 4350 943 4411 ad
964 4357 1084 4432 patrem
1109 4358 1197 4412 tuum
1219 4350 1411 4423 rettulisses‚
1433 4349 1640 4414 fortissimum
1653 4352 1769 4428 virum,

439 4445 543 4531 qualis
563 4446 619 4508 ille
641 4445 692 4508 vel
714 4444 826 4507 consul
849 4444 898 4506 vel
921 4444 1000 4507 civis
1024 4463 1095 4505 cum
1117 4464 1255 4527 semper,
1283 4452 1350 4505 tum
1373 4450 1446 4526 post
1466 4444 1665 4508 consulamur
1685 4444 1767 4509 fuiti

439 4560 503 4623 quo
527 4538 657 4621 quidem
679 4546 805 4602 auctore
827 4556 886 4600 nos
909 4537 970 4619 ipsi
993 4557 1030 4599 ea
1052 4538 1225 4620 gessimus,
1246 4545 1282 4600 ut
1298 4537 1443 4599 omnibus
1457 4537 1564 4620 potius
1578 4557 1674 4621 mam
1687 4537 1769 4622 ipsis

400 4633 529 4695 ³⁶nobis
562 4632 825 4695 consuluerimus
873 4628 922 4692 63.
946 4632 986 4692 At
1014 4651 1108 4713 quam
1137 4631 1267 4714 pulchre
1296 4630 1402 4694 dicere
1433 4630 1599 4705 videbare,
1628 4652 1702 4695 eum
1725 4652 1769 4696 ex

437 4726 536 4789 altera
557 4734 645 4807 parte
667 4724 806 4807 ponebas
828 4722 1021 4787 cumulatum
1044 4726 1184 4808 aliquem
1205 4724 1349 4808 plurimis
1371 4733 1402 4788 et
1427 4724 1573 4787 maximis
1595 4724 1769 4807 voluptati·

332 4867 336 4871 ›
437 4820 510 4894 bus,
531 4819 621 4883 nullo
643 4838 701 4880 nec
723 4818 881 4900 praesenti
904 4838 963 4880 nec
982 4816 1090 4881 tuturo
1114 4818 1241 4892 dolore,
1264 4839 1305 4881 ex
1326 4818 1424 4882 altera
1446 4826 1553 4881 autem
1575 4816 1767 4883 cmciatibus

503 5074 527 5122 3.
545 5074 585 5122 uei
601 5074 764 5135 cupiditatum
781 5073 969 5133 temperantiam
986 5087 1050 5133 qaae
1066 5079 1101 5123 est
1117 5074 1254 5122 moderatio
1270 5073 1364 5122 rationi
1379 5073 1399 5121 B
1419 5096 1446 5107 -
1470 5071 1493 5122 l.
1508 5071 1620 5122 obedient
1635 5072 1716 5123 ΛΒΟ
1735 5098 1764 5109 -

437 5150 477 5200 ia.
496 5150 624 5199 scistimar
640 5150 703 5199 AB:
723 5149 846 5197 subtimes
863 5149 882 5195 0
902 5174 929 5183 —
949 5150 988 5196 ⁴5.
1007 5150 1043 5196 ita
1059 5149 1193 5197 Bromius:
1212 5149 1247 5195 sic
1264 5145 1377 5195 Klotzius
1395 5147 1420 5195 iu
1439 5147 1591 5205 Prooemio;
1610 5158 1665 5197 om.
1684 5146 1764 5197 codd.

437 5230 464 5276 et
481 5227 504 5274 lt
514 5225 542 5274 0.
566 5224 605 5273 ct.
623 5222 790 5285 Wesenberg
806 5223 946 5271 Emended.
966 5223 1015 5272 Cic.
1029 5224 1108 5285 Epist.
1126 5237 1152 5286 p.
1168 5223 1208 5272 st.
1223 5249 1249 5257 -
1269 5222 1353 5285 ctiam]
1371 5227 1393 5270 et
1410 5222 1429 5270 B
1443 5246 1470 5256 -
1490 5222 1531 5271 te.
1549 5222 1602 5272 etas
1617 5221 1712 5285 colim
1728 5225 1764 5273 A:

435 5301 529 5365 collega
550 5300 602 5348 cius
618 5299 672 5348 ant
696 5325 722 5334 -
746 5298 877 5347 moereat
894 5302 916 5346 ct
932 5299 1178 5359 eqoo--trraebor,
1201 5298 1298 5359 aliquid
1319 5309 1381 5346 cum
1403 5297 1507 5346 Davisio
1525 5297 1563 5357 td;
1587 5297 1717 5349 amovent
1734 5324 1763 5336 -

435 5381 458 5425 et
483 5388 545 5437 equo
567 5372 845 5422 admira-inustas
862 5398 906 5432 -‚
933 5373 1028 5434 aliquid
1051 5374 1160 5422 Weaius
1183 5372 1230 5433 tad
1249 5373 1330 5421 Taciti
1352 5373 1438 5434 Agric.
1457 5386 1483 5436 p.
1502 5371 1550 5434 33)
1568 5384 1630 5422 cum
1647 5373 1699 5424 bac
1715 5373 1766 5424 ad-

436 5452 582 5501 notatione:
606 5448 791 5497 eParentbesis
814 5448 882 5497 hauc
902 5446 980 5496 adicit
1002 5450 1161 5497 sententiam
1182 5452 1206 5496 et
1227 5449 1253 5496 in
1275 5452 1369 5495 certam
1390 5447 1431 5495 itte
1445 5447 1534 5497 ruebat
1549 5453 1664 5511 mortem
1682 5462 1765 5514 quam

435 5523 514 5589 paulo
535 5527 597 5590 post
618 5523 759 5585 repetitam
778 5520 890 5584 legimus
910 5536 966 5570 cum
982 5523 1055 5570 sciret
1071 5523 1198 5584 confestim
1214 5535 1264 5572 erse
1279 5523 1442 5572 monendum.
1467 5523 1507 5574 Cl.
1525 5522 1630 5575 Tuscul.
1649 5525 1669 5585 l,
1688 5524 1704 5589 fi
1721 5525 1763 5575 89.

435 5601 531 5650 Amant
551 5601 641 5648 autem
663 5597 744 5646 Latini
765 5596 921 5660 particulam
938 5604 960 5647 et
983 5600 1007 5646 in
1026 5599 1180 5661 interposita
1198 5599 1338 5649 sententia.
1365 5599 1419 5648 LiV.
1437 5598 1479 5660 23,
1497 5597 1538 5650 ll.
1556 5597 1598 5661 il,
1617 5600 1642 5649 7.
1660 5600 1702 5660 aa,
1722 5600 1763 5650 47.

434 5676 475 5735 29,
494 5675 552 5725 23.»
571 5699 598 5709 -
627 5673 666 5723 48.
685 5672 727 5721 ubi
743 5677 771 5721 tit
787 5670 859 5722 A¹B:
883 5673 924 5721 ubi
940 5679 985 5721 aut
1001 5670 1043 5722 A²:
1068 5672 1229 5721 Namatio
1249 5699 1275 5709 -
1293 5674 1334 5722 il.
1352 5674 1519 5724 iureastetB
1539 5698 1566 5710 -·
1594 5674 1763 5726 musaea

438 5775 465 5785 -
483 5749 524 5800 it.
540 5751 613 5811 pirro
634 5750 667 5806 Α,
692 5760 772 5809 pyrro
789 5747 807 5795 B
828 5775 854 5782 -
875 5748 916 5796 23.
936 5761 949 5797 e
965 5760 1018 5796 orn.
1037 5748 1105 5796 B-
1127 5746 1168 5797 tt.
1187 5747 1319 5812 modicum]
1336 5749 1409 5796 modo
1425 5761 1483 5797 cam
1497 5750 1529 5798 At
1547 5773 1575 5784 -
1593 5748 1635 5799 26.
1654 5748 1763 5813 quidest]

435 5822 1760 5886 quidestB—it.ctom.B—autusdtizdM0-28.tiabitasestB-confeaeorili2-

434 5896 476 5945 aa.
493 5898 524 5945 rit
541 5910 594 5947 osu.
613 5898 632 5947 B
654 5922 680 5931 -
704 5896 744 5944 3².
763 5896 885 5945 reiciam
901 5897 980 5946 ΑΒΟ
1001 5924 1025 5932 -
1051 5896 1091 5945 33.
1110 5898 1172 5946 duta
1188 5909 1244 5946 eum
1260 5910 1355 5959 smper
1370 5897 1463 5948 cumb
1483 5920 1510 5934 -
1529 5896 1571 5949 ³6.
1589 5896 1700 5964 alim
1715 5910 1762 5949 cri·

434 5969 557 6021 mautarn
572 5971 602 6020 B.
