4342 7459
764 1262 832 1326 an.
853 1262 878 1326 1.
906 1262 980 1328 Car.
1002 1262 1154 1329 tx-xl.
1180 1260 1226 1345 §s
1247 1258 1393 1325 2l-28.
1679 1257 1742 1327 377

408 1424 556 1507 regiones
578 1419 795 1488 inhabitabilis
816 1432 911 1506 atque
933 1424 1067 1487 incultas
1090 1424 1251 1498 videmus,
1274 1422 1359 1506 quod
1383 1442 1455 1507 pars
1479 1443 1585 1486 earum
1605 1423 1741 1506 adpulsu

408 1519 485 1584 solis
507 1519 676 1593 exarserit,
700 1538 772 1601 pars
787 1517 959 1606 obriguerit
980 1520 1053 1582 niue
1074 1519 1255 1602 pruinaque
1277 1518 1451 1600 longinquo
1474 1517 1550 1581 solis
1572 1518 1740 1590 abscessu3

408 1633 509 1698 quae,
541 1615 568 1676 si
597 1612 735 1676 mundus
763 1622 812 1676 est
838 1613 930 1687 deus,
962 1613 1111 1697 quoniam
1138 1612 1247 1675 mundi
1279 1618 1382 1694 partes
1405 1620 1494 1686 sunt,
1527 1610 1579 1673 dei
1601 1608 1742 1673 membra

407 1708 519 1793 partim
542 1706 699 1781 ardentia,
722 1708 835 1789 partim
859 1707 1041 1789 refrigerata
1063 1706 1200 1770 dicenda
1222 1714 1305 1770 sunt.

492 1799 546 1865 25.
571 1805 674 1884 Atque
695 1801 776 1863 baec
799 1802 927 1884 quidem
943 1809 1056 1874 vestra,
1080 1800 1199 1874 Lucili;
1223 1801 1330 1884 qualia
1343 1820 1419 1864 vero
1435 1802 1497 1863 alia
1511 1801 1590 1873 sint,
1613 1798 1652 1862 ab
1668 1796 1766 1860 uiti-s

407 1916 460 1960 mo
491 1903 632 1981 repetam
661 1896 871 1979 superiorum.
907 1894 1022 1957 Tbales
1045 1894 1130 1955 enim
1153 1894 1311 1967 Milesius,
1341 1895 1397 1976 qui
1423 1895 1543 1978 primus
1565 1893 1604 1955 de
1627 1891 1742 1955 talibus

406 1989 502 2054 rebus
525 1989 698 2072 quaesivit,
719 2008 835 2071 aquam
857 1988 938 2053 dixit
959 2008 1029 2052 esse
1051 1988 1174 2052 initium
1190 2008 1310 2062 rerum,
1332 1986 1427 2051 deum
1442 1996 1547 2051 autem
1563 2007 1632 2050 eam
1654 2003 1742 2048 men·

407 2092 488 2158 tem,
516 2103 600 2167 quae
627 2102 668 2145 ex
696 2102 778 2165 aqua
806 2091 918 2145 cuncta
941 2078 1081 2163 lingeret.
1126 2081 1158 2143 Si
1188 2081 1219 2144 di
1253 2091 1387 2164 possunt
1409 2103 1480 2146 esse
1503 2082 1571 2144 sine
1592 2102 1688 2145 sensu
1711 2087 1744 2143 et

408 2187 524 2252 mente,
538 2186 664 2239 mentem
679 2197 735 2240 cur
749 2196 849 2258 aquae
861 2175 1032 2239 adiunxit?
1048 2176 1248 2238 mentientem
1262 2195 1318 2237 cur
1331 2196 1442 2257 equom
1457 2177 1611 2253 adiunxit,
1629 2177 1656 2239 si
1674 2177 1743 2259 ipsa

410 2293 497 2336 mens
525 2279 672 2335 constare
702 2277 808 2352 potest
838 2288 953 2333 vacans
981 2273 1138 2352 corporet
1172 2272 1398 2333 Anaximandri
1428 2280 1534 2334 autem
1557 2272 1666 2354 opinio
1695 2277 1780 2334 esttti

408 2366 532 2429 naevos
554 2385 625 2428 esse
647 2363 739 2437 deos,
763 2363 865 2445 longis
887 2362 1059 2426 intervallis
1081 2363 1211 2427 orientis
1234 2362 1628 2449 occidentisque,'eosque
1649 2366 1743 2427 innu-

408 2459 568 2523 merabilis
596 2479 666 2522 esse
694 2457 840 2519 mundos.
885 2455 949 2520 Sed
977 2477 1036 2518 nos
1071 2456 1164 2520 deum
1200 2458 1260 2521 nisi
1294 2460 1521 2542 sempiternum
1557 2459 1743 2539 intellegere

409 2553 464 2638 qui
495 2555 688 2637 possumus?
725 2548 776 2613 26.
806 2553 881 2613 Post
908 2552 1118 2613 Anaximenes
1147 2558 1219 2614 adra
1241 2552 1335 2615 deum
1366 2555 1475 2615 statuit
1497 2574 1634 2635 eumque
1656 2552 1742 2635 gigni

409 2667 544 2729 esseque
567 2647 746 2709 inmensum
769 2653 801 2708 et
823 2645 982 2707 inlinitum
1006 2651 1038 2707 et
1060 2665 1187 2727 semper
1207 2645 1239 2707 in
1263 2654 1372 2708 motu:
1403 2646 1494 2729 quasi
1522 2655 1576 2710 aut
1598 2653 1652 2709 ater
1674 2646 1743 2709 sine

409 2741 474 2805 ulla
494 2740 595 2803 forma
617 2738 695 2804 deus
718 2760 788 2802 esse
811 2740 927 2822 possit,
950 2760 1021 2802 oum
1045 2739 1229 2822 praesertim
1244 2738 1338 2803 deum
1355 2762 1419 2803 non
1435 2742 1529 2805 mode
1545 2741 1663 2822 aliqua,
1685 2738 1782 2802 sedit

409 2835 624 2919 pulcherrima
647 2834 753 2918 specie
776 2834 887 2896 deceat
908 2854 988 2906 esse,
1011 2842 1152 2896 autnon
1175 2853 1284 2907 omne,
1308 2833 1394 2917 quod
1419 2843 1520 2897 ortum
1544 2835 1602 2907 sit,
1627 2840 1743 2911 morta·

409 2930 481 2993 litas
503 2936 725 3012 consequatur.
768 2928 823 2991 xi.
846 2928 923 2991 lnde
946 2931 1167 3008 Anaxagoras,
1196 2930 1249 3010 qui
1272 2929 1395 3010 accepit
1416 2929 1455 2990 ab
1477 2930 1672 2991 Anaximene
1694 2928 1743 2990 di·

408 3024 594 3106 sciplinani,
617 3022 738 3104 primus
760 3024 898 3085 omnium
915 3043 1019 3085 rerum
1034 3022 1269 3104 discriptionem
1286 3031 1318 3084 et
1336 3030 1454 3084 motum
1471 3022 1585 3085 mentis
1601 3019 1742 3085 infinitae

408 3118 440 3180 vi
463 3136 500 3180 ac
522 3116 645 3179 ratione
669 3116 825 3198 designari
850 3124 880 3178 et
901 3115 1014 3178 carifici
1038 3115 1154 3188 voluit3
1177 3116 1208 3177 in
1232 3135 1296 3197 quo
1319 3135 1383 3178 non
1399 3116 1479 3177 vidit
1495 3136 1600 3198 neque
1624 3124 1742 3179 mutum

410 3210 519 3273 sensui
543 3209 685 3272 iunctum
708 3219 740 3271 et
761 3211 975 3273 continentem
998 3211 1030 3273 in
1052 3206 1176 3272 infinito
1198 3210 1296 3272 ullum
1320 3229 1389 3272 esse
1411 3229 1524 3292 posse,
1546 3228 1650 3292 neque
1673 3221 1783 3270 sen-te

410 3325 480 3369 sum
510 3303 656 3375 omnino,
685 3324 750 3385 quo
777 3324 840 3365 non
868 3305 938 3385 ipsa
968 3313 1078 3367 natura
1108 3304 1199 3386 pulsa
1223 3304 1365 3366 sentiret.
1397 3304 1534 3377 Deinde,
1557 3304 1583 3366 si
1607 3312 1743 3366 mentem

411 3399 502 3460 istam
534 3396 626 3479 quasi
657 3397 773 3460 animal
801 3398 933 3479 aliquod
956 3398 1058 3459 voluit
1086 3417 1172 3470 esse,
1203 3397 1262 3460 erit
1290 3397 1410 3478 aliquid
1434 3399 1583 3471 interius,
1610 3417 1651 3459 ex
1680 3414 1744 3478 quo

411 3489 491 3555 illud
514 3490 629 3552 animal
652 3492 847 3553 nominetur:
870 3491 948 3573 quid
969 3500 1073 3554 autem
1098 3492 1230 3553 interius
1253 3495 1377 3554 mente‘t
1400 3494 1545 3574 cingatur
1564 3493 1659 3573 igitur
1674 3509 1744 3553 cor-

411 3604 488 3669 pore
510 3592 654 3646 externo.
698 3581 749 3645 97.
773 3584 867 3659 Quod
897 3585 1048 3668 quoniam
1071 3605 1134 3646 non
1158 3584 1276 3666 placet,
1304 3594 1414 3668 aperta
1435 3587 1631 3668 simplexque
1655 3603 1744 3646 mens

410 3679 498 3742 nulla
520 3700 555 3740 re
577 3677 739 3752 adiuncta,
770 3698 833 3761 qua
855 3678 972 3742 sentire
995 3678 1108 3763 possit,
1140 3677 1250 3760 sugere
1272 3679 1509 3763 intellegentiae
1531 3686 1658 3742 nostrae
1681 3676 1782 3738 vimtt

410 3781 443 3837 et
464 3774 624 3836 notionem
646 3772 779 3835 ridetur.
818 3773 1014 3836 Crotoniates
1036 3783 1141 3835 autem
1157 3773 1317 3847 Alcmaeo,
1341 3775 1395 3856 qui
1419 3774 1478 3836 soli
1502 3783 1533 3836 et
1555 3774 1649 3836 lunae
1672 3771 1745 3835 reli·

410 3868 548 3951 quisque
571 3868 728 3929 sideribus
750 3868 921 3949 animeque
944 3875 1108 3949 praeterea
1131 3866 1326 3929 divinitatem
1350 3867 1452 3938 dedit,
1475 3888 1538 3929 nen
1556 3866 1656 3929 sensit
1673 3884 1743 3928 sese

411 3961 597 4042 mortalibus
621 3961 715 4022 rebus
737 3962 994 4025 inmortalitatem
1018 3961 1103 4023 dare.
1140 3963 1217 4023 Nam
1242 3962 1450 4044 Pythagoras,
1474 3961 1526 4041 qui
1542 3960 1664 4023 censuit
1678 3960 1745 4021 ani-

409 4077 495 4120 mum
518 4076 588 4118 esse
610 4076 668 4139 per
689 4065 833 4118 naturam
857 4075 960 4116 rerum
985 4075 1111 4116 omnem
1133 4055 1288 4116 intentum
1306 4063 1338 4116 et
1354 4062 1599 4127 commeantem,
1623 4074 1662 4115 ex
1679 4072 1743 4136 quo

409 4152 508 4213 nostri
539 4151 634 4213 animi
666 4158 884 4231 carperentur,
915 4168 979 4209 non
1002 4149 1083 4209 vidit
1105 4148 1309 4210 distractione
1338 4145 1542 4209 bumanorum
1567 4150 1782 4212 animorumto

410 4245 547 4327 discerpi
572 4253 605 4306 et
626 4245 755 4307 lacerari
780 4243 873 4305 deum
897 4250 944 4316 et,
976 4263 1046 4304 cum
1073 4242 1179 4304 miseri
1201 4244 1297 4305 animi
1321 4250 1444 4314 essent,
1475 4241 1560 4323 quod
1585 4241 1744 4324 plerisque

409 4338 614 4423 contingeret,
638 4347 702 4400 tum
719 4338 769 4399 dei
794 4344 914 4419 partem
931 4357 1001 4398 esse
1018 4338 1181 4398 miseram:
1205 4336 1290 4417 quod
1308 4332 1373 4397 lieri
1389 4356 1454 4396 non
1471 4343 1582 4418 potest.
1614 4332 1664 4393 28.
1683 4333 1745 4395 Cur

409 4439 515 4493 autem
539 4433 708 4513 quicquam
739 4433 899 4512 ignoraret
921 4432 1051 4494 animus„
1073 4430 1226 4499 hominis,
1256 4431 1281 4491 si
1310 4438 1395 4490 esset
1426 4430 1524 4490 deust
1558 4449 1622 4510 quo
1650 4428 1744 4490 modo

410 4543 506 4607 porro
530 4525 608 4588 deus
632 4526 705 4597 iste,
729 4526 754 4587 si
779 4526 858 4587 nihil
883 4534 967 4587 esset
989 4526 1049 4587 nisi
1073 4525 1214 4595 animus,
1237 4532 1292 4585 aut
1313 4520 1430 4584 infixus
1453 4532 1506 4586 aut
1521 4522 1643 4584 inlusus
1660 4529 1745 4584 esset

420 4713 663 4722 -.----.-.----

474 4844 498 4892 3.
519 4844 572 4904 Quo
590 4843 613 4900 to
630 4855 662 4890 ex
681 4842 853 4898 correctione)
872 4844 892 4889 si
910 4844 929 4889 t:
951 4869 976 4877 -
1002 4841 1025 4892 i.
1045 4843 1194 4890 ducmdcii
1217 4867 1243 4876 -
1269 4844 1292 4890 5.
1312 4854 1372 4889 vcro
1390 4842 1443 4890 elic
1465 4842 1514 4890 sint
1535 4842 1605 4891 liiE:
1629 4855 1689 4890 itero
1711 4850 1746 4893 est

409 4916 467 4967 Al3¹
478 4919 514 4972 (ἐς
537 4931 597 4965 itero
618 4918 666 4964 sint
687 4918 717 4975 0,
736 4917 864 4966 distinctis
881 4930 942 4966 curn
962 4919 1054 4966 lietera
1072 4917 1162 4966 veritis
1179 4922 1305 4978 repetam,
1333 4918 1505 4976 superiorum
1523 4930 1583 4965 aero
1599 4923 1681 4966 cetere
1698 4917 1746 4966 sint

408 4993 619 5042 Schoemannus.
635 5017 661 5025 -
677 4991 700 5038 6.
718 4971 807 5051 prinits
825 4993 931 5040 131-8.
952 4995 973 5040 ai
992 4994 1025 5040 E:
1044 4994 1079 5040 sie
1096 4994 1175 5041 Atti:
1191 5018 1215 5027 -
1233 4993 1256 5040 9.
1273 4994 1416 5049 Laconum,
1436 5006 1504 5053 quse
1524 4993 1548 5041 lt.
1567 4991 1581 5040 Ι.
1602 4995 1643 5040 est
1661 4993 1685 5040 in
1699 5005 1745 5041 co-

408 5066 526 5123 dinibus,
545 5066 666 5128 supplevi
686 5067 874 5130 praeeuntibus
889 5067 1027 5126 lambino,
1047 5069 1091 5129 qui
1111 5067 1185 5116 dedit
1201 5080 1288 5124 sesso,
1307 5072 1468 5114 mirinentem
1480 5080 1575 5126 equae,
1593 5081 1746 5128 curaquem

407 5144 483 5189 menti
500 5141 631 5196 adiunxit,
650 5143 670 5189 si
688 5145 751 5198 eet..
771 5147 797 5191 et
815 5144 1010 5197 Scheeuinnno,
1030 5145 1073 5205 qui
1088 5141 1175 5191 locum
1190 5144 1228 5191 sic
1241 5141 1362 5191 exhibet:
1381 5155 1454 5190 sensu
1465 5150 1487 5190 et
1498 5148 1586 5202 mente,
1605 5156 1747 5203 curoqaoe

409 5216 535 5279 [mimo.
559 5219 734 5265 mentientem
752 5232 799 5264 cur
815 5219 918 5277 nqwm]
938 5220 1062 5267 adtiinrit.
1094 5220 1120 5267 ln
1140 5217 1213 5265 libris
1231 5221 1257 5267 et
1275 5220 1294 5264 0
1315 5220 1382 5268 baec
1399 5218 1453 5267 sola
1473 5216 1610 5278 leguntur:
1635 5232 1707 5266 sensti
1724 5224 1747 5267 et

406 5297 486 5339 mente
503 5304 550 5338 car
567 5304 651 5353 oquae
667 5295 793 5340 adiunxit.
822 5296 872 5343 Pro
894 5297 974 5340 mente
997 5296 1085 5341 temen
1108 5298 1214 5341 mentem
1232 5293 1304 5341 dedit
1323 5291 1367 5341 8¹:
1393 5306 1441 5356 pro
1462 5308 1508 5341 cui·
1525 5307 1607 5354 cqiioa
1624 5298 1665 5344 est
1681 5308 1746 5343 cura

408 5380 472 5427 qaae
491 5367 515 5414 in
534 5369 567 5421 A,
586 5380 699 5426 curaque
717 5367 741 5415 in
760 5367 797 5421 C;
821 5368 938 5414 odiiincit
956 5380 1008 5415 om.
1029 5368 1058 5414 C.
1079 5368 1255 5430 tiransposita
1275 5366 1314 5415 illa
1333 5373 1393 5415 octo
1411 5367 1568 5423 verborum,
1587 5370 1608 5415 si
1625 5370 1747 5417 dei--et

407 5449 501 5496 mente,
522 5442 674 5505 parenthesi
694 5446 752 5502 post
770 5445 869 5489 activos
886 5456 935 5489 esse
952 5444 1008 5489 deus
1025 5443 1112 5489 omnia
1132 5447 1204 5490 recte
1224 5442 1278 5491 lore
1296 5441 1439 5491 arbitratur
1452 5444 1614 5503 Madvigius)
1630 5470 1654 5477 -
1674 5444 1747 5491 sicuti

407 5520 464 5579 ipso
483 5518 502 5564 C
523 5542 548 5552 —
570 5517 610 5565 te.
630 5518 815 5577 discriptionem
832 5517 900 5564 AB:
922 5518 1126 5577 discrepationem
1145 5519 1183 5572 C;
1201 5518 1390 5577 descriptionem
1408 5519 1465 5566 EO.
1492 5518 1523 5565 ill
1550 5531 1575 5579 p.
1595 5517 1651 5574 303,
1670 5519 1694 5564 5.
1717 5542 1741 5554 -

408 5597 502 5639 metam
521 5590 661 5652 Rigattius:
681 5589 860 5640 modnmi10.
887 5591 925 5639 Ci.
946 5594 1050 5641 Aristot.
1072 5592 1151 5652 l‘liys.
1172 5596 1249 5640 Ausc.
1270 5593 1334 5649 Vtii,
1355 5594 1377 5639 t.
1400 5619 1424 5626 -
1447 5593 1485 5639 ia.
1506 5594 1564 5639 cicc
1581 5593 1679 5638 rutinae
1696 5592 1744 5640 AB

410 5690 436 5701 -
458 5666 593 5726 dissipnori
611 5667 659 5714 AB
681 5689 706 5701 -
728 5667 768 5714 io.
787 5678 859 5712 semu
877 5666 944 5715 AC:
967 5679 1049 5714 sennis
1067 5679 1136 5713 corr.
1158 5666 1182 5713 in
1200 5667 1281 5714 sensit
1300 5667 1317 5715 ii
1337 5690 1363 5700 ·-
1384 5667 1495 5713 astrictum
1513 5668 1532 5714 C
1551 5691 1577 5700 -
1597 5672 1620 5713 et
1637 5667 1746 5713 inconti-

407 5745 504 5788 nentem
521 5738 544 5788 tl
563 5764 589 5774 ·-
616 5741 641 5787 in
659 5742 696 5788 c:
722 5753 774 5788 om.
794 5740 872 5788 ABE
892 5765 918 5774 -
945 5742 986 5789 at.
1005 5742 1082 5801 ipsius
1099 5746 1194 5787 notzere
1211 5741 1413 5789 Schoeninnnus
1431 5742 1464 5802 (in
1483 5741 1694 5799 commentario).
1715 5765 1742 5775 -

407 5815 677 5863 testemtested
697 5840 723 5849 -
744 5815 786 5863 23.
805 5815 867 5862 titud
883 5818 971 5864 cnimo
988 5817 1067 5864 Alli]
1089 5839 1114 5850 -·
1135 5817 1175 5864 25.
1195 5828 1247 5876 quo
1264 5816 1440 5877 Augustinus:
1466 5827 1531 5873 quoe
1548 5811 1569 5863 u
1589 5839 1615 5848 -
1635 5814 1667 5862 26
1695 5829 1742 5863 no·

407 5890 518 5937 titionem
535 5891 554 5938 C
570 5915 595 5925 -
616 5890 786 5951 at,emaaoa;
805 5890 899 5939 classo
912 5892 930 5940 C
944 5916 972 5927 -
992 5892 1031 5940 28.
1051 5892 1146 5940 censuit
1162 5893 1235 5941 mam
1252 5894 1364 5941 animum
1381 5904 1430 5941 case
1447 5892 1525 5941 Bake.
1542 5917 1568 5927 -
1588 5891 1628 5941 29.
1643 5904 1739 5941 emnem

407 5963 473 6013 Aa:
491 5966 604 6014 omnium
621 5966 670 6016 ci:
690 5992 717 6004 -
737 5966 775 6018 30.
793 5966 945 6016 detractione
961 5966 1140 6016 Ruhnkenius.
1161 5994 1188 6004 -
1208 5966 1248 6020 ti.
1266 5968 1326 6017 deur
1340 5972 1401 6019 estet
1416 5968 1437 6018 si
1454 5966 1484 6019 C.
