4342 7459
696 1274 764 1336 ns.
787 1273 826 1335 n.
854 1271 932 1337 cai.
954 1270 1208 1337 xm-xrm.
1235 1267 1281 1354 cs
1303 1268 1446 1336 es-ss.
1670 1270 1732 1337 us

406 1441 479 1523 qni,
500 1447 587 1504 recta
608 1447 641 1504 et
660 1440 794 1505 honesta
816 1462 898 1526 quae
920 1448 1010 1517 sunt,
1033 1461 1070 1506 ea
1084 1449 1226 1506 statuunt
1246 1461 1304 1524 per
1318 1462 1352 1505 se
1367 1440 1563 1526 expetenda,
1585 1443 1732 1511 adeunda

407 1542 483 1597 sunt
502 1534 634 1617 quaevis
655 1536 797 1618 pericula
812 1535 935 1599 decoris
948 1537 1193 1620 honestatisque
1208 1556 1318 1611 causa,
1341 1537 1387 1599 sie
1401 1536 1530 1612 vestris,
1554 1539 1609 1623 qui
1625 1542 1731 1606 omnia

407 1629 569 1713 voluptate
592 1631 780 1708 metiuntur,
803 1633 944 1714 pericula
966 1631 1110 1695 adeunda
1133 1638 1221 1705 sunt,
1242 1638 1278 1694 ut
1299 1629 1514 1713 adipiscantur
1533 1654 1662 1718 magnas
1677 1657 1732 1699 vo·

405 1723 554 1808 lnptates.
590 1726 624 1788 Si
645 1746 844 1808 magnares,
868 1747 983 1808 magna
1005 1725 1165 1789 hereditas
1180 1733 1300 1807 agetur,
1322 1723 1732 1815 cumspecuniavotuptates

406 1818 569 1900 pariantur
589 1817 761 1900 plurimae,
783 1822 868 1884 idem
890 1823 951 1884 erit
971 1822 1111 1903 Epicuro
1134 1827 1239 1882 vestro
1260 1819 1455 1895 iaciendum,
1478 1821 1616 1887 risuum
1638 1822 1755 1890 lineme

405 1908 564 1988 bonorum
585 1912 679 1994 sequi
699 1913 799 1987 volet,
823 1915 907 1997 quod
930 1915 1083 1997 Scipioni,
1106 1932 1220 1995 magna
1241 1912 1342 1995 gloria
1362 1916 1542 1997 proposita,
1565 1909 1595 1981 si'
1613 1919 1734 1984 Hanni·

408 2000 510 2065 halem
532 2002 568 2065 in
587 2003 726 2068 Africam
748 2009 941 2088 retraxisset.
984 2010 1095 2091 ltaque
1117 2015 1271 2090 quantum
1293 2006 1373 2070 adiit
1394 2009 1585 2090 periculum!
1614 2013 1655 2075 ad
1677 2012 1733 2077 ho·

407 2103 563 2159 aestatem
586 2099 671 2161 enim
692 2099 782 2164 illum
804 2122 929 2164 omnem
951 2109 1101 2164 conatum
1123 2120 1215 2163 suum
1237 2100 1406 2176 referebat,
1436 2121 1500 2164 non
1529 2103 1569 2166 ad
1591 2107 1733 2191 volupta-

407 2198 480 2254 tem.
517 2191 571 2255 Sic
599 2202 707 2257 vester
734 2199 861 2279 sapiens
888 2216 1001 2279 magno
1029 2196 1138 2277 aliquo
1168 2194 1380 2259 emolumento
1408 2205 1584 2262 commotus
1611 2202 1635 2281 †
1662 2222 1732 2266 cum

407 2303 518 2360 musa,
540 2285 569 2350 si
590 2307 671 2369 opus
694 2290 770 2364 erit,
793 2289 963 2353 dimicabit
996 2286 1047 2351 57.
1074 2287 1240 2352 Occultum
1260 2289 1383 2354 lacinus
1398 2310 1469 2354 esse
1483 2294 1636 2375 potuerit,
1658 2313 1771 2379 gau-ro

408 2376 512 2442 debit:
535 2377 753 2463 deprehensus
776 2405 901 2447 omnem
923 2403 1057 2466 poenam
1079 2390 1269 2448 contemnet.
1312 2384 1380 2447 Erit
1400 2386 1485 2449 enim
1507 2386 1680 2453 instructus
1693 2392 1734 2453 ad

409 2481 541 2537 nortem
569 2478 849 2552 contemnendam,
876 2476 916 2540 ad
939 2477 1101 2550 exsilium,
1122 2475 1163 2537 ad
1185 2477 1288 2559 ipsum
1311 2479 1408 2542 etiam
1433 2479 1587 2546 dolorem'
1630 2484 1733 2559 Quem

409 2567 538 2651 quidem
559 2589 634 2645 uos,
656 2591 726 2634 cnm
749 2572 901 2654 improbis
918 2591 1052 2655 poenam
1073 2572 1269 2653 proponitis,
1292 2572 1499 2655 impetibilem
1520 2570 1639 2652 facitis,
1662 2599 1733 2641 cum

408 2662 586 2744 rapientem
606 2683 732 2747 semper
753 2665 829 2728 boni
850 2666 921 2750 plus
942 2665 1058 2728 habere
1080 2663 1191 2738 vultis,
1214 2664 1419 2729 tolerabilem.

492 2757 607 2820 XVlll.
638 2758 701 2822 Sed
730 2760 815 2843 linge
844 2781 907 2824 non
934 2760 1037 2823 solum
1067 2757 1214 2821 callidum
1245 2780 1334 2833 cum,
1364 2758 1419 2842 qui
1447 2760 1570 2844 aliquid
1591 2762 1772 2848 inprobata

407 2848 517 2924 iaciat,
540 2871 650 2914 verum
672 2854 766 2917 etiam
789 2862 1044 2937 praepotentem,
1067 2859 1101 2913 nt
1123 2852 1319 2935 listlrassus
1340 2851 1400 2914 tuit
1420 2854 1535 2937 -qui
1558 2863 1662 2922 tamen
1684 2880 1736 2924 so·

408 2942 494 3006 lebat
514 2945 562 3007 nti
583 2966 643 3010 suo
663 2947 750 3011 hono
773 2983 829 3024 -,
851 2956 887 3011 ut
907 2947 1002 3012 hodie
1025 2954 1074 3009 est
1095 2953 1204 3009 noster
1222 2946 1406 3027 Pompeius,
1429 2947 1482 3009 eui
1502 2959 1587 3013 recte
1608 2952 1735 3018 facienti

407 3037 508 3119 palia
543 3046 592 3102 est
621 3039 784 3105 habenda:
817 3063 888 3106 esse
921 3043 1005 3104 enim
1035 3060 1129 3124 quam
1161 3039 1257 3103 vellet
1287 3040 1417 3122 iniquus
1445 3048 1570 3123 poterat
1595 3045 1736 3127 impune.

409 3131 511 3207 Quam
535 3132 632 3197 multa
654 3155 730 3198 sero
751 3136 869 3200 iniuste
892 3133 959 3200 ficri
980 3142 1128 3219 possunt,
1152 3153 1234 3217 quae
1256 3153 1351 3196 nemo
1373 3135 1475 3215 possit
1489 3138 1735 3219 reprehenderet

407 3224 459 3289 58.
481 3227 516 3290 Si
548 3234 579 3289 te
607 3229 727 3292 amicus
753 3238 828 3293 tuus
856 3230 995 3293 moriens
1026 3229 1197 3311 rogaverit,
1225 3235 1261 3290 ut
1285 3226 1493 3291 hereditatem
1523 3230 1638 3295 reddas
1660 3252 1774 3300 suaero

408 3316 506 3396 filiae,
528 3342 590 3385 nec
609 3343 745 3406 usquam
767 3324 799 3386 id
823 3324 999 3408 scripserit,
1022 3331 1057 3385 ut
1079 3322 1206 3404 scripsit
1221 3320 1353 3395 Fadius,
1376 3341 1434 3384 nee
1449 3324 1595 3407 cuiquam
1610 3326 1736 3402 dixerit,

409 3416 487 3499 quid
508 3415 630 3479 faciest
652 3419 700 3480 ‘lu
721 3418 851 3501 quidem
873 3417 1005 3481 reddes:
1027 3417 1096 3500 ipse
1110 3416 1266 3498 Epicurus
1280 3414 1414 3479 tortasse
1428 3416 1587 3493 redderet,
1609 3428 1644 3483 ut
1659 3423 1737 3485 Sex·

409 3517 460 3573 us
488 3507 689 3585 Peducaeus,
717 3512 790 3573 Sex.
813 3510 846 3586 4.,
874 3513 918 3587 is,
946 3511 1002 3594 qui
1032 3510 1119 3574 hunc
1149 3517 1290 3573 nostrum
1319 3511 1448 3593 reliquit
1469 3508 1605 3594 effigiem
1627 3521 1660 3577 et
1679 3514 1737 3579 hu·

409 3607 569 3669 nouitatis
592 3613 624 3668 et
643 3604 810 3687 probitatis
833 3626 909 3670 snae
930 3605 1047 3677 lilium,
1060 3625 1149 3667 ‚cum
1171 3604 1297 3678 doctus,
1328 3612 1393 3667 tum
1423 3607 1563 3670 omnium
1587 3608 1634 3671 vir
1656 3611 1738 3693 opti·

408 3720 479 3765 mus
501 3708 534 3763 et
555 3699 763 3772 iustissimus,
786 3720 859 3762 cum
881 3699 979 3762 sciret
999 3718 1094 3762 nemo
1116 3718 1190 3761 eum
1209 3705 1351 3780 rogatum
1366 3718 1385 3761 a
1400 3699 1480 3762 Gaio
1496 3700 1609 3777 Plotio,
1631 3704 1774 3787 equitem

408 3793 551 3858 hunno
573 3792 762 3877 splendido,
785 3794 934 3867 Nursino,
956 3793 1039 3857 ultro
1054 3792 1094 3854 ad
1111 3792 1275 3855 mulierem
1291 3793 1379 3856 venit
1391 3794 1485 3876 cique
1500 3794 1578 3858 nihil
1595 3797 1738 3880 opinanti

407 3888 466 3951 riri
488 3886 675 3951 mandatnm
697 3888 849 3970 exposuit
869 3886 1143 3970 hereditatemque
1165 3885 1311 3949 reddidit
1345 3887 1408 3949 Sed
1430 3907 1489 3970 eqo
1503 3907 1544 3951 ex
1561 3896 1592 3952 te
1606 3909 1737 3974 quaero,

406 3980 560 4063 qnoniam
580 3980 666 4043 idem
689 3987 723 4043 tu
746 3987 831 4043 certe
853 3978 996 4054 fecisses,
1022 3999 1130 4042 nonne
1157 3978 1322 4063 intellegas
1348 4000 1386 4043 eo
1407 3982 1562 4050 maiorem
1580 3984 1644 4048 vim
1666 4005 1736 4049 esse

407 4083 557 4149 naturae,
586 4074 674 4157 quod
696 4074 757 4158 ipsi
780 4093 854 4148 vos,
876 4073 932 4156 qui
954 4074 1062 4136 omnia
1083 4073 1123 4136 ad
1146 4080 1286 4137 vestrum
1308 4076 1507 4139 commodum
1536 4084 1583 4151 et,
1611 4085 1647 4140 ut
1675 4079 1736 4162 ipsi

406 4168 528 4243 dicitis,
563 4167 604 4231 ad
634 4168 828 4251 voluptatem
857 4167 1017 4243 reseratis,
1050 4176 1154 4231 tamen
1176 4187 1213 4230 ca
1240 4168 1379 4244 laniatis,
1410 4170 1565 4252 equibus
1586 4179 1772 4254 appareatoo

407 4282 471 4325 non
493 4262 687 4345 voluptatem
710 4283 783 4336 vos,
806 4263 863 4325 scd
885 4262 1025 4325 officium
1049 4262 1155 4344 sequi,
1182 4261 1318 4343 plusque
1340 4271 1455 4325 rectam
1478 4270 1619 4326 naturam
1642 4284 1737 4346 quam

407 4358 561 4420 rationem
584 4377 713 4439 pravam
736 4358 867 4421 valeret
903 4354 954 4418 59.
979 4358 1010 4418 Si
1035 4357 1161 4427 scieris,
1184 4355 1289 4437 inquit
1306 4355 1500 4429 Carneades,
1521 4356 1663 4438 aspidem
1685 4378 1738 4420 oo·

409 4449 492 4513 culte
521 4449 624 4515 latere
653 4453 776 4533 uspiam
809 4461 840 4514 et
862 4451 944 4513 velle
966 4450 1106 4533 aliquem
1128 4448 1358 4530 imprudentem
1381 4469 1478 4532 super
1498 4469 1566 4512 cam
1586 4450 1736 4524 assidere,

407 4543 497 4607 cuius
517 4564 605 4607 mors
627 4545 685 4607 tihi
707 4546 957 4607 emolumentum
979 4543 1085 4606 lutura
1107 4543 1167 4614 sit,
1190 4541 1334 4623 improbe
1353 4541 1480 4616 feceris,
1502 4543 1564 4606 nisi
1577 4545 1737 4607 monueris

408 4654 449 4699 ns
467 4636 600 4701 assidat.
643 4638 706 4701 Sed
729 4640 885 4721 impunite
908 4647 1030 4713 tamen;
1053 4638 1151 4709 scisse
1173 4634 1258 4697 enim
1280 4643 1311 4698 te
1333 4636 1407 4719 quis
1422 4653 1594 4718 coarguere
1613 4638 1773 4720 possitiao

408 4728 472 4792 Sed
499 4731 596 4795 nimis
626 4732 734 4796 multa.
777 4735 981 4814 Perspicuum
1015 4740 1063 4793 est
1085 4730 1185 4803 enim,
1214 4728 1277 4790 nisi
1303 4730 1461 4812 aequitas,
1493 4725 1586 4803 lides,
1619 4731 1737 4794 iustitia

409 4819 650 4905 proficiscantur
671 4845 690 4888 a
712 4835 843 4900 natura,
866 4833 898 4889 et
920 4827 946 4888 si
970 4825 1076 4888 omnia
1090 4823 1170 4886 haec
1184 4821 1224 4884 ad
1239 4822 1408 4885 utilitatem
1422 4821 1614 4897 referantur,
1634 4825 1736 4887 virum

474 5145 499 5192 4.
519 5142 572 5208 qis]
591 5156 639 5204 que
654 5144 674 5193 B
694 5171 720 5179 —
740 5144 764 5193 2.
784 5142 894 5207 quosvis]
912 5156 957 5192 ceu
973 5144 1150 5205 (correctum,
1169 5144 1198 5190 ut
1214 5140 1327 5201 videtur,
1346 5153 1378 5190 ex
1389 5141 1439 5202 seu)
1453 5143 1488 5198 Ας
1506 5154 1560 5203 sepe
1576 5142 1595 5191 B
1610 5169 1637 5177 -
1655 5144 1680 5194 5.
1690 5158 1737 5207 pe-

410 5216 510 5267 rinus
525 5218 559 5269 A¹
577 5245 606 5256 -
624 5219 689 5268 Man
706 5217 784 5268 codd.
804 5217 916 5281 aliquot:
940 5219 1053 5278 ideoque
1069 5216 1149 5265 44Βο
1166 5217 1326 5279 (uoluptates;
1344 5216 1365 5265 si
1381 5229 1488 5279 mopsos
1504 5230 1545 5266 res
1555 5245 1569 5255 -
1579 5220 1739 5280 -poriontor

409 5290 549 5351 alwinus:
567 5294 680 5356 tumque
697 5293 814 5343 distinxit
831 5294 859 5353 0)
875 5320 901 5328 -
920 5294 1009 5353 oestro]
1027 5292 1109 5341 nescio
1127 5292 1146 5341 E
1159 5317 1186 5327 —
1205 5293 1229 5341 8.
1249 5291 1318 5340 illum
1335 5291 1399 5341 AB:
1418 5291 1458 5341 ille
1475 5292 1494 5341 0
1509 5318 1535 5328 -
1555 5293 1579 5342 9.
1594 5307 1651 5343 cum
1662 5308 1739 5344 causo

411 5366 508 5418 san:
526 5369 607 5419 (44444444
623 5382 703 5419 causo
719 5369 740 5417 si
758 5371 777 5418 C
797 5370 823 5417 et
840 5366 918 5417 obelo
936 5370 1053 5431 praefixo
1065 5368 1098 5424 0;
1117 5380 1174 5416 cum
1190 5367 1242 5416 tom
1258 5366 1304 5415 sibi
1321 5368 1353 5425 G;
1373 5367 1462 5429 capitis
1478 5381 1556 5428 corpo
1571 5370 1593 5418 ri
1610 5368 1736 5430 lilotzius;

412 5455 466 5491 cu
480 5445 565 5494 nico
580 5445 602 5494 st
614 5444 759 5506 Madvigius
772 5445 807 5504 lin
818 5444 1019 5505 commentario)
1034 5471 1060 5479 -
1080 5444 1120 5492 so.
1139 5445 1186 5493 erit
1202 5443 1295 5492 ABE:
1312 5443 1389 5504 [444444
1400 5443 1451 5492 llo
1464 5470 1491 5479 —
1511 5444 1646 5509 occultiori]
1664 5446 1738 5495 sioc-

413 5517 502 5568 mm
519 5520 540 5569 (i
558 5544 586 5555 -
607 5520 647 5570 li.
667 5519 753 5582 Quem]
772 5532 848 5580 quom
865 5520 883 5567 B
902 5544 929 5554 -
949 5516 1105 5580 impetibilem
1122 5518 1215 5566 AliG:
1235 5518 1396 5580 impatibilem
1413 5519 1473 5567 0—
1495 5520 1534 5568 47.
1553 5520 1643 5584 noster}
1659 5527 1740 5571 uester

414 5590 476 5639 44-
500 5594 670 5659 laicique]
693 5595 930 5655 totqoaoiustosh
955 5620 979 5630 -
1004 5594 1300 5656 ao.suacroasan:
1323 5594 1622 5656 4444444444444481440-
1648 5596 1689 5645 rt.
1712 5602 1739 5644 444

414 5670 507 5731 ussa
529 5681 584 5720 om.
604 5671 625 5719 D
651 5697 678 5705 —
705 5668 806 5731 Fadius]
828 5670 951 5731 focdari)
977 5693 1004 5702 -
1032 5667 1072 5717 22.
1092 5668 1160 5731 quid]
1183 5669 1283 5730 quodB
1307 5696 1332 5706 -
1363 5670 1483 5719 secema
1501 5669 1534 5718 B:
1558 5670 1617 5719 sss.
1637 5670 1691 5719 llO
1711 5698 1736 5705 -

415 5741 453 5792 il.
468 5757 527 5795 aaut
542 5745 610 5795 AB:
633 5749 686 5794 m
703 5746 723 5795 0
742 5772 770 5781 -
793 5745 834 5794 25.
853 5749 907 5793 tom
922 5745 955 5793 s'c.
976 5745 995 5793 i]
1016 5772 1041 5780 —
1060 5744 1120 5806 poio
1137 5745 1201 5792 dli:
1225 5745 1251 5793 C.
1271 5745 1325 5794 ΜΟ
1342 5772 1375 5781 -
1397 5745 1438 5794 20.
1456 5742 1574 5806 Nursina]
1591 5744 1694 5794 mirsioo
1712 5749 1741 5794 Α1

416 5841 445 5853 -·
457 5819 498 5869 2⁹.
516 5825 540 5870 et
556 5820 605 5881 ipsi
619 5820 679 5870 44414
693 5844 721 5857 -
741 5819 780 5868 34.
792 5819 935 5881 plusquam
951 5825 1046 5868 rectam
1061 5820 1079 5867 B
1095 5844 1121 5852 -
1141 5817 1182 5868 34.
1195 5820 1383 5869 eroolumcotum
1398 5821 1487 5883 futura
1503 5818 1628 5869 ABCD:
1647 5821 1741 5869 emota·

417 5898 521 5943 um
539 5894 646 5957 lecturo
663 5894 727 5953 o0;
754 5893 916 5943 emolmneoto
936 5893 1024 5953 [44444444
1046 5891 1124 5942 codd.
1149 5893 1249 5943 Oxonn.
1272 5894 1333 5944 duo.
1355 5921 1382 5931 -
1404 5895 1530 5945 monueris
1550 5906 1606 5944 eum
1627 5895 1693 5945 oeli
1714 5923 1738 5929 --

418 5964 453 6016 444.
469 5968 565 6020 meat
584 5969 648 6020 AB:
667 5969 779 6027 comat
795 5970 816 6019 0
834 5993 861 6006 -
881 5970 1001 6032 impunite
1017 5968 1080 6017 AB:
1100 5968 1199 6030 impuno
1215 5970 1244 6019 0.

462 6059 644 6113 umoris.
714 6083 720 6095 -
1485 6060 1505 6125 8
