4342 7459
786 1241 918 1305 unu.
947 1241 1131 1309 chara.
1156 1241 1367 1328 §sar-ee.
1694 1239 1736 1309 aa

408 1411 534 1476 eivers
553 1413 629 1475 sunl
656 1429 739 1494 quae
767 1409 807 1474 de
836 1410 997 1475 Carneade
1023 1432 1088 1477 uon
1111 1412 1192 1475 nulli
1213 1414 1406 1478 existimant.
1450 1416 1484 1479 Si
1506 1417 1591 1481 euim
1613 1418 1735 1501 percipi

407 1503 488 1568 uihil
509 1511 630 1588 potest,
651 1503 739 1589 quod
760 1505 890 1590 utrique
905 1506 1005 1570 usum
1025 1514 1088 1580 est,
1110 1506 1271 1571 tollendus
1286 1508 1439 1573 adsensus
1456 1518 1513 1574 est.
1549 1511 1634 1587 Quid
1651 1511 1737 1575 cuim

407 1607 457 1662 eet
481 1605 546 1661 lam
574 1597 665 1663 futile
696 1618 793 1683 quam
820 1599 993 1684 quicquam
1021 1600 1198 1683 adprobare
1226 1621 1292 1664 non
1323 1604 1507 1684 cognitum?
1544 1604 1737 1670 Carneadem

407 1699 512 1757 autem
534 1692 630 1756 etiam
650 1692 720 1757 heri
741 1693 947 1757 audiebamus
971 1694 1099 1757 solitum
1115 1713 1186 1756 esse
1200 1713 1239 1756 eo
1257 1694 1360 1760 delabi
1376 1698 1547 1772 interdum,
1567 1704 1604 1761 ut
1617 1697 1739 1762 diceret

407 1787 624 1871 opinaturum,
653 1786 687 1851 id
716 1795 782 1863 est,
809 1794 1012 1871 peccaturum
1042 1807 1112 1851 esse
1140 1788 1325 1871 sapientem.
1361 1789 1439 1852 Mihi
1468 1810 1564 1872 porro
1586 1810 1651 1854 uon
1671 1799 1760 1855 mmo

408 1886 529 1943 certum
551 1888 692 1944 edesse
713 1880 853 1962 aliquid,
881 1881 968 1964 quod
991 1881 1205 1964 conprehendi
1230 1882 1347 1963 possit,
1372 1882 1411 1945 ds
1433 1903 1497 1966 quo
1519 1884 1583 1946 iam
1604 1883 1738 1947 nimium

407 1975 502 2038 etiam
524 1972 580 2037 diu
603 1973 750 2058 disputo,
772 1994 867 2057 quam
891 1975 1066 2057 sapientem
1089 1975 1168 2037 nihil
1190 1977 1329 2057 opinari,
1351 1977 1384 2039 id
1408 1985 1470 2051 est,
1492 1994 1664 2060 numquam
1681 1975 1739 2038 ad·

408 2066 519 2130 sundri
540 2066 587 2129 rei
609 2067 660 2131 vel
682 2067 781 2131 falsae
803 2068 854 2130 vel
876 2068 1067 2150 incognitae.
1109 2064 1160 2129 60.
1183 2069 1291 2132 Restat
1312 2069 1406 2142 illud,
1428 2069 1515 2153 quod
1531 2068 1650 2144 dicunt,
1671 2070 1738 2133 veri

407 2158 596 2225 inveniundi
616 2180 712 2224 causa
734 2170 844 2224 contra
866 2162 972 2225 omnia
987 2162 1050 2226 dici
1072 2169 1217 2246 oportere
1232 2171 1266 2225 et
1283 2183 1340 2245 pro
1356 2163 1514 2226 omnibus.
1547 2162 1628 2226 Volo
1642 2161 1739 2244 igitur

408 2253 516 2317 videre
538 2254 616 2337 quid
638 2254 827 2318 iurauerint.
856 2256 929 2318 Nou
944 2256 1098 2331 solemus,
1121 2256 1241 2340 iuquit,
1263 2256 1440 2320 ostendere.
1477 2255 1569 2332 Quae
1582 2263 1776 2320 multon-la

409 2346 564 2411 damieta
584 2347 756 2431 mysterial
778 2356 834 2411 aut
854 2369 912 2412 cur
932 2349 1053 2423 celatis,
1076 2351 1169 2433 quasi
1191 2358 1283 2432 turpe
1305 2350 1437 2432 aliquid,
1459 2350 1647 2413 senteutiam
1666 2370 1740 2414 ves·

409 2441 511 2503 uam?
542 2440 597 2514 tls,
619 2441 676 2523 qui
698 2442 846 2518 audient,
868 2442 983 2526 inquit,
999 2443 1125 2505 ratione
1140 2442 1247 2524 potius
1262 2463 1357 2526 quam
1373 2444 1558 2507 auctoritate
1574 2442 1739 2506 ducantur.

409 2531 512 2608 Quid,
533 2532 562 2595 si
582 2541 737 2616 utroque,
759 2556 834 2599 uum
856 2536 948 2619 peius
971 2537 1040 2598 estt
1076 2536 1178 2598 Unum
1201 2545 1307 2600 umen
1328 2536 1408 2599 illud
1430 2556 1494 2599 uon
1516 2536 1636 2611 celant,
1659 2536 1740 2613 nihil

409 2645 479 2690 esee
501 2626 591 2711 quod
613 2628 732 2711 percipi
753 2630 865 2712 possit.
901 2629 951 2691 Au
973 2630 1005 2692 iu
1028 2649 1066 2693 eo
1089 2630 1261 2693 auctoritas
1283 2628 1362 2692 nihil
1382 2630 1495 2693 obest‘l
1516 2629 1595 2693 blihi
1609 2629 1737 2713 quidem

407 2719 533 2784 videtur
555 2720 607 2783 vel
626 2722 810 2805 plurimum.
846 2722 926 2798 Quis
955 2723 1039 2785 euim
1065 2724 1125 2786 ista
1146 2731 1211 2786 mm
1233 2732 1340 2806 aperte
1361 2725 1594 2807 perspicueque
1615 2730 1777 2805 otperto

409 2835 499 2879 verse
519 2821 554 2878 et
573 2814 654 2878 falsa
675 2826 802 2881 secutus
824 2825 925 2890 esset,
958 2817 1020 2879 nisi
1049 2824 1136 2879 lanu
1158 2818 1191 2879 iu
1212 2817 1369 2891 Arcesila,
1402 2816 1501 2879 multo
1524 2816 1618 2881 etiam
1639 2816 1741 2879 maior

407 2910 439 2972 in
462 2908 625 2973 Cemeade
648 2917 681 2973 et
702 2911 793 2991 eopia
814 2931 917 2974 rerum
940 2917 973 2973 et
994 2911 1122 2974 dicendi
1144 2913 1192 2974 vis
1211 2910 1350 2974 luisset?

491 3003 581 3066 XIX.
603 2998 655 3065 dt.
682 3004 769 3067 Haec
789 3004 965 3067 Antiochus
993 3003 1059 3067 sere
1082 3014 1115 3068 et
1134 3005 1352 3068 Alexandreae
1375 3013 1441 3068 tum
1464 3012 1496 3069 et
1517 3003 1626 3067 multis
1646 3002 1739 3066 anule

407 3104 480 3181 poet
500 3096 601 3160 multo
623 3097 718 3160 etiem
739 3095 997 3171 adseverantius,
1019 3099 1052 3160 iu
1075 3099 1257 3182 Syriacum
1281 3107 1364 3162 esset
1386 3119 1524 3173 mecum,
1546 3098 1643 3181 paulo
1664 3104 1738 3161 aute

409 3210 505 3275 quam
526 3197 576 3252 eet
596 3198 750 3253 mortuus.
787 3191 850 3254 Sed
872 3192 936 3254 iam
958 3189 1142 3255 confirmata
1161 3211 1255 3254 causa
1271 3200 1316 3266 te,
1339 3192 1500 3255 hominem
1515 3191 1776 3258 amicissimumeo

407 3316 450 3331 -
470 3304 522 3346 me
550 3291 657 3347 autem
685 3283 930 3366 appellabat-
952 3293 984 3347 et
1012 3284 1135 3368 aliquot
1156 3287 1247 3348 anuis
1269 3287 1425 3349 minorem
1447 3293 1538 3359 uatu,
1560 3305 1626 3348 uou
1648 3284 1739 3347 dubi·

409 3378 482 3442 tabo
504 3397 653 3440 monere:
676 3378 784 3452 Tune,
807 3398 879 3442 oum
900 3379 997 3441 tantis
1018 3378 1165 3442 laudibus
1186 3379 1420 3462 philosophiam
1436 3377 1588 3441 extuleris
1603 3379 1740 3441 Horten·

409 3472 556 3555 eiumque
578 3478 721 3535 nostrum
743 3472 983 3536 dissentientem
1006 3473 1231 3547 commoveris,
1255 3492 1324 3535 eam
1345 3471 1580 3555 philosophiam
1595 3490 1739 3555 sequere,

409 3585 491 3650 quae
514 3563 683 3629 confundit
703 3586 778 3629 vera
800 3588 870 3630 cum
889 3566 997 3639 salsis,
1019 3568 1134 3649 spoliat
1148 3587 1208 3630 uos
1223 3567 1360 3640 iudicio,
1383 3565 1483 3649 privat
1497 3564 1739 3648 adprobatione,

408 3659 555 3724 omuibus
577 3659 668 3722 orbat
697 3660 865 3723 sensibus?
895 3661 935 3723 Et
957 3660 1133 3724 Cimmeriis
1155 3661 1299 3744 quidem,
1323 3660 1438 3744 quibus
1460 3659 1642 3743 adspectum
1661 3657 1776 3727 solisne

408 3755 475 3817 eive
498 3752 577 3816 deus
598 3753 715 3836 aliquis
737 3755 803 3819 sive
825 3762 937 3817 natura
959 3755 1121 3818 ademerat
1141 3756 1209 3818 sive
1232 3757 1300 3819 eius
1321 3755 1402 3828 loci,
1431 3774 1526 3836 quem
1550 3750 1739 3825 incolebant,

408 3848 504 3922 eitue,
526 3847 619 3929 ignee
641 3854 747 3911 umen
769 3848 916 3922 aderaut,
940 3869 1073 3931 quorum
1096 3849 1158 3913 illis
1180 3850 1227 3913 uti
1249 3849 1369 3911 lumine
1390 3847 1524 3909 licebat:
1546 3845 1601 3908 isti
1622 3852 1739 3920 autem,

409 3961 491 4026 quoe
512 3949 548 4004 tu
570 3940 701 4025 probae,
723 3943 819 4005 tantis
842 3942 954 4005 offusis
976 3942 1115 4005 tenebris
1138 3963 1178 4006 ne
1201 3941 1371 4005 scintillam
1386 3939 1516 4024 quidem
1535 3939 1633 4003 ullam
1648 3937 1739 4004 nobis

409 4036 448 4099 ad
479 4033 713 4118 dispiciendum
743 4036 959 4118 reliquerunt:
990 4057 1071 4119 quos
1104 4037 1130 4100 si
1153 4055 1339 4118 sequamur,
1368 4035 1408 4097 iis
1429 4033 1543 4097 vinclis
1565 4033 1662 4096 simus
1684 4032 1740 4096 ad·

410 4130 524 4203 stricti,
557 4136 593 4190 ut
624 4147 683 4190 uos
718 4149 915 4192 commovere
948 4150 1154 4213 nequeamus.
1198 4125 1249 4190 62.
1279 4127 1406 4190 Sublata
1436 4127 1518 4188 enim
1547 4125 1775 4193 adsensionem

411 4241 536 4285 omnem
558 4229 591 4284 et
619 4229 740 4284 motum
762 4224 940 4285 animorum
964 4231 995 4286 et
1019 4224 1174 4286 actionem
1197 4243 1303 4286 rerum
1325 4221 1534 4284 sustulerunt:
1566 4221 1651 4303 quod
1673 4240 1738 4282 nou

412 4316 505 4378 modo
526 4323 612 4379 recte
633 4315 719 4390 fieri,
741 4316 798 4379 sed
822 4320 952 4380 omnino
973 4318 1044 4380 lieri
1067 4337 1131 4378 nou
1153 4324 1266 4399 potest.
1300 4315 1432 4377 Provide
1448 4313 1542 4376 etiam
1557 4334 1597 4376 ue
1612 4314 1666 4376 uui
1682 4313 1738 4376 tibi

411 4411 501 4473 istam
524 4410 712 4473 senteutiam
735 4409 864 4473 minime
886 4411 980 4473 liceat
1003 4406 1180 4472 defendere.
1218 4412 1266 4471 Au
1284 4416 1335 4481 tu,
1358 4429 1429 4469 cum
1444 4427 1494 4469 res
1509 4407 1738 4471 occultissimas

411 4504 572 4586 spenser-is
602 4504 634 4566 iu
666 4503 835 4587 lucemque
866 4505 1033 4588 protuleris
1068 4505 1255 4586 iuratusque
1284 4501 1403 4564 dixeris
1434 4519 1472 4563 ea
1499 4509 1530 4563 te
1557 4502 1738 4583 conperisse

476 4806 500 4854 l.
518 4804 614 4854 amulii
630 4802 661 4854 A¹
679 4830 707 4840 -
732 4804 857 4853 estimant
872 4817 897 4853 ee
913 4804 978 4853 enim
995 4802 1026 4851 V¹
1045 4828 1072 4840 —
1100 4804 1124 4853 2.
1142 4804 1227 4865 utique
1243 4803 1264 4850 V
1283 4826 1310 4838 -
1337 4799 1361 4852 l.
1380 4800 1532 4850 audebamus
1547 4796 1619 4851 A¹V¹
1637 4826 1664 4836 -
1689 4813 1739 4850 esee

410 4879 490 4929 delabi
507 4881 543 4938 C;
565 4892 615 4929 esee
636 4892 665 4927 eo
681 4878 732 4927 labi
750 4880 860 4933 Decies:
884 4892 912 4928 eo
935 4877 1015 4928 delabi
1033 4880 1093 4937 lom.
1114 4879 1170 4938 asael
1189 4878 1257 4927 coni.
1276 4876 1394 4935 Ernesti;
1416 4876 1463 4924 buc
1479 4875 1578 4925 solitum
1594 4887 1643 4924 esee
1659 4874 1739 4924 delabi

410 4954 514 5012 lambe
532 4968 583 5004 esee
598 4967 626 5002 eo
643 4954 723 5002 delabi
740 4953 814 5004 dedit
830 4956 948 5004 Goeruuz
967 4979 994 4988 —
1014 4955 1068 5003 het
1080 4954 1104 5002 7.
1123 4954 1150 5001 id
1165 4953 1207 5015 est]
1225 4953 1289 5001 idem
1305 4952 1327 5000 V
1345 4964 1414 5002 corr.
1432 4951 1459 5000 iu
1475 4950 1533 5000 dem
1551 4976 1579 4988 -
1602 4951 1626 5000 6.
1645 4956 1739 5001 certano

410 5042 460 5079 esee
476 5028 507 5079 Αι
525 5055 552 5065 -
570 5029 675 5091 empedi
691 5026 721 5078 A¹
741 5055 768 5064 -
791 5029 866 5077 eliam
889 5030 994 5078 nimium
1011 5028 1102 5078 lamb.
1123 5054 1150 5063 -
1175 5029 1214 5078 40.
1233 5027 1355 5077 inuenerit
1373 5028 1392 5076 C
1412 5053 1439 5062 -
1461 5026 1548 5086 inquid
1564 5027 1587 5075 V
1604 5052 1632 5061 -
1656 5026 1739 5075 todem

409 5103 481 5155 A¹V¹
500 5129 526 5139 -
547 5103 588 5153 ll.
606 5104 690 5153 ietaB
710 5104 735 5153 iu
753 5116 837 5166 marg.
855 5132 882 5141 -
903 5104 942 5153 lt.
961 5109 988 5153 ut
1006 5104 1065 5166 quid
1081 5103 1100 5152 B
1117 5130 1143 5139 -
1163 5102 1250 5162 inquid
1267 5102 1286 5151 C
1304 5127 1337 5138 -·
1354 5100 1393 5149 ⁴3.
1412 5104 1518 5161 utroque
1534 5099 1594 5149 cod.
1613 5097 1737 5149 Cantaba.

411 5181 438 5229 et
454 5180 517 5241 iteg.
536 5178 633 5229 Davisii
650 5178 665 5228 2
683 5191 736 5228 m.:
762 5183 896 5241 utrumque
913 5180 932 5228 C
953 5207 980 5216 -
999 5185 1034 5230 eet
1050 5180 1070 5229 A
1088 5191 1146 5243 sup.
1167 5175 1210 5235 liu.
1232 5204 1257 5213 -
1281 5177 1380 5227 coelam
1396 5177 1432 5235 A,
1450 5176 1560 5225 celamus
1575 5174 1610 5235 V,
1628 5175 1740 5225 celamur

411 5254 479 5303 eoui.
498 5251 643 5304 Guilelmus
663 5277 690 5290 -
711 5252 751 5305 tt.
768 5260 848 5316 paral
864 5257 895 5305 A¹
912 5280 938 5290 -
959 5255 1000 5304 ti.
1018 5256 1167 5304 camcodem
1184 5258 1207 5303 et
1223 5253 1296 5315 copia
1311 5264 1396 5302 rerum
1413 5252 1428 5297 l
1445 5256 1468 5300 el
1484 5248 1513 5301 u¹
1526 5278 1553 5287 -
1572 5251 1612 5300 iti.
1631 5250 1739 5299 aleuas·

411 5330 486 5379 &eae
503 5329 539 5380 C:
557 5329 726 5379 Alacandriae
745 5330 803 5379 V’O
821 5356 849 5365 -
870 5330 909 5379 ⁴9.
926 5343 972 5391 pos
988 5327 1018 5379 A¹
1032 5356 1060 5369 -
1079 5331 1119 5379 20.
1139 5342 1216 5390 quam
1234 5332 1293 5377 esset
1310 5327 1370 5376 Ε-
1390 5326 1523 5375 sedetiam
1540 5324 1571 5376 A¹
1588 5352 1615 5361 -
1634 5326 1740 5375 ilali-

411 5406 477 5466 quod
496 5404 528 5453 Vt
546 5432 574 5441 -
597 5406 638 5455 25.
657 5404 769 5454 omnbus
790 5401 912 5454 GV²rv÷
937 5406 1004 5454 muni
1027 5406 1091 5462 (ΣΕ,
1115 5403 1187 5466 quod
1208 5404 1305 5453 rectius
1329 5403 1354 5450 iu
1379 5403 1478 5451 omnino
1504 5401 1599 5463 corrigi
1624 5400 1738 5460 videtur,

412 5483 537 5543 utsupra
555 5493 580 5543 p.
595 5480 634 5538 lb,
648 5480 679 5530 33
697 5480 763 5529 omni
781 5494 829 5544 pro
847 5480 946 5529 omniew
964 5478 1042 5529 codd.
1061 5478 1174 5537 habeut;
1193 5478 1227 5527 de
1245 5476 1373 5528 sententia
1392 5476 1425 5525 ci.
1444 5475 1509 5525 iutra
1526 5489 1553 5540 p.
1571 5477 1612 5537 al,
1631 5475 1663 5528 lt
1678 5477 1740 5531 lad-

409 5554 557 5616 prabutioec
572 5554 652 5614 anmi,
669 5554 742 5603 orbat
759 5554 802 5603 ed.
816 5555 972 5615 Victoriana)
993 5581 1018 5589 -
1038 5554 1145 5601 cimerlis
1161 5552 1210 5601 AB
1229 5577 1256 5586 —
1276 5552 1317 5601 26.
1336 5553 1414 5613 aliqui
1432 5551 1518 5601 Osann
1535 5550 1610 5602 Ausi.
1629 5563 1655 5614 p.
1668 5550 1693 5602 l.
1708 5574 1737 5587 -

412 5630 537 5677 mma
553 5623 584 5677 Αί
602 5653 629 5663 -
653 5628 693 5677 aa.
713 5629 746 5677 aa
769 5630 831 5689 alep.
851 5626 895 5676 v2:
921 5630 955 5678 aa
972 5628 1037 5688 aas.
1058 5627 1102 5687 ν’,
1121 5628 1205 5688 casp.
1225 5624 1308 5684 a¹u¹‚
1332 5628 1366 5674 aa
1382 5639 1435 5688 asp.
1455 5623 1524 5677 ΑΨ
1542 5652 1568 5660 -
1587 5625 1634 5673 nie
1649 5627 1685 5687 A,
1703 5625 1740 5676 lu

412 5705 433 5752 V
455 5730 481 5740 -
504 5703 609 5752 ainau&
626 5703 646 5752 0
665 5731 693 5740 -
716 5706 812 5753 delmati
834 5707 856 5754 A
875 5730 901 5739 -
929 5704 970 5753 30.
989 5704 1148 5753 sublatentem
1165 5703 1333 5752 adseraiouem
1350 5700 1380 5751 V¹
1400 5728 1427 5739 —
1452 5702 1590 5752 meeueioue
1605 5712 1702 5750 omnen
1717 5705 1740 5750 et

411 5785 505 5829 aalma
527 5778 670 5828 animumne
691 5784 714 5828 et
733 5780 856 5828 colicam
874 5779 927 5840 (sicl
947 5792 982 5829 m.
1001 5780 1016 5827 2
1038 5780 1063 5827 in
1080 5781 1102 5828 A
1120 5780 1144 5828 in
1163 5791 1246 5841 marg.
1266 5777 1411 5828 addidit-
1435 5777 1475 5827 3⁴.
1493 5774 1652 5825 uulullemod
1668 5774 1740 5826 A¹V¹

414 5882 441 5892 -
460 5853 501 5904 ³2.
517 5855 623 5916 woerda
639 5855 674 5917 E,
694 5856 801 5917 melnae
819 5855 875 5903 vide
892 5854 960 5904 coni.
979 5854 1099 5903 Goereuz
1119 5880 1144 5890 -
1169 5852 1209 5903 it.
1227 5866 1270 5903 eae
1286 5856 1355 5903 etv.
1373 5865 1432 5916 seq.
1449 5852 1506 5902 illae
1522 5848 1628 5912 Lamb.;
1653 5850 1686 5902 al.
1704 5848 1739 5901 ad
