4342 7459
449 1195 513 1262 306
775 1200 1100 1265 TUSCULANARUM
1123 1201 1451 1268 DlSPUTATIONU'ld

448 1361 566 1444 quihus
586 1360 620 1423 iu
642 1357 840 1444 philosophia
856 1361 1036 1424 necessario
1051 1380 1231 1444 pareamus,
1254 1359 1331 1446 quid
1346 1365 1385 1427 sit
1399 1364 1433 1426 in
1449 1383 1577 1450 quaque
1591 1385 1625 1429 re
1639 1366 1779 1431 maxime

448 1457 612 1542 probabile
633 1475 759 1538 semper
779 1457 988 1538 requiremus.
1022 1455 1115 1530 Quod
1138 1475 1207 1518 oum
1223 1475 1317 1537 saepe
1332 1457 1426 1531 alias,
1449 1467 1514 1521 tum
1531 1478 1633 1542 nuper
1648 1461 1681 1523 in
1697 1462 1780 1525 Tus·

448 1552 562 1616 culano
591 1549 732 1615 studiose
759 1551 889 1632 egimus.
926 1551 1037 1633 ltaque
1060 1551 1215 1633 expositis
1238 1550 1332 1613 tridui
1357 1550 1624 1632 disputationibus
1647 1563 1779 1637 quartus

449 1644 518 1710 dies
539 1645 601 1708 hoc
622 1642 702 1709 libro
725 1643 941 1718 concluditur,
964 1651 998 1705 ut
1020 1642 1102 1706 euim
1124 1645 1158 1706 in
1180 1643 1362 1707 interiorem
1382 1645 1629 1711 ambulationem
1645 1648 1779 1713 descen·

424 1740 565 1815 ⁸dimus,
587 1739 674 1823 qnod
695 1738 870 1802 feceramus
891 1738 975 1801 idem
998 1737 1216 1819 superioribus
1238 1734 1366 1812 diebus,
1389 1748 1460 1802 acta
1481 1744 1533 1803 rei
1555 1750 1603 1804 est
1625 1743 1681 1805 sie.

533 1831 563 1896 8.
590 1835 633 1898 Μ.
656 1834 760 1917 Dicat,
788 1834 815 1895 si
842 1834 913 1916 quis
936 1832 1016 1905 volt,
1040 1832 1165 1913 quade
1188 1850 1222 1893 re
1244 1831 1398 1913 disputari
1422 1832 1506 1897 velit.
1547 1834 1585 1897 A.
1608 1837 1679 1899 Non
1701 1838 1780 1901 nihi

447 1929 571 1995 videtur
592 1927 678 1991 omni
699 1927 796 1990 animi
819 1926 1054 2009 perturbatione
1077 1944 1172 2007 posse
1193 1925 1322 2007 sapiens
1344 1945 1465 1989 vacare.
1506 1928 1549 1990 Μ.
1570 1930 1780 2012 Aegritudine

447 2022 576 2106 quidem
598 2022 746 2084 besterna
767 2018 980 2102 disputatione
1003 2018 1183 2093 videbatur,
1206 2018 1267 2082 nisi
1289 2018 1372 2082 forte
1395 2022 1545 2104 temporis
1568 2043 1663 2087 causa
1684 2025 1779 2089 uobis

446 2114 675 2180 adsentiebare.
704 2115 741 2176 A.
763 2114 893 2176 blinime
915 2133 1005 2187 vero;
1029 2133 1101 2176 nam
1124 2112 1200 2174 mihi
1223 2114 1350 2195 egregie
1372 2114 1504 2196 probata
1526 2123 1575 2179 est
1596 2118 1697 2181 oratio
1714 2127 1779 2182 tua.

410 2212 489 2277 ωΜ.
510 2213 581 2275 Non
602 2208 698 2292 igitur
719 2207 880 2271 existimas
902 2206 1015 2269 cadere
1043 2208 1075 2269 in
1098 2206 1271 2288 sapientem
1294 2206 1547 2288 aegritudinem?
1586 2209 1779 2299 AqProrsus

446 2324 511 2367 non
533 2304 679 2368 arbitror.
712 2303 754 2366 Μ.
776 2302 891 2384 Atqui,
914 2301 941 2362 si
963 2302 1024 2363 ista
1046 2299 1232 2382 perturbare
1253 2301 1391 2362 animum
1406 2303 1560 2384 sapientis
1580 2324 1645 2368 non
1662 2312 1780 2387 potest,

445 2397 533 2461 nulla
562 2396 689 2479 poterit.
741 2394 825 2469 Quid
857 2396 963 2458 enimi
1001 2402 1145 2457 metusne
1174 2391 1363 2457 conturbet?
1397 2403 1429 2457 at
1456 2415 1564 2461 earum
1594 2419 1700 2462 reru·
1730 2407 1780 2463 est

445 2491 624 2554 absemmm
661 2497 784 2563 metus,
815 2508 948 2571 quarum
981 2488 1193 2570 praesentium
1228 2496 1275 2551 est
1300 2487 1474 2570 aegritudo.
1519 2491 1648 2554 Sublata
1681 2492 1779 2575 igitur

444 2584 643 2668 aegritudine
676 2580 818 2645 sublatus
847 2591 895 2644 est
924 2590 1035 2644 metus.
1080 2585 1211 2645 Restant
1244 2581 1325 2644 duae
1357 2584 1626 2665 perturbationes,
1656 2585 1778 2649 laetitia

408 2680 584 2761 ttgestiens
615 2686 647 2740 et
676 2674 795 2738 libido:
814 2745 815 2748 Ἴ
837 2694 918 2758 quae
948 2675 973 2737 si
1008 2694 1072 2737 non
1101 2677 1214 2738 cadent
1249 2675 1282 2736 in
1308 2676 1498 2760 sapientem,
1535 2698 1659 2762 semper
1688 2700 1778 2743 mens

445 2772 505 2834 erit
526 2770 696 2855 tranquilla
725 2770 884 2851 sapientis.
934 2766 964 2830 9.
987 2769 1024 2831 A.
1048 2770 1099 2831 Sic
1129 2789 1258 2852 prorsus
1280 2768 1441 2854 intellego.
1483 2773 1526 2835 Μ.
1550 2773 1658 2836 Utrum
1680 2774 1778 2856 igitur

445 2862 564 2928 marist
594 2862 742 2927 statimne
768 2883 826 2925 nos
855 2862 925 2924 vela
953 2862 1058 2925 lacere
1087 2882 1126 2924 an
1153 2863 1245 2946 quasi
1274 2882 1291 2924 e
1323 2874 1414 2946 portu
1444 2865 1634 2947 egredientis
1664 2865 1778 2949 paulu-

443 2957 509 3020 lum
531 2959 709 3040 remigaret
742 2959 778 3019 A.
798 2956 958 3031 Quidnam
981 2964 1029 3019 est
1050 2956 1158 3019 istuc‘t
1181 2977 1243 3019 non
1266 2957 1349 3019 enim
1370 2958 1531 3041 intellego.
1568 2961 1605 3021 V.
1628 2960 1670 3023 Μ.
1694 2957 1778 3035 Quia

445 3051 641 3137 Chrysippus
675 3059 705 3115 et
738 3051 857 3124 Stoici,
891 3072 961 3113 cum
991 3052 1030 3113 de
1058 3051 1153 3113 animi
1181 3050 1471 3133 perturbationibus
1502 3052 1677 3137 disputant,
1711 3073 1777 3116 ma·

405 3153 536 3228 ”mam
563 3153 684 3228 partem
713 3144 747 3208 in
770 3144 818 3207 his
840 3143 1011 3227 partiendis
1034 3152 1066 3207 et
1088 3143 1276 3209 definiendis
1298 3146 1441 3228 occupati
1465 3154 1553 3220 sunt,
1582 3146 1636 3209 illa
1664 3167 1776 3211 eorum

442 3240 617 3323 perexigua
639 3240 741 3303 oratio
763 3247 826 3312 est,
857 3259 920 3322 qua
951 3236 1136 3301 medeantur
1165 3236 1278 3301 animis
1307 3258 1365 3301 nec
1394 3259 1449 3302 eos
1479 3240 1678 3305 turbulentos
1705 3261 1777 3306 esse

442 3334 619 3416 patiantur3
641 3330 838 3413 Peripatetici
861 3340 964 3395 autem
980 3332 1019 3393 ad
1038 3332 1210 3415 placandos
1232 3333 1354 3396 animos
1375 3334 1473 3397 multa
1486 3333 1645 3408 adierunt,
1667 3335 1776 3420 spinas

443 3428 600 3511 partiendi
625 3436 656 3491 et
678 3424 849 3489 definiendi
880 3426 1133 3509 praetermittunt
1155 3462 1195 3472 -
1218 3424 1408 3509 quaerebam
1440 3428 1538 3510 igitur
1563 3437 1667 3492 uuum
1698 3450 1776 3515 pau·
1819 3450 1826 3471 ¹

442 3523 547 3585 darem
573 3520 642 3583 vela
670 3521 822 3583 orationis
844 3517 946 3583 statim
971 3539 1012 3580 an
1039 3539 1108 3581 eam
1131 3530 1204 3583 ante
1230 3520 1393 3603 paululum
1418 3519 1651 3587 dialecticorum
1679 3523 1775 3587 remis

403 3614 661 3699 repropellcrem.
705 3614 742 3676 A.
765 3615 829 3676 Isto
860 3613 955 3676 modo
989 3632 1078 3687 vero;
1109 3614 1169 3677 erit
1195 3616 1280 3677 enim
1309 3615 1370 3678 hoc
1393 3623 1509 3691 totum,
1533 3616 1619 3699 quod
1641 3636 1774 3699 quaero,

441 3730 482 3773 ex
505 3718 640 3791 utroque
663 3706 845 3790 perlectius.
882 3701 932 3767 ll).
954 3707 997 3768 Μ.
1021 3707 1078 3768 Est
1100 3706 1132 3768 id
1155 3708 1282 3789 quidem
1299 3710 1432 3783 rectius,
1455 3710 1511 3796 sed
1526 3718 1600 3793 post
1613 3710 1772 3795 requires,

440 3804 467 3867 si
489 3802 567 3887 quid
587 3802 683 3864 luerit
705 3798 881 3864 obscurius.
914 3800 950 3862 A.
973 3800 1096 3861 Pasiam
1119 3801 1285 3883 equidem:
1308 3808 1340 3865 tu
1364 3811 1483 3877 nmen,
1506 3811 1540 3866 ut
1556 3804 1658 3878 soleS,
1684 3804 1771 3867 dices

439 3896 500 3960 ista
521 3895 588 3980 ipsa
611 3895 744 3960 obscura
766 3894 892 3977 planius
915 3913 1010 3978 quam
1033 3892 1179 3958 dicuntur
1200 3915 1218 3958 a
1240 3895 1378 3959 Graecis.
1411 3896 1453 3959 Μ.
1476 3896 1588 3959 Enitar
1613 3895 1774 3981 equidem,

440 3990 496 4054 sed
518 3991 640 4053 intento
662 4009 743 4071 opus
766 3995 814 4051 est
834 3988 955 4061 animo,
978 4008 1017 4050 uc
1040 3990 1145 4052 omnia
1167 3989 1360 4066 dilabantur,
1382 3990 1408 4053 si
1432 4011 1530 4053 unum
1545 3989 1670 4073 aliquid
1694 3991 1774 4054 eiiu-

401 4085 529 4169 sugerit.
564 4083 735 4160 Quoniam,
757 4101 840 4165 quae
855 4082 967 4145 Graeci
983 4083 1073 4158 aethe
1090 4092 1218 4156 vocant,
1241 4083 1332 4145 nobis
1349 4084 1604 4164 perturbationes
1619 4081 1774 4167 appellari

441 4180 538 4262 magis
567 4177 669 4262 placet
696 4197 791 4260 quam
818 4176 963 4249 morbos,
993 4177 1027 4238 in
1056 4176 1106 4239 his
1129 4177 1327 4259 explicandis
1349 4187 1488 4241 veterem
1510 4177 1596 4239 illam
1620 4177 1771 4258 equidem

438 4273 634 4356 Pythagorae
657 4272 808 4355 primum,
831 4272 905 4334 dein
927 4270 1064 4334 Platonis
1089 4268 1327 4354 discriptionem
1350 4291 1474 4355 sequar,
1497 4271 1552 4355 qui
1575 4271 1714 4334 animum
1738 4272 1771 4334 in

331 4409 338 4419 .
440 4365 518 4429 duas
538 4374 643 4449 partes
658 4365 813 4439 dividunt,
835 4364 965 4428 alteram
981 4364 1112 4427 rationis
1130 4365 1317 4447 participem
1333 4359 1488 4448 [faciuntl
1511 4364 1641 4429 alteram
1657 4386 1772 4448 exper-

439 4468 519 4524 tem:
541 4462 573 4524 in
597 4460 750 4544 participe
771 4459 904 4523 rationis
926 4468 1049 4540 ponunt
1069 4458 1348 4542 tranquillitatem,
1374 4457 1407 4519 id
1430 4467 1478 4520 ast
1500 4458 1656 4539 placidam
1681 4460 1772 4542 quie-

401 4561 567 4637 astumque
590 4555 815 4627 constantiam,
838 4553 872 4614 in
895 4550 948 4614 illa
971 4553 1069 4614 altera
1093 4562 1195 4614 motus
1218 4551 1360 4613 turbidos
1378 4572 1448 4614 cum
1472 4552 1538 4614 irae
1561 4562 1626 4615 tum
1646 4551 1772 4634 cupidi-

438 4649 526 4722 tatis,
560 4649 734 4711 contrarios
763 4648 973 4728 inimicosque
1002 4645 1127 4711 rationi.
1151 4641 1223 4706 ll.
1247 4645 1293 4708 Sit
1322 4646 1418 4727 igitur
1444 4643 1496 4707 hic
1521 4644 1611 4720 lons3
1646 4654 1772 4708 utamur
1813 4664 1814 4668 ’

439 4752 543 4806 wmen
570 4745 602 4805 iu
630 4742 680 4804 his
710 4741 997 4824 perturbationibus
1026 4737 1241 4801 describendis
1270 4740 1447 4801 Stoicorum
1476 4736 1715 4801 definitionibus
1738 4746 1771 4801 et

439 4837 679 4918 partitionibus,
703 4838 759 4919 qui
782 4835 859 4898 mihi
882 4834 1031 4896 videntur
1052 4834 1084 4896 iu
1108 4833 1167 4894 hac
1190 4832 1377 4915 quaestione
1400 4834 1517 4895 versari
1541 4833 1734 4896 acutissime.
1777 4883 1779 4888 ,

523 4931 575 4993 Vl.
598 4931 654 4992 Est
675 4930 771 5011 igitur
792 4928 928 4991 Zenonis
943 4928 1021 4990 baec
1036 4924 1195 5000 delinitio,
1219 4935 1254 4988 ut
1268 4927 1462 5010 perturbatio
1478 4927 1535 5000 sit,
1557 4927 1644 5010 quod
1661 4927 1767 5002 aanor

400 5025 492 5090 soille
514 5021 605 5097 dicit,
634 5042 743 5088 aversa
765 5044 784 5087 a
805 5032 889 5086 recta
911 5023 1034 5085 ratione
1058 5030 1167 5084 contra
1190 5027 1332 5083 naturam
1355 5020 1449 5083 animi
1473 5022 1654 5084 commotio.
1690 5021 1768 5098 Qui-

503 5304 527 5353 2.
545 5302 705 5364 acquiremus
721 5301 789 5351 Bate
808 5299 824 5349 l.
837 5298 854 5350 l.
874 5313 900 5363 p.
920 5300 959 5350 88.
982 5326 1008 5333 -
1028 5300 1052 5349 7.
1073 5300 1158 5354 ousoia
1174 5302 1195 5349 G
1213 5301 1240 5349 et
1256 5298 1352 5361 (deleta
1368 5297 1415 5347 litt.
1429 5300 1453 5359 a)
1472 5300 1491 5347 a
1513 5324 1539 5335 ·-
1558 5299 1582 5349 8.
1601 5302 1661 5349 soei
1678 5301 1769 5351 abrae

436 5378 533 5430 dabore
549 5377 647 5441 (priore
665 5376 679 5424 b
697 5378 837 5440 expuncta)
856 5377 889 5433 G,
908 5376 967 5423 acesi
986 5375 1144 5424 asentiabare
1162 5376 1190 5424 ru
1202 5376 1234 5434 8,
1253 5376 1313 5423 noui
1331 5373 1500 5422 assentiebare
1516 5374 1548 5422 8ἱ
1563 5400 1589 5410 -
1609 5374 1632 5424 s.
1652 5378 1769 5439 aegregie

437 5459 471 5517 G,
490 5454 622 5519 aegregiae
638 5453 657 5502 n
676 5477 702 5485 -
728 5452 767 5498 tt.
786 5449 825 5513 ot]
850 5449 909 5498 etC
931 5475 956 5485 -
983 5448 1022 5498 tl.
1042 5449 1201 5512 aegritudine
1222 5455 1245 5498 et
1267 5448 1414 5498 subtatusii
1435 5475 1462 5485 -
1483 5449 1512 5497 ⁴7
1540 5448 1667 5500 aemam.
1688 5452 1766 5500 61-

436 5532 477 5581 2⁰.
495 5531 522 5579 in
539 5530 570 5578 iis
587 5529 607 5577 0
621 5552 647 5562 -
667 5525 707 5575 tt.
720 5525 761 5573 aet
772 5525 894 5572 orationis
905 5525 925 5572 G
937 5525 980 5576 tt¹;
999 5523 1056 5573 scta
1067 5524 1174 5571 rationis
1187 5524 1215 5572 aa
1227 5549 1259 5569 ε-
1276 5524 1308 5572 tu
1330 5523 1421 5571 restire
1437 5523 1768 5589 aegosthenenses&

438 5631 465 5642 -
485 5607 526 5657 88.
544 5605 636 5667 planus
653 5598 682 5650 (ξ’
701 5627 728 5635 -
753 5599 793 5648 29.
812 5598 915 5659 aliquod
938 5601 958 5649 0
982 5624 1009 5635 -
1032 5599 1072 5648 30.
1091 5598 1201 5660 patbeC
1226 5624 1251 5633 -
1277 5598 1317 5647 32.
1337 5599 1459 5648 deindaO
1480 5624 1503 5635 -
1526 5599 1714 5660 daxriptioeem
1731 5601 1766 5649 0.

436 5678 502 5730 Vide
520 5678 554 5728 ud
571 5677 586 5740 5
603 5678 627 5727 t.
649 5699 675 5712 -
696 5674 736 5725 33.
754 5675 852 5736 [ocimu
868 5673 920 5722 det.
941 5674 1010 5722 ttake
1027 5670 1043 5721 l.
1057 5671 1074 5722 l.
1095 5687 1119 5735 p.
1133 5674 1180 5726 98;
1200 5685 1248 5722 nos
1266 5669 1433 5722 seclusimus.
1451 5698 1484 5708 —-
1501 5670 1541 5722 3l.
1558 5678 1656 5733 ponant
1673 5674 1722 5722 Gtt
1738 5696 1765 5709 -

436 5752 477 5802 38.
495 5765 552 5801 cem
568 5752 616 5802 W:
640 5754 694 5800 tum
711 5749 769 5798 CO.
795 5749 869 5797 aser.
887 5761 945 5796 cam
961 5750 1027 5806 irae,
1053 5759 1115 5796 cum
1138 5748 1163 5796 in
1187 5746 1258 5795 hunc
1276 5744 1364 5795 locum
1382 5744 1534 5810 temporalis
1552 5744 1697 5809 particulae
1714 5751 1768 5796 toas

436 5827 507 5876 notio
530 5839 582 5876 uon
605 5826 755 5874 conveniat.
780 5822 818 5873 Ct.
837 5822 871 5872 de
895 5822 990 5872 eadem
1013 5834 1043 5872 re
1059 5822 1071 5871 t
1089 5821 1104 5886 g
1121 5821 1162 5870 88.
1186 5820 1268 5870 Acud.
1287 5821 1297 5869 l
1316 5820 1331 5883 5
1349 5820 1406 5870 39.»
1423 5844 1456 5856 -
1474 5820 1514 5871 38.
1530 5820 1769 5882 participationibus

438 5898 541 5958 ldetetis
557 5898 649 5951 litteris
666 5902 730 5963 riga)
748 5900 781 5949 a.
