4342 7459
704 1243 771 1307 er.
793 1243 833 1306 11.
861 1243 935 1307 Car.
957 1242 1161 1308 avt-th.
1187 1240 1234 1327 §S
1257 1238 1446 1309 itii-tit.
1672 1241 1736 1308 1457

407 1424 507 1489 prope
530 1409 688 1467 trecentos
709 1401 778 1479 init,
800 1402 862 1467 iam
885 1410 952 1467 tum
974 1409 1174 1484 φιλιππίζειν
1188 1404 1332 1488 Pythiam
1354 1404 1488 1478 dicebat,
1508 1403 1542 1466 id
1565 1410 1623 1479 est,
1645 1406 1737 1489 qussi

409 1519 479 1562 cnm
502 1498 649 1581 Philippo
670 1496 786 1560 lacere.
827 1498 896 1560 Hoc
919 1506 1024 1561 autem
1046 1518 1085 1561 eo
1108 1499 1289 1581 spectabat,
1310 1506 1345 1562 ut
1367 1518 1435 1563 eam
1457 1519 1477 1562 a
1498 1499 1645 1582 Philippo
1668 1520 1736 1564 cor-

408 1601 533 1674 ruptam
555 1590 691 1668 diceret;
714 1612 779 1675 quo
802 1592 878 1655 licet
899 1592 1091 1656 existumare
1113 1594 1146 1655 in
1167 1593 1237 1656 aliis
1252 1612 1382 1676 quoque
1397 1593 1534 1657 oraculis
1550 1588 1735 1676 [Delphicis]

408 1685 528 1769 aliquid
553 1706 615 1748 non
637 1686 754 1749 sinceri
775 1685 885 1749 fuisse.
927 1686 990 1749 Sed
1011 1687 1120 1749 nescio
1142 1706 1207 1769 quo
1230 1686 1323 1749 modo
1345 1687 1396 1750 isti
1420 1686 1604 1770 philosophi
1626 1706 1737 1769 super-

408 1780 524 1842 stitiosi
555 1788 586 1843 et
613 1798 714 1862 paene
743 1779 870 1843 fanatici
898 1780 1024 1863 quidvis
1053 1779 1147 1843 malle
1173 1780 1322 1842 videntur
1343 1800 1438 1863 quam
1460 1799 1495 1844 se
1516 1800 1579 1844 non
1601 1781 1760 1865 ineptoss

406 1874 582 1937 Evanuisse
603 1873 750 1937 mavultis
772 1880 805 1938 et
826 1874 998 1937 extinctum
1021 1893 1091 1938 esse
1113 1873 1157 1948 id,
1180 1872 1318 1956 quodsi
1340 1894 1491 1957 nmquam
1513 1875 1636 1949 inisset,
1651 1882 1737 1939 certe

407 1976 568 2031 aeternnm
592 1974 691 2040 esset,
713 1987 807 2049 qnam
831 1987 885 2042 ea,
908 1988 990 2050 quae
1012 1988 1078 2030 non
1100 1976 1175 2031 sunt
1196 1968 1371 2044 credenda,
1393 1988 1458 2031 non
1480 1970 1620 2033 credere.

493 2064 601 2125 LVlll.
629 2056 701 2123 449.
729 2061 848 2124 Similis
870 2069 919 2125 est
939 2081 1028 2124 error
1048 2062 1081 2124 in
1105 2062 1255 2137 somniis,
1282 2082 1418 2146 quorum
1440 2064 1571 2147 quidem
1593 2063 1737 2127 defensio

408 2156 539 2240 repetita
567 2174 663 2239 quam
691 2155 785 2238 longe
808 2156 878 2219 estl
923 2156 1056 2219 Divinos
1077 2155 1202 2219 animos
1224 2165 1354 2221 censent
1375 2177 1446 2221 esse
1467 2164 1592 2221 nostros
1614 2176 1738 2241 eosque

407 2270 478 2314 esse
508 2257 624 2314 tractos
651 2250 846 2331 extrinsecus
875 2249 1118 2334 animorumque
1146 2250 1414 2315 consentientium
1441 2251 1641 2315 multitudine
1662 2267 1775 2315 eon-to

406 2345 527 2427 pletum
557 2365 626 2409 esse
648 2345 823 2419 mundnm;
853 2342 913 2406 hac
935 2344 1031 2426 igitur
1053 2344 1168 2407 mentis
1190 2352 1222 2408 et
1244 2344 1344 2427 ipsius
1366 2345 1530 2409 divinitate
1552 2353 1585 2409 et
1605 2344 1738 2409 coniun-

407 2438 513 2502 ctione
539 2458 610 2502 cum
638 2438 776 2501 externis
805 2438 962 2500 mentibus
989 2438 1076 2501 cerni
1105 2457 1187 2523 quae
1213 2439 1278 2501 sint
1298 2436 1414 2502 intura.
1459 2438 1609 2504 Contrahi
1630 2447 1736 2503 autem

407 2532 547 2596 animum
569 2534 655 2595 Zeno
683 2540 715 2595 et
743 2532 835 2614 qnasi
861 2531 924 2594 lahi
948 2537 1036 2615 putat
1059 2539 1156 2615 atque
1186 2530 1355 2596 concidere
1387 2540 1419 2598 et
1446 2534 1551 2617 ipsum
1572 2552 1643 2597 esse
1665 2532 1738 2596 do'r-

408 2626 498 2689 mire.
544 2626 609 2690 lem
631 2625 825 2709 Pythagoram
847 2633 880 2688 et
900 2625 1004 2700 Plato,
1030 2624 1272 2718 locupletissimi
1293 2634 1453 2702 auctores,
1476 2647 1541 2710 quo
1562 2626 1596 2690 in
1617 2627 1738 2692 somnis

408 2719 542 2783 certiora
563 2719 744 2793 videamus,
773 2726 977 2801 praeparatos
1007 2717 1146 2801 quodam
1173 2718 1260 2783 cultu
1286 2727 1384 2805 etque
1409 2721 1495 2784 victu
1515 2719 1675 2804 proficisci
1696 2720 1776 2784 adso

408 2812 627 2878 dormiendum
656 2814 787 2889 iuhent;
820 2812 892 2876 iaha
923 2811 1052 2896 quidem
1081 2813 1269 2895 Pythagorei
1298 2815 1409 2897 utique
1437 2814 1614 2890 abstinere,
1644 2815 1738 2900 qussi

408 2927 483 2970 vero
512 2927 551 2971 eo
581 2907 652 2989 cibo
680 2927 791 2981 mens,
821 2925 886 2969 non
913 2914 1023 2970 venter
1049 2906 1188 2969 intletur.
1239 2907 1304 2971 Sed
1324 2908 1434 2972 neseio
1457 2928 1522 2992 quo
1542 2908 1637 2973 modo
1659 2909 1739 2974 nihil

408 3008 471 3064 hm
500 3001 637 3065 absurde
665 3001 729 3066 dici
759 3008 883 3083 potest,
913 2998 1000 3084 qnod
1028 3019 1093 3063 non
1121 3000 1244 3064 dicatur
1269 3001 1309 3064 ah
1331 3000 1440 3084 aliquo
1462 3001 1739 3085 philosophorum.

408 3090 480 3158 tio.
502 3096 612 3159 Utrum
634 3095 731 3179 igitur
753 3114 920 3158 censemus
942 3094 1164 3157 dormientium
1186 3094 1310 3158 animos
1332 3115 1389 3179 per
1411 3114 1489 3159 sene
1503 3095 1592 3177 ipsos
1605 3095 1638 3158 in
1655 3115 1738 3159 som·
1848 3133 1851 3140 -

407 3187 524 3253 niando
547 3189 683 3264 moveri,
705 3208 763 3265 an,
786 3199 822 3252 ut
843 3190 1040 3252 Democritus
1061 3195 1185 3262 censet,
1208 3197 1341 3252 externa
1362 3196 1395 3252 et
1414 3188 1594 3254 adventicia
1614 3190 1775 3257 risionett

408 3281 553 3363 pulsarit
576 3284 649 3348 Sive
672 3284 756 3347 enim
778 3284 823 3347 sic
846 3291 895 3346 est
915 3284 983 3346 sive
1007 3282 1062 3346 illo
1084 3282 1189 3356 modo,
1210 3282 1311 3345 videri
1333 3289 1467 3365 possunt
1481 3274 1638 3365 permulta
1652 3302 1738 3346 som·

407 3375 570 3440 nisntihus
591 3376 671 3441 laisa
692 3397 750 3461 pro
771 3378 865 3442 veris.
894 3378 973 3439 Nam
995 3385 1028 3439 et
1048 3375 1271 3459 navigantibus
1287 3377 1406 3440 moveri
1424 3375 1573 3440 videntur
1586 3395 1639 3452 ea,
1655 3396 1738 3460 ques

408 3475 510 3543 stant,
534 3477 564 3532 et
586 3470 724 3553 quodam
747 3472 860 3534 obtutu
883 3470 1045 3533 oculorum
1070 3469 1135 3533 duo
1157 3488 1216 3552 pro
1237 3489 1303 3532 nno
1324 3470 1472 3535 lucernae
1495 3469 1629 3533 lumina:
1657 3469 1738 3555 quid

409 3560 511 3626 dicam
534 3562 670 3639 insanis,
698 3566 776 3648 quid
799 3564 897 3628 ebriis
920 3582 1016 3647 qnam
1039 3563 1137 3627 multa
1158 3561 1239 3627 falsa
1261 3562 1460 3628 unaucurt
1497 3562 1592 3639 Quod
1620 3564 1647 3628 si
1668 3564 1738 3627 eius

409 3654 495 3718 modi
517 3656 594 3720 visis
616 3658 809 3721 credendum
831 3678 895 3721 uon
917 3665 983 3732 est,
1012 3678 1071 3722 cur
1092 3657 1222 3721 somniis
1244 3658 1392 3722 credetur
1411 3658 1530 3722 nescio.
1573 3661 1652 3723 Nam
1673 3669 1775 3729 tames

409 3749 484 3814 licet
505 3749 545 3814 de
565 3751 617 3815 his
639 3752 810 3826 erroribus,
832 3753 860 3816 si
881 3752 970 3827 velis,
993 3771 1088 3835 quam
1112 3749 1153 3813 de
1175 3753 1306 3816 somniis
1328 3752 1501 3837 disputare,
1525 3760 1559 3817 ut
1578 3773 1633 3830 ea,
1655 3771 1737 3837 quae

408 3852 502 3918 stant,
525 3845 552 3908 si
574 3846 695 3909 moveri
717 3845 897 3921 rideantur,
920 3853 1159 3910 terraemotum
1174 3843 1354 3929 significare
1369 3846 1457 3912 dicas
1471 3855 1526 3911 ant
1539 3847 1737 3930 repentinam

408 3937 547 4021 aliquam
575 3939 702 4021 lugam,
735 3941 861 4022 gemino
887 3950 994 4004 autem
1020 3941 1170 4005 lucernae
1190 3939 1310 4005 lumine
1333 3940 1484 4007 declarari
1507 3939 1738 4005 dissensionem

408 4050 445 4094 ac
466 4032 656 4096 seditionem
677 4035 808 4099 moveri.
841 4090 845 4098 .
1061 4103 1069 4121 ,

494 4127 573 4189 nix.
598 4122 669 4189 421.
694 4130 757 4190 lam
781 4149 822 4191 ex
844 4130 1025 4191 insanorum
1048 4136 1101 4192 aut
1122 4128 1283 4193 ebriorum
1307 4129 1381 4193 visis
1403 4128 1647 4192 innumerabilia
1661 4148 1776 4196 con-ao

408 4219 531 4282 iectura
553 4220 633 4283 trahi
657 4231 809 4304 possunt,
832 4241 915 4306 quae
937 4221 1042 4285 lutura
1062 4222 1231 4286 videantur
1242 4267 1338 4284 .....
1383 4221 1462 4297 Quis
1484 4230 1532 4286 est
1553 4224 1655 4298 enim,
1682 4223 1738 4306 qui

408 4321 508 4377 totum
530 4314 615 4376 diem
637 4316 778 4379 iaculans
805 4336 868 4379 non
890 4316 1061 4398 aliqnando
1083 4315 1260 4378 conliniet?
1304 4317 1398 4380 Totas
1419 4322 1532 4380 noctes
1554 4317 1738 4390 dormimus,

409 4426 514 4489 neque
537 4408 602 4471 uile
623 4416 672 4471 est
693 4409 776 4484 iere,
793 4430 857 4492 qua
871 4430 935 4473 non
951 4410 1164 4484 somniemus;
1186 4416 1220 4472 et
1236 4410 1388 4473 miramur
1401 4409 1574 4493 aliqnando
1590 4410 1637 4484 id,
1652 4408 1740 4495 quod

410 4500 650 4577 somniarimus,
676 4503 834 4567 eraderet
878 4503 964 4579 Quid
992 4511 1041 4567 est
1069 4512 1135 4567 tam
1161 4503 1317 4566 incertum
1339 4524 1435 4588 quam
1457 4502 1591 4569 tuorum
1612 4505 1738 4569 iactust

475 4757 499 4805 1.
518 4767 563 4806 ccc
579 4755 620 4805 DO
640 4783 665 4791 -
684 4757 805 4820 filippisius
821 4758 875 4817 AV,
890 4757 1058 4820 pliliptrinli
1078 4786 1104 4794 -
1124 4760 1148 4810 t.
1163 4773 1180 4809 c
1196 4759 1335 4809 0111111-
1355 4757 1380 4809 3.
1399 4772 1448 4822 pso
1464 4758 1543 4809 h²D²z
1562 4758 1628 4819 quod
1644 4756 1739 4808 A¹B¹V

412 4856 438 4868 —
458 4833 550 4882 oraclis
567 4832 613 4882 DV
642 4858 668 4867 —
697 4834 821 4895 Delphicis
837 4834 988 4885 eiciendum
1006 4846 1067 4885 esse
1085 4836 1179 4885 censet
1196 4832 1341 4898 Madvigius
1361 4860 1387 4870 -
1415 4836 1439 4885 1.
1458 4846 1484 4884 se
1499 4835 1543 4885 a2:
1563 4836 1585 4885 si
1602 4832 1687 4884 Dav
1710 4858 1736 4872 -

409 4906 434 4957 4.
452 4907 601 4957 monem
619 4907 664 4957 Do
682 4933 709 4944 -
733 4908 757 4957 7.
777 4922 842 4971 puae
858 4922 911 4960 om.
925 4908 956 4959 11ι
974 4934 1002 4945 -
1022 4911 1062 4959 11.
1082 4910 1185 4960 inm
1207 4937 1233 4947 -
1257 4914 1283 4960 et
1298 4909 1376 4961 deest
1391 4911 1418 4961 in
1434 4912 1470 4971 Α,
1487 4910 1537 4961 scd
1553 4911 1631 4962 adest
1646 4921 1739 4961 rasura

412 5007 438 5017 -
453 4981 493 5032 13.
506 4982 587 5044 ipsum
599 4983 634 5033 C:
652 4984 679 5032 id
689 4984 771 5045 ipsam
786 4984 899 5035 Schuetz
911 4986 939 5034 et
950 4985 983 5041 0;
1002 4983 1036 5034 cl.
1050 4985 1138 5035 varias
1155 4982 1284 5036 lectiones
1301 4983 1335 5035 ad
1352 4983 1487 5046 11101-
1507 4982 1546 5035 tl.
1560 4984 1661 5035 somniis
1672 4981 1737 5034 13¹-

410 5056 450 5106 to.
460 5057 657 5121 ppthcporceiii
673 5084 698 5093 —
718 5058 860 5110 assensere
876 5058 1030 5120 Lambinus,
1049 5062 1141 5109 contra
1157 5072 1239 5123 quem
1258 5060 1297 5111 sic
1309 5058 1420 5112 Orellius
1437 5058 1568 5125 disputat:
1588 5058 1639 5110 sed
1650 5071 1739 5124 neque

409 5133 557 5195 perlectum
576 5134 663 5197 ipsum
682 5132 768 5199 placet
785 5148 833 5200 pro
852 5135 986 5199 praesenti
1003 5134 1139 5194 abstinent,
1158 5134 1230 5196 quod
1250 5133 1356 5185 volebat
1374 5135 1503 5195 Davisius,
1521 5137 1548 5185 et
1564 5134 1636 5199 quod
1654 5133 1740 5184 maius

409 5212 459 5269 est,
477 5209 527 5259 iata
546 5208 628 5259 torma
647 5208 757 5272 perlecti
775 5211 800 5259 in
818 5223 859 5259 cre
875 5210 925 5260 nisi
943 5211 969 5259 in
987 5209 1118 5273 corruptis
1136 5207 1199 5259 locis
1217 5210 1288 5274 apud
1301 5210 1458 5260 Ciceronem
1476 5222 1529 5259 non
1542 5210 1685 5273 repositum
1705 5206 1739 5257 cl.

409 5282 547 5334 Oratorem
565 5283 649 5345 9157.
668 5283 795 5334 addenda
814 5283 848 5335 ad
866 5283 923 5334 Vol.
937 5285 969 5334 lv
986 5286 1014 5335 P.
1028 5286 1038 5335 1
1056 5297 1081 5348 p.
1093 5284 1159 5340 aim
1186 5286 1285 5336 rectius
1300 5286 1340 5337 sic
1357 5298 1387 5336 se
1404 5284 1487 5335 habet
1503 5286 1582 5335 etiam
1600 5298 1626 5335 v.
1638 5285 1739 5347 stipes:

409 5359 576 5422 Pythagorei,
594 5362 616 5410 si
635 5371 687 5409 non
705 5363 876 5425 praeparatos
893 5360 1011 5423 quodam
1028 5359 1100 5409 cultu
1116 5363 1196 5422 atque
1209 5362 1279 5411 victu
1291 5360 1422 5424 proticisci
1432 5359 1468 5411 ad
1478 5357 1666 5410 dormiendum
1677 5372 1740 5411 suos

410 5432 555 5499 discipulos
573 5435 680 5495 iubent,
699 5435 759 5485 isba
777 5434 871 5486 saltem
889 5435 1023 5487 abstinere
1043 5435 1144 5486 iubent.
1165 5461 1193 5473 -
1218 5435 1257 5486 ll.
1275 5435 1337 5497 cpio
1353 5438 1374 5486 Α
1391 5462 1423 5474 -
1441 5436 1481 5485 ts.
1498 5439 1573 5484 mma
1587 5435 1654 5496 ipses
1669 5434 1740 5485 ilar·

410 5521 506 5560 sus-
536 5510 1092 5563 20.eeom.a¹-st.srsntsimoeers
1113 5508 1209 5573 vulgo:
1235 5509 1739 5569 animumanimumum&

411 5581 470 5633 iorl.
488 5590 564 5646 sicut,
582 5586 676 5634 moveri
693 5586 714 5635 si
730 5586 864 5636 mentor
881 5610 908 5621 -
928 5585 969 5636 30.
987 5599 1022 5637 ιω
1038 5588 1187 5635 iasonem
1204 5585 1230 5635 in
1247 5598 1299 5636 ras.
1314 5591 1334 5635 Α
1349 5611 1375 5622 -
1395 5585 1435 5635 31.
1449 5585 1652 5648 postvidsootsr
1665 5583 1741 5636 lacu-

412 5671 473 5709 nam
491 5660 679 5719 indicavimus,
702 5672 783 5723 quam
806 5660 857 5709 hoc
878 5658 959 5711 modo
977 5659 1120 5710 commode
1138 5657 1262 5725 expleas:
1290 5661 1351 5723 peis
1366 5661 1444 5723 tptssr
1458 5660 1553 5709 usim
1568 5665 1615 5721 est,
1637 5662 1659 5711 si
1675 5673 1742 5725 pose

411 5734 590 5785 wmricnuius
605 5748 668 5785 ocra
683 5735 834 5784 mutor?
856 5734 956 5785 etenim
978 5747 1047 5798 quae
1070 5736 1221 5799 sequuntur
1241 5748 1295 5786 non
1316 5733 1351 5785 ad
1372 5734 1509 5785 ebriorum
1529 5730 1571 5784 vel
1587 5733 1741 5788 insanorum

412 5810 482 5870 sisa,
501 5809 550 5861 sed
566 5811 600 5860 ed
617 5812 721 5862 somnia
739 5809 880 5861 reterenda
896 5812 960 5862 snnt
979 5837 1006 5847 -
1028 5811 1069 5861 31.
1088 5811 1204 5861 misses
1220 5810 1254 5862 C:
1277 5811 1391 5861 conliniet
1407 5807 1527 5871 Erlang„
1542 5808 1654 5860 σο111ιιιι1
1670 5810 1691 5860 0
1706 5836 1741 5848 -

412 5885 549 5937 minsa
566 5887 683 5937 ituretus
699 5886 760 5936 Ver.
779 5886 862 5937 tecta
882 5884 928 5943 Vl.
947 5886 996 5937 ta:
1019 5888 1174 5938 micatus
1190 5886 1235 5939 CO
1254 5912 1281 5923 -
1304 5884 1345 5939 aa.
1362 5886 1512 5937 semim
1527 5883 1661 5938 Muretus:
1680 5884 1742 5935 dos*

412 5960 521 6010 nim
537 5960 579 6012 CO
597 5987 624 5998 -
643 5961 684 6015 31.
701 5962 883 6015 emnium
897 5957 937 6012 D¹.
