4342 7459
449 1243 512 1310 548
944 1241 998 1305 ms
1019 1242 1286 1309 DIVINATIONE

450 1407 662 1471 Clitomachus
683 1406 795 1471 scribit
815 1405 920 1469 dicere
943 1406 1071 1470 solitum
1095 1424 1254 1489 nusquam
1269 1426 1303 1468 se
1318 1402 1560 1467 fortunatiorem
1576 1423 1674 1489 quam
1687 1406 1781 1472 Prae·

449 1510 538 1565 noste
560 1500 679 1565 vidisse
701 1502 883 1564 Fortunam.
927 1503 1010 1583 Ergo
1031 1500 1093 1563 hoc
1116 1498 1319 1562 divinationis
1341 1515 1442 1579 genus
1465 1497 1658 1562 omittamus.

534 1595 631 1658 XLII.
664 1594 713 1659 Ad
745 1594 975 1659 Chaldaeorum
1008 1603 1148 1657 monstra
1181 1593 1365 1665 veniamus,
1400 1590 1440 1654 ds
1470 1590 1587 1674 quibus
1615 1592 1781 1669 Eudoxus,

448 1690 587 1754 Platonis
616 1686 764 1763 auditor,
797 1690 831 1752 in
859 1689 1028 1771 astrologia
1054 1687 1173 1751 iudicio
1203 1686 1459 1749 doctissimorum
1488 1685 1654 1750 hominum
1686 1686 1779 1756 facile

424 1785 615 1867 spriuceps,
642 1782 686 1846 sic
709 1782 874 1866 opinatur,
896 1780 930 1845 id
952 1782 1038 1865 quod
1061 1782 1213 1866 scriptum
1236 1781 1387 1865 reliquit:
1423 1780 1610 1845 «Chaldaeis
1631 1782 1665 1845 in
1687 1802 1780 1865 prae·

447 1876 586 1942 dictione
612 1884 644 1939 et
671 1877 703 1939 in
731 1877 894 1940 notatione
924 1878 1078 1959 cuiusque
1102 1877 1186 1939 vitae
1208 1895 1249 1939 ex
1272 1874 1369 1939 natali
1391 1874 1444 1937 die
1466 1875 1597 1939 minime
1619 1896 1690 1941 essa
1713 1898 1780 1942 cre·

447 1970 614 2036 dandum.»
659 1967 711 2032 88.
739 1971 889 2034 Nominat
911 1970 1005 2034 etiam
1028 1972 1214 2044 Panaetius,
1243 1971 1299 2054 qui
1320 1990 1404 2032 unus
1426 1989 1444 2032 e
1467 1969 1582 2034 Stoicis
1603 1972 1779 2055 astrologo-

445 2085 515 2130 rum
545 2064 705 2148 praedicta
731 2066 861 2141 reiecit,
895 2064 1083 2128 Anchialum
1111 2074 1143 2128 et
1174 2063 1406 2139 Cassandrum,
1438 2083 1579 2128 summos
1601 2064 1778 2149 astrologos

444 2160 531 2224 illius
552 2160 675 2233 aetatis,
697 2180 760 2243 qua
781 2168 849 2222 erat
868 2161 949 2242 ipse,
971 2180 1043 2222 cum
1066 2159 1098 2221 in
1123 2158 1237 2222 ceteris
1259 2158 1452 2241 astrologiae
1474 2158 1616 2241 partibus
1639 2158 1777 2223 excelle·

407 2261 529 2327 somni,
552 2254 613 2317 hoc
628 2251 853 2337 praedictionis
867 2273 984 2336 genere
1006 2272 1068 2316 non
1091 2272 1177 2316 usos.
1212 2251 1327 2335 Scylax
1341 2252 1592 2334 Halicarnasius,
1614 2252 1778 2318 familiaris

443 2346 604 2422 Panaetii,
626 2346 788 2411 excellens
815 2348 847 2409 in
870 2347 1039 2429 astrologia
1069 2346 1220 2430 idemque
1243 2348 1275 2410 in
1299 2345 1437 2428 regenda
1458 2366 1515 2410 sua
1537 2345 1666 2409 civitate
1689 2347 1776 2429 prin·

437 2460 529 2524 ceps,
552 2449 653 2507 tatum
673 2440 734 2504 hoc
751 2438 975 2505 Chaldasicum
998 2439 1200 2522 praedicendi
1223 2460 1323 2523 genus
1344 2438 1534 2525 repudiavit.
1578 2436 1629 2500 89.
1654 2439 1717 2502 Sed
1741 2445 1776 2502 ut

436 2536 564 2610 ratione
586 2543 712 2599 utamur
731 2533 856 2597 omissis
878 2534 1026 2609 testibus,
1049 2534 1096 2598 sic
1110 2534 1164 2597 isti
1179 2532 1351 2618 disputant,
1375 2533 1431 2616 qui
1450 2532 1529 2597 haec
1545 2531 1777 2599 Chaldaeorum

441 2629 589 2696 natalicia
611 2627 768 2711 praedicta
791 2626 975 2691 defendunt.
1015 2627 1087 2691 Vim
1103 2626 1263 2710 quandam
1278 2648 1349 2691 esse
1364 2627 1455 2690 aiunt
1469 2624 1619 2711 signifero
1639 2629 1672 2691 in
1688 2628 1776 2698 orhe,

404 2722 498 2810 siqui
520 2723 640 2787 Graece
662 2719 819 2800 ζωδιακὸς
841 2720 971 2795 dicitur,
995 2722 1104 2795 talem,
1128 2730 1163 2785 ut
1184 2722 1253 2785 eius
1275 2722 1361 2785 orbis
1384 2741 1595 2807 unaquaeque
1618 2742 1690 2807 pars
1712 2723 1777 2788 alia

440 2819 506 2883 alio
529 2817 623 2884 modo
646 2822 772 2880 moveat
793 2816 991 2898 inmutetque
1013 2816 1153 2890 caelum,
1175 2815 1308 2899 perinde
1331 2823 1367 2880 ut
1384 2836 1532 2900 quaeque
1547 2817 1659 2883 stellae
1674 2818 1708 2881 iu
1722 2818 1775 2882 his

439 2911 659 2996 finitumisque
682 2909 822 2993 partibus
845 2912 908 2973 sini
930 2930 1060 2994 quoquc
1084 2918 1248 2991 tempore,
1270 2930 1404 2994 eamque
1420 2910 1484 2974 vim
1500 2911 1585 2975 varie
1600 2912 1721 2975 moveri
1734 2912 1776 2975 ah

440 3006 481 3071 iis
502 3005 669 3079 sideribus,
692 3022 775 3088 quae
799 3012 953 3067 vocentur
975 3005 1135 3068 errantia:
1157 3021 1228 3064 cum
1250 3011 1357 3067 autem
1379 3004 1412 3066 in
1435 3024 1505 3068 eam
1528 3004 1630 3088 ipsam
1652 3013 1775 3090 partem

437 3101 526 3166 arhis
550 3098 708 3173 venerint,
737 3097 771 3160 in
794 3116 858 3181 qua
881 3091 922 3160 sil
943 3106 1030 3160 ortus
1052 3098 1140 3172 eius,
1170 3098 1226 3181 qui
1247 3107 1415 3174 nascatur,
1445 3100 1553 3163 autin
1576 3119 1662 3176 eam,
1691 3120 1775 3184 quae

402 3197 643 3260 ”coniunctum
669 3190 791 3276 aliquid
817 3192 913 3255 hahet
935 3199 989 3255 aut
1010 3194 1229 3266 consentiens,
1257 3213 1295 3256 ea
1317 3193 1475 3276 triangula
1497 3193 1543 3256 illi
1567 3203 1598 3257 et
1619 3193 1774 3279 quadrata

438 3290 613 3355 nominant
656 3288 781 3352 Etenim
811 3307 883 3350 cum
912 3295 1090 3368 temporum
1118 3287 1192 3349 anni
1223 3294 1511 3371 tempestatumque
1533 3288 1612 3351 caeli
1640 3309 1772 3354 conver·

439 3385 545 3450 aiones
567 3380 895 3463 commutationesque
919 3389 1024 3443 tantae
1046 3380 1126 3443 liant
1147 3401 1277 3446 accessu
1299 3382 1460 3447 stellarum
1477 3391 1509 3448 et
1525 3404 1670 3459 recessu,
1685 3405 1774 3448 cum·

323 3463 329 3478 ’
440 3497 505 3562 que
525 3496 563 3540 ea
585 3477 616 3539 vi
637 3475 714 3538 solis
735 3471 930 3549 efficiantur,
962 3494 1044 3558 quae
1065 3475 1226 3550 videmus,
1256 3496 1322 3540 nan
1345 3479 1411 3540 veri
1433 3478 1537 3541 simile
1559 3478 1680 3553 solum,
1713 3476 1772 3543 sed

439 3571 535 3636 etiam
558 3589 666 3633 verum
688 3587 758 3630 esse
781 3577 911 3630 censent
933 3568 1074 3651 perinde,
1097 3576 1267 3653 utcumque
1288 3579 1479 3655 temperatus
1494 3572 1536 3635 sit
1551 3591 1615 3648 aer,
1630 3573 1675 3636 ita
1692 3593 1771 3656 pue-

398 3674 492 3728 -mros
514 3662 644 3727 amentis
666 3659 800 3722 animari
821 3667 918 3744 atque
939 3658 1088 3735 formari,
1114 3682 1155 3725 ex
1178 3683 1282 3747 eoque
1304 3666 1446 3748 ingenia,
1476 3685 1597 3740 mores,
1619 3666 1771 3740 animum,

438 3776 571 3842 corpus,
592 3754 752 3818 actionem
775 3754 875 3828 vitae,
897 3773 988 3816 casus
1012 3756 1170 3840 cuiusque
1193 3767 1390 3842 eventusque
1412 3758 1500 3842 fingi.

523 3849 634 3914 xLln.
656 3844 709 3908 90.
732 3845 758 3909 0
782 3846 1002 3911 delirationem
1024 3848 1261 3914 incredihiIcml
1286 3874 1350 3916 non
1370 3854 1453 3915 enim
1469 3854 1572 3917 omnis
1589 3871 1677 3918 error
1691 3852 1771 3916 siul-

438 3943 508 4008 titia
537 3941 673 4007 dicenda
700 3949 758 4006 est.
802 3941 926 4018 Quibus
954 3943 1046 4006 ctiam
1069 3944 1228 4026 Diogenes
1251 3946 1376 4010 Stoicus
1398 3947 1544 4011 concedit
1565 3944 1704 4030 aliquid,
1735 3951 1771 4010 ut

438 4035 621 4122 praedicere
643 4035 767 4116 possint
790 4035 864 4100 dum
879 4044 975 4109 taxat,
998 4037 1085 4120 quali
1109 4038 1245 4121 quisquo
1268 4050 1379 4104 natura
1402 4049 1434 4103 et
1455 4040 1495 4102 ad
1518 4060 1611 4124 quam
1631 4040 1769 4126 quisque

400 4143 586 4196 somaxume
616 4151 682 4194 rem
709 4140 803 4214 aptus
833 4132 958 4196 iuturus
988 4135 1037 4198 sit.
1083 4134 1195 4197 Cetera
1222 4154 1304 4218 quae
1333 4132 1559 4217 profiteantur,
1588 4142 1682 4215 negat
1703 4134 1768 4197 ullo

438 4228 534 4292 modo
563 4244 657 4311 posse
680 4227 773 4302 sciri;
805 4228 921 4290 etenim
942 4227 1138 4308 geminorum
1161 4227 1278 4291 Iormas
1302 4249 1371 4292 esse
1393 4229 1523 4304 similis,
1552 4229 1648 4292 vitam
1671 4234 1769 4310 atque

436 4537 555 4600 ipsarum
579 4534 699 4598 exempla
723 4533 806 4584 habes
831 4533 894 4585 ibid.
914 4536 942 4584 N.
957 4534 1030 4585 tiss.
1073 4538 1110 4586 lle
1133 4536 1305 4587 Praenestina
1328 4539 1355 4585 et
1377 4536 1473 4585 Antisti
1495 4533 1664 4597 intelligenda
1687 4535 1769 4585 etiam

436 4613 521 4661 0444444
534 4610 592 4660 Urbi
609 4610 728 4671 oracula,
747 4611 820 4660 Suet.
833 4610 889 4661 Tib.
909 4623 932 4659 c.
946 4611 993 4660 63·
1012 4609 1124 4662 Orellius
1149 4637 1173 4645 -
1200 4610 1446 4673 solumsolurn
1471 4637 1494 4648 -
1523 4612 1547 4660 2.
1566 4624 1624 4674 ergo
1640 4610 1686 4659 hac
1702 4610 1769 4659 dini·

436 4687 546 4737 nationis
562 4688 588 4735 in
602 4698 685 4747 marg.
698 4683 809 4734 hahetB
830 4710 856 4719 -
875 4699 921 4749 epo
939 4680 968 4734 A¹
987 4711 1013 4721 -
1034 4687 1058 4737 3.
1077 4686 1254 4736 aclraldeorum
1272 4684 1300 4736 1³¹
1321 4714 1346 4722 -
1365 4684 1509 4736 mortrui.¹
1523 4712 1549 4721 -
1567 4685 1679 4734 canimus
1696 4679 1765 4734 13¹-

436 4762 461 4812 0.
479 4762 586 4823 reliquid
602 4761 727 4810 cahldaels
743 4763 764 4811 Α
783 4786 809 4796 -
829 4761 853 4810 6.
872 4766 897 4811 et
913 4763 1073 4813 innouatione
1090 4767 1111 4814 Α
1129 4789 1155 4798 -
1175 4763 1262 4812 natale
1273 4763 1303 4811 A'
1318 4788 1343 4797 -
1363 4761 1387 4811 8.
1406 4759 1551 4809 anchialum
1568 4760 1601 4809 C:
1620 4759 1768 4809 Archelaum

436 4836 539 4886 Uersus
556 4835 576 4884 0
595 4860 621 4870 ·—
642 4838 681 4885 40.
700 4837 798 4885 millae
815 4837 843 4894 B,
862 4838 940 4897 aglaa
955 4836 977 4884 V
997 4864 1023 4873 -
1042 4840 1228 4888 halicarnaslus
1243 4836 1296 4886 AV:
1317 4837 1498 4886 alicamasslus
1514 4838 1542 4895 Β,
1561 4835 1768 4885 Halicarnasseus

436 4909 456 4959 0
476 4933 503 4945 -
523 4910 563 4958 li.
580 4910 676 4960 chaldei
692 4924 749 4960 cum
767 4910 818 4969 BV,
837 4910 886 4960 sed
903 4925 960 4960 cum
978 4913 1002 4961 in
1021 4926 1073 4962 ras.
1089 4914 1113 4962 in
1128 4914 1154 4974 Β,
1173 4913 1330 4962 chaldaicum
1345 4911 1404 4967 AO,
1423 4911 1471 4961 sed
1489 4913 1530 4959 alc
1547 4912 1572 4961 iu
1586 4925 1638 4961 ras.
1653 4909 1714 4960 hab.
1728 4912 1764 4966 A:

435 4984 514 5037 tuci.
534 4985 677 5048 41508-
704 4985 742 5034 43.
762 4986 845 5034 omnis
862 4984 933 5035 li¹-
960 4984 998 5035 44.
1018 4988 1137 5036 natalitia
1154 4988 1175 5035 V
1195 5015 1221 5023 -
1248 4987 1288 5034 ⁴5.
1306 4985 1422 5034 zodiacos
1439 4986 1490 5044 BV,
1509 4986 1671 5046 sodiazush,
1690 4986 1767 5046 sedg

435 5060 461 5110 in
479 5072 531 5110 ras.
554 5086 580 5095 —
603 5061 657 5109 alia
673 5061 728 5109 alla
744 5061 854 5110 mcch
880 5088 907 5097 -
933 5061 972 5110 lli.
992 5061 1051 5111 lort.
1070 5062 1176 5121 caelum,
1194 5073 1297 5122 eamque
1313 5062 1365 5108 cim
1382 5060 1453 5109 varie
1469 5062 1564 5111 moveri
1580 5060 1612 5109 ab
1627 5061 1659 5110 iis
1674 5062 1765 5110 sideri-

434 5134 492 5196 hus,
510 5147 576 5199 quae
593 5141 712 5184 nocentur
727 5136 850 5194 errantia,
866 5136 971 5197 proinde
988 5140 1016 5184 ut
1032 5149 1146 5198 quaeque
1161 5136 1244 5185 stellae
1261 5142 1321 5194 etc.‚·
1344 5135 1377 5186 cl.
1396 5138 1504 5185 Sestum
1523 5136 1685 5199 Empiricum
1702 5135 1763 5185 adv.

434 5209 580 5274 astrologos
603 5210 636 5274 §S
653 5210 685 5258 20
703 5212 730 5259 et
746 5210 792 5270 30,
817 5223 979 5273 quamquam
1003 5211 1111 5260 omnino
1137 5211 1224 5259 minus
1241 5215 1366 5259 accurate
1385 5211 1478 5260 Cicero
1496 5210 1690 5261 Chaldaeorum
1707 5209 1766 5275 pln-

434 5287 485 5335 cila
502 5282 660 5349 explicuisse
678 5284 783 5335 videtur
806 5312 833 5321 -
860 5286 898 5334 ln's
915 5288 946 5335 C:
965 5285 1032 5334 iis0
1059 5308 1085 5319 -
1113 5285 1151 5333 li.
1169 5284 1393 5347 ttnilumlsisqueh
1413 5313 1439 5321 -
1463 5286 1504 5335 48.
1522 5287 1553 5335 iis
1571 5285 1612 5335 V²:
1631 5289 1652 5337 is
1671 5288 1710 5346 V¹,
1728 5286 1766 5335 nis

433 5361 475 5411 ΑΒ
495 5387 522 5397 -
540 5365 664 5409 uocantur
681 5361 783 5411 hlarsus
800 5361 820 5410 0
837 5388 870 5397 -
888 5361 927 5411 40.
947 5375 997 5422 qua
1014 5362 1173 5410 coniunctum
1189 5360 1281 5423 aliquit
1297 5360 1385 5410 habent
1401 5361 1431 5410 44ι
1445 5386 1471 5395 -
1491 5361 1532 5410 20.
1550 5362 1673 5425 trianguli
1689 5361 1720 5409 V¹
1735 5388 1762 5397 -

432 5435 474 5485 il.
492 5435 624 5484 nominant
641 5437 760 5485 Marsus:
779 5437 941 5485 nominentC
965 5460 992 5470 -
1016 5436 1122 5484 Etcum
1139 5435 1326 5498 llottiugerus;
1353 5442 1381 5486 tu
1399 5436 1459 5486 vide
1478 5437 1637 5500 Madvigium
1655 5437 1689 5486 ad
1707 5438 1762 5487 Cic.

433 5510 467 5561 de
486 5512 548 5561 flnn.
568 5512 624 5575 p.8
647 5538 671 5546 -
702 5519 840 5574 ternporum
866 5513 1049 5574 llottingerus:
1077 5516 1188 5573 tempore
1209 5512 1246 5570 C,
1272 5514 1335 5565 caeli
1354 5514 1525 5562 encomiastes
1544 5517 1765 5574 tempestatumque

432 5587 635 5636 commutationes
653 5587 737 5649 (tenrp.
752 5589 813 5637 anni
830 5588 893 5648 om.)
913 5587 1007 5650 partim
1024 5599 1057 5635 ex
1074 5588 1130 5636 suis
1149 5584 1227 5636 codd.
1241 5587 1335 5651 interp.
1351 5589 1479 5648 Davisius,
1498 5593 1606 5650 tempore
1622 5589 1684 5637 anni
1700 5592 1764 5636 tens-

428 5665 555 5724 pestulum
571 5662 682 5724 caelique
697 5664 869 5712 conaemiones
885 5661 1137 5723 commutationesque
1153 5661 1269 5721 Giesius,
1293 5668 1401 5725 leuspore
1418 5663 1479 5713 anni
1496 5668 1669 5726 tempestatum
1688 5668 1764 5724 atque

431 5738 495 5787 caeli
516 5736 661 5800 Madvigius
678 5736 695 5787 l.
713 5737 730 5788 l.
750 5762 777 5773 -
802 5738 843 5787 22.
861 5751 965 5800 cumque
982 5737 1119 5786 auiA1—
1145 5736 1185 5787 23.
1204 5750 1255 5785 non
1270 5737 1349 5787 videri
1365 5738 1482 5788 similet
1506 5762 1533 5771 -
1561 5737 1602 5789 il.
1620 5738 1719 5787 aerim
1736 5736 1763 5788 ln

431 5813 844 5863 ras.A-it.orientesA¹0-
860 5815 1133 5876 animariuatquea
1149 5839 1174 5849 -
1194 5815 1344 5876 eaqueli-
1364 5814 1540 5878 infigim-
1559 5813 1763 5864 ssenauasaa

431 5886 534 5937 Marsus
551 5889 571 5936 0
590 5912 617 5922 -
642 5888 683 5939 29.
702 5888 775 5948 quali
790 5890 828 5938 ll:
856 5889 939 5950 qualis
954 5890 1003 5939 BV
1027 5914 1054 5923 -
1079 5893 1175 5938 natura
1192 5894 1216 5941 et
1233 5891 1362 5952 adquam
1378 5891 1481 5954 quisque
1497 5890 1524 5939 in
1540 5902 1624 5952 marg.
1643 5889 1761 5941 habetli

432 5984 460 5999 ·-
480 5961 521 6012 30.
539 5967 677 6014 amissus
696 5987 723 5999 -
747 5962 789 6013 ³⁴.
807 5963 872 6015 scire
888 5964 945 6014 B¹V
963 5988 991 6001 -
1010 5964 1104 6017 anau
1121 5964 1185 6017 lto.
