4342 7459
441 1282 504 1360 i70
894 1291 947 1356 DE
969 1288 1137 1357 DEORUM
1157 1288 1321 1355 NATURA

442 1475 513 1524 esse
541 1473 727 1541 perpaucos.
762 1452 835 1518 Non
861 1450 964 1538 placet
993 1460 1098 1517 antem
1119 1451 1229 1537 paucis
1251 1469 1271 1515 a
1292 1443 1341 1514 dis
1364 1437 1584 1515 inmortalibus
1607 1461 1678 1515 esse
1700 1468 1775 1515 oon·

442 1554 575 1626 sultum3
598 1548 744 1632 seqnitur
764 1561 840 1631 ergo
861 1554 898 1610 nt
918 1546 1039 1609 nemini
1061 1546 1242 1610 consultum
1264 1539 1316 1609 sit

525 1642 672 1710 xxviii.
700 1634 784 1706 Huic
814 1642 887 1705 laco
916 1641 961 1705 sic
982 1640 1091 1704 soletis
1115 1653 1299 1716 occurrere,
1327 1657 1394 1701 non
1415 1638 1535 1703 idcirco
1556 1657 1623 1705 non
1644 1645 1776 1725 optume

441 1742 532 1806 nohis
554 1760 574 1803 a
595 1737 644 1802 die
666 1757 737 1804 esse
758 1738 935 1822 provisum,
958 1736 1045 1822 qnod
1068 1737 1161 1801 multi
1184 1751 1294 1799 eorum
1309 1732 1465 1798 heneiicio
1483 1749 1632 1818 perverse
1646 1743 1776 1801 uteren-

417 1843 510 1910 etnr3
532 1834 628 1898 etiam
650 1832 850 1918 patrimoniis
872 1831 989 1895 multos
1012 1832 1094 1895 male
1122 1833 1186 1906 uti,
1215 1847 1274 1892 nec
1297 1829 1337 1892 oh
1360 1846 1428 1892 eam
1452 1844 1579 1893 causam
1600 1848 1657 1895 eos
1679 1831 1777 1895 hene·

440 1926 545 1994 iicinm
568 1949 587 1993 a
607 1928 747 2013 patribus
768 1926 890 1990 nullum
913 1921 1039 1988 habere.
1077 1924 1295 2008 Quisquamne
1317 1923 1398 1985 istuc
1419 1923 1537 2006 negati
1560 1930 1614 1988 aut
1630 1935 1778 2009 quaeest

440 2026 475 2088 in
497 2024 666 2087 collatione
687 2023 748 2087 ista
770 2019 970 2085 similitudo?
998 2022 1063 2084 Nec
1093 2019 1177 2082 enim
1199 2017 1329 2082 Herculi
1352 2035 1468 2081 nocere
1490 2017 1638 2082 Deianira
1658 2019 1776 2097 soluit,

442 2137 512 2183 cum
535 2116 722 2182 sitonicum
745 2114 900 2197 sanguine
924 2113 1072 2176 Centauri
1095 2113 1222 2175 tinctam
1247 2108 1349 2186 dedit,
1380 2130 1439 2173 neo
1461 2112 1614 2193 prodesse
1635 2107 1776 2179 Pheraeo

441 2212 548 2275 Iasoni
579 2212 623 2287 is,
654 2212 708 2295 qui
738 2209 844 2292 gladio
869 2208 1023 2271 vomicam
1051 2204 1120 2270 eins
1150 2205 1290 2291 aperuit,
1322 2222 1416 2289 quam
1440 2221 1551 2269 sanare
1572 2205 1691 2271 medici
1711 2223 1777 2273 non

404 2305 618 2390 topotuerani.
655 2303 745 2368 Multi
766 2303 851 2367 enim
874 2312 919 2378 et,
942 2323 1012 2365 cum
1035 2302 1149 2364 obesse
1172 2300 1305 2375 veilent,
1332 2298 1519 2382 profuerunt
1540 2308 1584 2373 et.
1609 2323 1682 2366 curn
1704 2324 1776 2388 pro·

441 2401 550 2473 desse,
575 2397 754 2461 ohiuerunt.
790 2399 838 2462 lta
859 2417 925 2459 non
947 2397 983 2459 iit
1005 2415 1047 2458 ex
1069 2412 1126 2467 eo,
1148 2392 1235 2477 quod
1259 2393 1363 2468 datur,
1386 2401 1422 2456 nt
1444 2394 1588 2458 voluntas
1611 2396 1697 2471 eius,
1719 2398 1776 2481 qui

441 2492 581 2566 dederit,
604 2499 770 2573 appareat,
792 2511 867 2565 nec,
896 2492 922 2553 si
946 2490 988 2565 is,
1012 2490 1066 2574 qni
1091 2488 1228 2569 accepit,
1257 2486 1339 2550 hene
1361 2488 1475 2562 utitur,
1505 2488 1625 2553 idcirco
1647 2492 1694 2565 is,
1721 2493 1775 2575 qui

441 2584 541 2660 dedit,
570 2588 670 2648 amice
692 2582 788 2649 dedit.
833 2580 883 2647 ll.
907 2584 997 2660 Quae
1020 2582 1105 2645 enim
1127 2582 1241 2655 libido,
1265 2599 1348 2665 quae
1371 2582 1519 2657 avaritia,
1544 2582 1631 2666 quod
1653 2582 1776 2649 facinus

440 2687 495 2745 aut
515 2678 686 2762 suscipitur
706 2678 768 2741 nisi
793 2678 926 2743 consilio
948 2686 1041 2761 capto
1063 2683 1118 2740 aut
1139 2676 1208 2739 sine
1230 2677 1326 2740 animi
1349 2683 1435 2739 motu
1457 2684 1490 2740 et
1510 2677 1721 2759 cogitatione,
1743 2679 1776 2742 id

403 2794 432 2845 ss
442 2782 491 2838 est
505 2775 644 2846 ratione,
667 2773 853 2855 perficitur?
876 2775 953 2835 Nam
970 2776 1072 2835 omnis
1088 2771 1196 2855 opinio
1212 2772 1293 2835 ratio
1308 2777 1371 2845 est,
1394 2776 1426 2834 et
1440 2770 1570 2855 quidem
1584 2771 1668 2837 hona
1683 2773 1776 2849 ratio,

441 2869 468 2934 si
492 2887 584 2943 vera,
615 2868 697 2929 mala
727 2874 848 2941 antem,
878 2867 905 2929 si
935 2865 1013 2929 t'alsa
1037 2875 1085 2930 est
1108 2866 1228 2951 opinio.
1267 2866 1329 2928 Sed
1352 2884 1370 2927 a
1393 2864 1454 2928 deo
1477 2874 1599 2929 tantum
1621 2869 1776 2932 rationem

439 2963 610 3036 hahemus,
640 2962 667 3024 si
694 2962 790 3026 modo
820 2960 987 3035 hahemus,
1009 2961 1123 3023 honam
1148 2968 1252 3024 autem
1277 2961 1431 3023 rationem
1454 2965 1509 3023 aut
1530 2977 1595 3023 non
1618 2959 1776 3026 honama

440 3056 543 3120 nohis.
580 3057 649 3118 Non
672 3056 775 3131 enim,
797 3063 833 3117 ut
853 3056 1079 3138 patrimonium
1098 3053 1304 3137 relinquitur,
1327 3054 1372 3117 sic
1387 3055 1467 3117 ratio
1483 3060 1531 3117 est
1546 3053 1666 3118 homini
1682 3056 1778 3119 hene-

440 3137 512 3213 ticio
536 3148 667 3213 deorum
691 3150 774 3213 data.
812 3150 898 3226 Quid
921 3150 1006 3212 enim
1028 3149 1133 3234 potius
1155 3148 1337 3211 hominihus
1360 3148 1539 3223 dedissent,
1562 3148 1589 3211 si
1605 3147 1644 3212 iis
1660 3165 1776 3213 nocere

402 3244 642 3315 incoluissent?
675 3244 851 3307 Iniustitiae
877 3251 1000 3318 autem,
1028 3242 1309 3326 intemperantiae,
1336 3240 1513 3305 timiditatis
1544 3259 1628 3326 quae
1655 3244 1776 3307 semine

440 3346 563 3413 essent,
585 3339 610 3402 si
633 3337 683 3401 his
707 3338 791 3411 vitiis
813 3339 894 3402 ratio
916 3358 980 3401 non
1004 3338 1172 3400 subesset?
1217 3332 1334 3398 xxix.
1356 3336 1468 3399 Medea
1490 3335 1585 3400 modo
1607 3342 1642 3400 et
1662 3339 1776 3401 hirene

440 3433 767 3499 commemorabantur
787 3452 806 3494 a
829 3433 937 3508 nohis,
959 3433 1107 3496 heroicae
1128 3449 1300 3515 personae,
1323 3429 1402 3494 inita
1418 3429 1635 3515 subductaque
1652 3431 1776 3495 ratione

439 3526 560 3591 nefaria
583 3527 704 3591 scelera
726 3527 922 3589 meditantes.
966 3524 1018 3590 72.
1041 3527 1126 3602 Quid
1151 3527 1296 3590 levitates
1319 3524 1485 3588 comicae‘l
1507 3541 1663 3607 parumne
1682 3539 1776 3610 saepe

439 3621 618 3685 iuratione
642 3623 832 3683 vereantur?
855 3640 1006 3703 parumne
1030 3621 1189 3704 suptiliter
1212 3620 1352 3702 disputat
1372 3618 1425 3682 ille
1447 3620 1481 3683 in
1502 3619 1684 3683 Eunucho?

401 3738 431 3786 sd
567 3714 1147 3797 Quidigituriaciami——

565 3809 761 3882 Exclusit,
785 3817 969 3871 revocat:
992 3810 1169 3872 redeami
1191 3826 1286 3882 non,
1310 3808 1340 3871 si
1363 3828 1417 3871 me
1440 3810 1648 3873 obsecret

439 3902 497 3966 llle
519 3922 596 3966 vero
625 3903 657 3965 in
687 3902 884 3986 Synephebis
907 3904 1164 3965 Academicorum
1188 3922 1275 3965 more
1299 3910 1409 3964 contra
1431 3922 1628 3967 communem
1652 3902 1777 3987 opinio·

438 4009 510 4060 nem
534 4015 597 4060 non
613 3997 736 4060 dubitat
758 4016 899 4080 pugnare
915 3997 1052 4070 ratione,
1076 3998 1130 4079 qui
1153 3999 1194 4060 in
1217 4014 1347 4059 amore
1370 4016 1523 4061 summo
1546 4014 1777 4084 summaque

438 4092 581 4175 inopia
607 4106 727 4154 suave
750 4111 839 4153 esse
862 4092 937 4154 dicit

400 4208 429 4257 so
564 4184 776 4249 Parentem
800 4187 952 4249 hahere
977 4208 1160 4262 avarum,
1184 4187 1424 4269 inlepidum,
1447 4190 1486 4251 in
1509 4188 1664 4252 liheros

565 4279 811 4354 Difficilem,
836 4283 901 4365 qui
925 4289 962 4344 te
985 4303 1057 4346 nec
1080 4291 1182 4346 amet
1205 4304 1272 4344 nec
1296 4283 1463 4346 studeat
1486 4282 1552 4345 tui.

437 4367 489 4437 73.
511 4378 615 4459 Atque
637 4374 712 4436 huic
735 4374 912 4436 incredibili
937 4378 1113 4439 sententiae
1136 4374 1331 4437 ratiunculas
1354 4376 1513 4458 suggerit:

563 4472 636 4532 rint
658 4476 700 4531 tu
724 4469 840 4531 illum
862 4470 997 4531 t‘ructu
1019 4471 1144 4533 fallas
1167 4479 1233 4532 ant
1256 4491 1321 4552 per
1343 4470 1507 4534 litteras

564 4566 731 4626 riverias
754 4565 912 4647 aliquod
937 4585 1072 4628 nomen
1095 4575 1162 4627 aut
1185 4585 1251 4647 per
1274 4566 1479 4627 servolum

401 4678 430 4725 as
564 4659 778 4721 Percntias
802 4660 1001 4741 pavidum,
1025 4668 1232 4743 postremo
1255 4680 1272 4721 a
1296 4679 1412 4743 parco
1435 4668 1548 4740 patre

564 4752 677 4827 Quod
700 4773 844 4827 sumas,
868 4761 1021 4836 quanto
1044 4754 1229 4836 dissipes
1252 4754 1470 4817 libentiusl

503 4959 527 5008 3.
546 4958 644 5028 obtumq
659 4961 725 5008 Α-
742 4959 766 5008 6.
781 4960 945 5021 quisquamne
961 4960 1024 5007 istuc
1037 4961 1076 5021 (ex
1091 4962 1264 5024 corrections)
1278 4961 1312 5007 V:
1333 4963 1468 5023 quisquam
1485 4961 1548 5009 iuste
1560 4961 1632 5015 iiuste
1644 4962 1670 5011 in
1683 4975 1776 5013 rasura

438 5045 474 5085 m.
488 5046 543 5084 sec.
558 5033 639 5084 multo
653 5036 810 5094 recentiore)
823 5037 857 5090 Ας
877 5037 996 5097 quisquae
1013 5036 1075 5083 istuc
1088 5036 1106 5083 D
1118 5039 1135 5084 P
1149 5043 1218 5097 {qums
1230 5036 1282 5086 del.
1297 5038 1337 5096 Bis
1359 5039 1496 5097 Quisquam
1508 5037 1571 5084 istuc
1583 5038 1619 5089 C:
1638 5039 1700 5101 quid
1712 5039 1776 5088 istud

438 5102 458 5159 Ε
472 5134 498 5143 -
513 5110 537 5158 7.
551 5122 639 5158 nocue
650 5111 765 5159 dciomra
778 5111 827 5159 ΑΕ
841 5112 859 5159 Ε
871 5113 888 5160 Ρ
899 5112 932 5158 V:
952 5124 1042 5159 nocere
1060 5110 1152 5159 dianae
1163 5113 1204 5159 ira
1216 5113 1249 5167 D;
1269 5112 1393 5161 Deianira
1405 5125 1493 5160 nocere
1505 5113 1525 5160 0
1539 5138 1565 5147 -
1579 5109 1668 5162 holuit.
1682 5116 1724 5162 cui
1735 5121 1773 5164 tu·

438 5186 522 5235 nicam
534 5184 553 5233 C
567 5209 593 5219 -
609 5183 632 5233 9.
646 5185 739 5233 imonis
755 5186 799 5246 qui
813 5186 830 5235 E
842 5186 862 5233 V
875 5212 901 5220 -
917 5187 956 5234 40.
975 5191 1109 5246 patuerant
1128 5186 1236 5248 (litterae
1250 5202 1266 5235 a
1279 5200 1413 5249 superscr.
1427 5193 1452 5248 u]
1471 5188 1492 5233 V
1512 5213 1539 5222 -
1559 5188 1599 5236 li.
1619 5189 1640 5236 si
1657 5189 1695 5236 nis
1711 5191 1730 5239 P
1745 5216 1770 5225 -

438 5259 479 5311 ii.
499 5264 544 5308 aut
555 5258 810 5321 scelussuscipituro
826 5287 852 5296 -
868 5262 907 5310 48.
926 5262 1019 5310 nomini
1036 5263 1102 5310 esto
1117 5288 1142 5296 -
1158 5263 1197 5311 lli.
1211 5264 1292 5311 notius
1305 5262 1326 5309 V
1341 5286 1365 5296 -
1381 5261 1520 5310 hominihus
1530 5264 1565 5310 dii
1578 5262 1701 5311 dedissent
1714 5265 1731 5313 fl
1745 5290 1771 5300 —

437 5335 459 5383 ti
475 5334 496 5382 is
512 5346 600 5381 nocere
618 5334 645 5390 Β,
663 5336 684 5383 si
701 5336 738 5383 iis
754 5348 841 5384 nocere
854 5336 872 5385 E
888 5362 912 5372 —
927 5338 966 5385 il.
981 5339 1001 5385 si
1019 5339 1040 5385 is
1051 5340 1071 5386 Α
1083 5336 1125 5396 V¹,
1145 5340 1165 5385 si
1182 5339 1213 5387 iis
1230 5332 1291 5388 CV²
1306 5366 1331 5373 -
1350 5340 1433 5387 media
1450 5338 1470 5384 V
1485 5364 1512 5373 -
1532 5339 1573 5388 ii.
1590 5349 1773 5389 commemora-

438 5409 513 5459 batur
529 5409 666 5459 ECEPV
683 5436 716 5445 -
732 5410 856 5459 hieroicuc
873 5410 893 5456 V
912 5436 938 5445 -
958 5411 999 5461 23.
1018 5415 1109 5461 comice
1128 5413 1178 5463 CV
1195 5439 1221 5448 ·-
1241 5426 1314 5472 saepe
1332 5413 1451 5474 iladvig:
1471 5426 1566 5473 semper
1583 5410 1645 5463 tio.
1667 5415 1776 5465 asurim

437 5500 534 5547 semper
551 5498 601 5535 nec
618 5499 666 5549 per
682 5499 712 5536 se
729 5490 803 5535 recte
821 5485 874 5535 uilo
893 5487 973 5536 modo
992 5488 1089 5536 dicitur
1105 5489 1240 5551 (qnoniam
1260 5487 1320 5537 nihil
1340 5503 1389 5538 nec
1408 5491 1485 5537 nimis
1499 5501 1548 5537 nec
1561 5501 1653 5550 parurn
1667 5502 1776 5554 semper

439 5575 499 5613 esse
517 5563 614 5626 potest)
633 5574 682 5610 nec
700 5562 738 5610 rei
755 5564 846 5624 aptum
865 5564 913 5610 est.
939 5565 1019 5623 Saepe
1036 5566 1251 5613 ratiocinationes
1270 5564 1358 5613 induci
1377 5565 1402 5613 in
1418 5563 1564 5613 conroediis
1578 5562 1629 5613 dici
1643 5566 1775 5627 poterent,

439 5651 492 5688 uon
510 5652 613 5700 amsper.
638 5639 719 5687 Recte
738 5636 809 5685 idem
828 5637 956 5686 mendum
974 5641 1125 5688 correctum
1144 5642 1201 5687 erat
1218 5652 1233 5687 a
1252 5640 1376 5698 Munatio,
1402 5637 1541 5698 Lambino,
1560 5636 1617 5687 eliis
1635 5637 1650 5701 5
1669 5639 1727 5689 69..
1748 5667 1774 5676 -

438 5712 480 5762 29.
498 5711 584 5776 suove]
602 5713 623 5760 si
640 5725 690 5761 auo
709 5713 729 5763 C
749 5739 777 5750 -
796 5712 837 5761 31.
856 5727 900 5762 nec
916 5719 982 5763 amet
998 5714 1107 5764 ΑΒΝ
1126 5717 1199 5771 (amet
1217 5713 1241 5762 in
1261 5726 1311 5762 ras.
1332 5727 1367 5764 m.
1387 5727 1442 5763 sec.
1461 5716 1491 5772 Α,
1511 5725 1580 5763 corr.
1601 5726 1633 5763 ex
1650 5715 1738 5764 necari
1755 5720 1778 5765 st

439 5787 487 5849 Vi:
505 5790 593 5837 necari
609 5795 632 5838 st
650 5789 700 5839 ΟΕ
719 5813 748 5826 -
766 5790 806 5837 ssi
822 5792 966 5852 (superscr.
987 5790 1046 5839 ead.
1066 5802 1101 5838 m.
1122 5790 1166 5848 tui]
1185 5789 1206 5836 V
1225 5790 1249 5838 in
1269 5789 1320 5838 tine
1338 5791 1466 5852 paginam
1486 5790 1605 5853 proxima
1623 5801 1718 5840 rursus
1736 5791 1778 5840 in·

441 5864 503 5927 cipit
520 5877 535 5913 a
552 5865 604 5924 tui,
624 5863 695 5926 quod
714 5868 804 5914 minen
823 5864 882 5914 ead.
902 5878 937 5914 m.
957 5864 1076 5915 deletum
1094 5866 1145 5914 est.
1167 5890 1192 5898 —
1215 5863 1255 5913 32.
1275 5864 1426 5913 incredibilis
1442 5867 1463 5914 Α
1483 5891 1510 5900 -
1529 5863 1569 5913 36.
1588 5864 1692 5927 dissipes
1708 5864 1776 5916 Cli:

440 5938 538 6000 dissipis
553 5939 688 5999 ABPV13
706 5942 813 6004 dissipas
829 5938 899 5992 ΨΟ.
924 5941 1103 5991 «Sententiam
1122 5951 1182 5990 esse
1200 5939 1354 6005 generalem
1371 5944 1399 5990 et
1416 5954 1464 6006 per
1481 5952 1512 5991 se
1529 5941 1604 6005 petet
1619 5942 1647 5990 ct
1659 5940 1779 5994 ostendit

441 6027 550 6065 sunus.»
567 6015 678 6066 Diovis.
