<?xml version="1.0" encoding="UTF-8"?>
<!DOCTYPE html PUBLIC "-//W3C//DTD XHTML 1.0 Transitional//EN"
    "http://www.w3.org/TR/xhtml1/DTD/xhtml1-transitional.dtd">
<html xmlns="http://www.w3.org/1999/xhtml" xml:lang="en" lang="en">
 <head>
  <title>
</title>
<meta http-equiv="Content-Type" content="text/html;charset=utf-8" />
  <meta name='ocr-system' content='tesseract 3.04.00' />
  <meta name='ocr-capabilities' content='ocr_page ocr_carea ocr_par ocr_line ocrx_word'/>
</head>
<body>
  <div class='ocr_page' id='page_1' title='image "./operaquaesupers00halmgoog/operaquaesupers00halmgoog_0224.png"; bbox 0 0 4342 7459; ppageno 0'>
   <div class='ocr_carea' id='block_1_1' title="bbox 451 1229 1450 1300">
    <p class='ocr_par' dir='ltr' id='par_1_1' title="bbox 451 1229 1450 1300">
     <span class='ocr_line' id='line_1_1' title="bbox 451 1229 1450 1300; baseline 0.005 -6"><span class='ocrx_word' id='word_1_1' title='bbox 451 1229 513 1294; x_wconf 73' lang='lat'>208</span> <span class='ocrx_word' id='word_1_2' title='bbox 779 1231 1101 1296; x_wconf 78' lang='lat' dir='ltr'>TUSCULANARUM</span> <span class='ocrx_word' id='word_1_3' title='bbox 1122 1233 1450 1300; x_wconf 79' lang='lat' dir='ltr'>DISPUTATIONUM</span> 
     </span>
    </p>
   </div>
   <div class='ocr_carea' id='block_1_2' title="bbox 450 1386 1778 1681">
    <p class='ocr_par' dir='ltr' id='par_1_2' title="bbox 450 1386 1778 1681">
     <span class='ocr_line' id='line_1_2' title="bbox 450 1386 1777 1456; baseline 0.008 -19"><span class='ocrx_word' id='word_1_4' title='bbox 450 1388 517 1437; x_wconf 84' lang='lat' dir='ltr'>B:</span> <span class='ocrx_word' id='word_1_5' title='bbox 532 1387 593 1439; x_wconf 91' lang='lat' dir='ltr'><strong>cod.</strong></span> <span class='ocrx_word' id='word_1_6' title='bbox 611 1386 788 1440; x_wconf 74' lang='lat' dir='ltr'><strong>bruxellensis</strong></span> <span class='ocrx_word' id='word_1_7' title='bbox 806 1388 876 1448; x_wconf 87' lang='lat' dir='ltr'><strong>lolim</strong></span> <span class='ocrx_word' id='word_1_8' title='bbox 894 1388 1101 1452; x_wconf 84' lang='lat' dir='ltr'><strong>Gemhlacensisl</strong></span> <span class='ocrx_word' id='word_1_9' title='bbox 1119 1405 1145 1442; x_wconf 92' lang='lat' dir='ltr'>n.</span> <span class='ocrx_word' id='word_1_10' title='bbox 1162 1392 1221 1443; x_wconf 79' lang='grc'>5344</span> <span class='ocrx_word' id='word_1_11' title='bbox 1244 1392 1365 1452; x_wconf 71' lang='lat' dir='ltr'><strong>ellidii,</strong></span> <span class='ocrx_word' id='word_1_12' title='bbox 1388 1391 1486 1444; x_wconf 82' lang='lat' dir='ltr'><strong>saeculi</strong></span> <span class='ocrx_word' id='word_1_13' title='bbox 1504 1392 1673 1456; x_wconf 87' lang='lat' dir='ltr'><strong>duodecimi,</strong></span> <span class='ocrx_word' id='word_1_14' title='bbox 1692 1394 1777 1447; x_wconf 82' lang='lat' dir='ltr'><strong>torma</strong></span> 
     </span>
     <span class='ocr_line' id='line_1_3' title="bbox 531 1463 1778 1531; baseline 0.007 -19"><span class='ocrx_word' id='word_1_15' title='bbox 531 1465 659 1524; x_wconf 81' lang='lat' dir='ltr'><strong>maxima,</strong></span> <span class='ocrx_word' id='word_1_16' title='bbox 682 1463 752 1514; x_wconf 88' lang='lat' dir='ltr'><strong>binis</strong></span> <span class='ocrx_word' id='word_1_17' title='bbox 775 1464 905 1516; x_wconf 89' lang='lat' dir='ltr'><strong>columnis</strong></span> <span class='ocrx_word' id='word_1_18' title='bbox 927 1469 1063 1527; x_wconf 89' lang='lat' dir='ltr'><strong>exaratus,</strong></span> <span class='ocrx_word' id='word_1_19' title='bbox 1090 1479 1203 1529; x_wconf 87' lang='lat' dir='ltr'><strong>quarum</strong></span> <span class='ocrx_word' id='word_1_20' title='bbox 1224 1467 1341 1531; x_wconf 76' lang='lat' dir='ltr'><strong>singulae</strong></span> <span class='ocrx_word' id='word_1_21' title='bbox 1365 1467 1397 1518; x_wconf 90' lang='grc'>43</span> <span class='ocrx_word' id='word_1_22' title='bbox 1414 1480 1507 1519; x_wconf 85' lang='lat' dir='ltr'><strong>versus</strong></span> <span class='ocrx_word' id='word_1_23' title='bbox 1530 1468 1638 1520; x_wconf 88' lang='lat' dir='ltr'><strong>hahent.</strong></span> <span class='ocrx_word' id='word_1_24' title='bbox 1668 1472 1778 1522; x_wconf 86' lang='lat' dir='ltr'><strong>constal</strong></span> 
     </span>
     <span class='ocr_line' id='line_1_4' title="bbox 531 1538 1777 1609; baseline 0.006 -21"><span class='ocrx_word' id='word_1_25' title='bbox 531 1539 562 1590; x_wconf 85' lang='grc'>36</span> <span class='ocrx_word' id='word_1_26' title='bbox 580 1538 658 1598; x_wconf 89' lang='grc'>444444,</span> <span class='ocrx_word' id='word_1_27' title='bbox 682 1553 796 1604; x_wconf 87' lang='lat' dir='ltr'><strong>quorum</strong></span> <span class='ocrx_word' id='word_1_28' title='bbox 817 1539 849 1589; x_wconf 92' lang='grc'>33</span> <span class='ocrx_word' id='word_1_29' title='bbox 871 1542 899 1591; x_wconf 89' lang='grc'>44</span> <span class='ocrx_word' id='word_1_30' title='bbox 919 1540 1058 1591; x_wconf 90' lang='lat' dir='ltr'><strong>dimidium</strong></span> <span class='ocrx_word' id='word_1_31' title='bbox 1077 1541 1254 1602; x_wconf 86' lang='lat' dir='ltr'><strong>Tusculanus,</strong></span> <span class='ocrx_word' id='word_1_32' title='bbox 1279 1546 1368 1593; x_wconf 88' lang='lat' dir='ltr'><strong>cetera</strong></span> <span class='ocrx_word' id='word_1_33' title='bbox 1392 1544 1540 1593; x_wconf 88' lang='lat' dir='ltr'><strong>orationem</strong></span> <span class='ocrx_word' id='word_1_34' title='bbox 1562 1557 1612 1609; x_wconf 91' lang='lat' dir='ltr'><strong>pro</strong></span> <span class='ocrx_word' id='word_1_35' title='bbox 1629 1548 1659 1597; x_wconf 81' lang='grc' dir='ltr'>Α.</span> <span class='ocrx_word' id='word_1_36' title='bbox 1678 1546 1777 1596; x_wconf 84' lang='lat' dir='ltr'><strong>Licinio</strong></span> 
     </span>
     <span class='ocr_line' id='line_1_5' title="bbox 530 1608 1315 1681; baseline 0.001 -15"><span class='ocrx_word' id='word_1_37' title='bbox 530 1615 625 1666; x_wconf 79' lang='lat' dir='ltr'><strong>Archia</strong></span> <span class='ocrx_word' id='word_1_38' title='bbox 643 1618 719 1679; x_wconf 78' lang='lat' dir='ltr'><strong>poeta</strong></span> <span class='ocrx_word' id='word_1_39' title='bbox 737 1616 878 1665; x_wconf 85' lang='lat' dir='ltr'><strong>continent</strong></span> <span class='ocrx_word' id='word_1_40' title='bbox 905 1616 980 1666; x_wconf 87' lang='lat' dir='ltr'><strong>tlunc</strong></span> <span class='ocrx_word' id='word_1_41' title='bbox 997 1615 1118 1667; x_wconf 82' lang='lat' dir='ltr'><strong>codicem</strong></span> <span class='ocrx_word' id='word_1_42' title='bbox 1135 1618 1191 1681; x_wconf 91' lang='lat' dir='ltr'><strong>ipse</strong></span> <span class='ocrx_word' id='word_1_43' title='bbox 1209 1608 1315 1667; x_wconf 83' lang='lat' dir='ltr'><strong>e&#39;onluli.</strong></span> 
     </span>
    </p>
   </div>
   <div class='ocr_carea' id='block_1_3' title="bbox 451 1698 745 1749">
    <p class='ocr_par' dir='ltr' id='par_1_3' title="bbox 451 1698 745 1749">
     <span class='ocr_line' id='line_1_6' title="bbox 451 1698 745 1749; baseline 0.003 -3"><span class='ocrx_word' id='word_1_44' title='bbox 451 1698 470 1746; x_wconf 88' lang='lat' dir='ltr'>C</span> <span class='ocrx_word' id='word_1_45' title='bbox 485 1721 516 1746; x_wconf 93' lang='lat'><strong><em>=</em></strong></span> <span class='ocrx_word' id='word_1_46' title='bbox 533 1698 640 1749; x_wconf 87' lang='lat' dir='ltr'><strong>codices</strong></span> <span class='ocrx_word' id='word_1_47' title='bbox 657 1700 706 1748; x_wconf 82' lang='lat' dir='ltr'>Gli</span> <span class='ocrx_word' id='word_1_48' title='bbox 717 1699 745 1748; x_wconf 85' lang='lat' dir='ltr'><strong>u.</strong></span> 
     </span>
    </p>
   </div>
   <div class='ocr_carea' id='block_1_4' title="bbox 449 1781 1776 2067">
    <p class='ocr_par' dir='ltr' id='par_1_4' title="bbox 449 1781 1776 2067">
     <span class='ocr_line' id='line_1_7' title="bbox 449 1781 1775 1850; baseline 0.005 -18"><span class='ocrx_word' id='word_1_49' title='bbox 449 1783 517 1832; x_wconf 85' lang='lat' dir='ltr'>W:</span> <span class='ocrx_word' id='word_1_50' title='bbox 533 1783 562 1832; x_wconf 84' lang='grc' dir='ltr'>Α.</span> <span class='ocrx_word' id='word_1_51' title='bbox 580 1784 605 1832; x_wconf 91' lang='lat' dir='ltr'>S.</span> <span class='ocrx_word' id='word_1_52' title='bbox 626 1781 804 1844; x_wconf 81' lang='lat' dir='ltr'><strong>Wesenberg,</strong></span> <span class='ocrx_word' id='word_1_53' title='bbox 827 1783 872 1846; x_wconf 85' lang='lat' dir='ltr'>qui</span> <span class='ocrx_word' id='word_1_54' title='bbox 892 1782 976 1833; x_wconf 87' lang='lat' dir='ltr'><strong>trihus</strong></span> <span class='ocrx_word' id='word_1_55' title='bbox 993 1782 1088 1835; x_wconf 79' lang='lat' dir='ltr'>libellis</span> <span class='ocrx_word' id='word_1_56' title='bbox 1105 1784 1269 1835; x_wconf 79' lang='lat' dir='ltr'><strong>scholasticis</strong></span> <span class='ocrx_word' id='word_1_57' title='bbox 1288 1784 1405 1848; x_wconf 79' lang='lat' dir='ltr'><strong>(Viburgi</strong></span> <span class='ocrx_word' id='word_1_58' title='bbox 1423 1786 1499 1836; x_wconf 91' lang='lat' dir='ltr'><strong>annis</strong></span> <span class='ocrx_word' id='word_1_59' title='bbox 1518 1784 1590 1848; x_wconf 85' lang='grc'>4844,</span> <span class='ocrx_word' id='word_1_60' title='bbox 1611 1786 1683 1846; x_wconf 83' lang='grc'>4843,</span> <span class='ocrx_word' id='word_1_61' title='bbox 1703 1785 1775 1850; x_wconf 77' lang='lat' dir='ltr'><strong>ltili)</strong></span> 
     </span>
     <span class='ocr_line' id='line_1_8' title="bbox 530 1856 1774 1924; baseline 0.004 -17"><span class='ocrx_word' id='word_1_62' title='bbox 530 1856 635 1920; x_wconf 77' lang='lat' dir='ltr'><strong>scripsit</strong></span> <span class='ocrx_word' id='word_1_63' title='bbox 652 1858 732 1920; x_wconf 89' lang='lat' dir='ltr'><strong>atque</strong></span> <span class='ocrx_word' id='word_1_64' title='bbox 747 1857 866 1908; x_wconf 89' lang='lat' dir='ltr'><strong>delendit</strong></span> <span class='ocrx_word' id='word_1_65' title='bbox 876 1858 1066 1908; x_wconf 74' lang='lat' dir='ltr'><strong>Emendationis</strong></span> <span class='ocrx_word' id='word_1_66' title='bbox 1080 1861 1114 1909; x_wconf 86' lang='grc'>44.</span> <span class='ocrx_word' id='word_1_67' title='bbox 1131 1860 1203 1909; x_wconf 80' lang='lat' dir='ltr'><strong>Tullii</strong></span> <span class='ocrx_word' id='word_1_68' title='bbox 1216 1860 1340 1910; x_wconf 79' lang='lat' dir='ltr'><strong>Ciceronis</strong></span> <span class='ocrx_word' id='word_1_69' title='bbox 1354 1860 1549 1909; x_wconf 73' lang='lat' dir='ltr'><strong>lmealnnarum</strong></span> <span class='ocrx_word' id='word_1_70' title='bbox 1562 1861 1774 1924; x_wconf 74' lang='lat' dir='ltr'><strong>Disputatioeion.</strong></span> 
     </span>
     <span class='ocr_line' id='line_1_9' title="bbox 530 1930 1776 2000; baseline 0.006 -20"><span class='ocrx_word' id='word_1_71' title='bbox 530 1930 714 1994; x_wconf 89' lang='lat' dir='ltr'><strong>Wesenbergii</strong></span> <span class='ocrx_word' id='word_1_72' title='bbox 731 1935 996 1995; x_wconf 72' lang='lat' dir='ltr'><strong>argumentationem,</strong></span> <span class='ocrx_word' id='word_1_73' title='bbox 1015 1946 1076 1983; x_wconf 90' lang='lat' dir='ltr'><strong>cum</strong></span> <span class='ocrx_word' id='word_1_74' title='bbox 1095 1935 1152 1985; x_wconf 91' lang='lat' dir='ltr'><strong>eius</strong></span> <span class='ocrx_word' id='word_1_75' title='bbox 1170 1932 1249 1984; x_wconf 86' lang='lat' dir='ltr'>libelli</span> <span class='ocrx_word' id='word_1_76' title='bbox 1267 1934 1309 1984; x_wconf 88' lang='lat' dir='ltr'>vel</span> <span class='ocrx_word' id='word_1_77' title='bbox 1327 1935 1352 1985; x_wconf 92' lang='lat' dir='ltr'>in</span> <span class='ocrx_word' id='word_1_78' title='bbox 1366 1933 1458 1993; x_wconf 84' lang='lat' dir='ltr'><strong>Dania,</strong></span> <span class='ocrx_word' id='word_1_79' title='bbox 1477 1936 1577 1985; x_wconf 89' lang='lat' dir='ltr'><strong>nedum</strong></span> <span class='ocrx_word' id='word_1_80' title='bbox 1588 1936 1658 2000; x_wconf 92' lang='lat' dir='ltr'><strong>apn&#39;d</strong></span> <span class='ocrx_word' id='word_1_81' title='bbox 1671 1940 1776 1987; x_wconf 89' lang='lat' dir='ltr'><strong>nostra·</strong></span> 
     </span>
     <span class='ocr_line' id='line_1_10' title="bbox 531 2008 1317 2067; baseline 0.006 -12"><span class='ocrx_word' id='word_1_82' title='bbox 531 2010 585 2065; x_wconf 88' lang='lat' dir='ltr'><strong>tes,</strong></span> <span class='ocrx_word' id='word_1_83' title='bbox 604 2008 654 2057; x_wconf 90' lang='lat' dir='ltr'><strong>sint</strong></span> <span class='ocrx_word' id='word_1_84' title='bbox 672 2008 811 2067; x_wconf 86' lang='lat' dir='ltr'><strong>rarissimi,</strong></span> <span class='ocrx_word' id='word_1_85' title='bbox 830 2010 1021 2058; x_wconf 86' lang='lat' dir='ltr'><strong>commentario</strong></span> <span class='ocrx_word' id='word_1_86' title='bbox 1040 2011 1131 2059; x_wconf 92' lang='lat' dir='ltr'><strong>nostro</strong></span> <span class='ocrx_word' id='word_1_87' title='bbox 1148 2010 1317 2060; x_wconf 87' lang='lat' dir='ltr'><strong>inseruimus.</strong></span> 
     </span>
    </p>
   </div>
   <div class='ocr_carea' id='block_1_5' title="bbox 449 2088 938 2156">
    <p class='ocr_par' dir='ltr' id='par_1_5' title="bbox 449 2088 938 2156">
     <span class='ocr_line' id='line_1_11' title="bbox 449 2088 938 2156; baseline 0.008 -18"><span class='ocrx_word' id='word_1_88' title='bbox 449 2089 468 2138; x_wconf 92' lang='lat'>0</span> <span class='ocrx_word' id='word_1_89' title='bbox 484 2110 515 2134; x_wconf 95' lang='lat'>=</span> <span class='ocrx_word' id='word_1_90' title='bbox 531 2089 574 2139; x_wconf 93' lang='lat' dir='ltr'>ed.</span> <span class='ocrx_word' id='word_1_91' title='bbox 592 2088 721 2141; x_wconf 84' lang='lat' dir='ltr'><strong>Orelliana</strong></span> <span class='ocrx_word' id='word_1_92' title='bbox 738 2092 811 2156; x_wconf 87' lang='lat' dir='ltr'><strong>prior</strong></span> <span class='ocrx_word' id='word_1_93' title='bbox 827 2105 851 2141; x_wconf 93' lang='lat' dir='ltr'><strong>a.</strong></span> <span class='ocrx_word' id='word_1_94' title='bbox 866 2092 938 2142; x_wconf 81' lang='grc'>4848.</span> 
     </span>
    </p>
   </div>
   <div class='ocr_carea' id='block_1_6' title="bbox 448 2183 1775 2470">
    <p class='ocr_par' dir='ltr' id='par_1_6' title="bbox 448 2183 1775 2470">
     <span class='ocr_line' id='line_1_12' title="bbox 513 2183 1774 2250; baseline 0.006 -18"><span class='ocrx_word' id='word_1_95' title='bbox 513 2183 542 2232; x_wconf 90' lang='grc'>44</span> <span class='ocrx_word' id='word_1_96' title='bbox 559 2183 641 2233; x_wconf 91' lang='lat' dir='ltr'><strong>rebus</strong></span> <span class='ocrx_word' id='word_1_97' title='bbox 664 2184 874 2249; x_wconf 76' lang='lat' dir='ltr'><strong>orthographicis</strong></span> <span class='ocrx_word' id='word_1_98' title='bbox 894 2186 943 2237; x_wconf 91' lang='lat' dir='ltr'><strong>nisi</strong></span> <span class='ocrx_word' id='word_1_99' title='bbox 962 2186 1061 2235; x_wconf 89' lang='lat' dir='ltr'><strong>monito</strong></span> <span class='ocrx_word' id='word_1_100' title='bbox 1079 2184 1178 2236; x_wconf 90' lang='lat' dir='ltr'><strong>lectore</strong></span> <span class='ocrx_word' id='word_1_101' title='bbox 1196 2199 1211 2235; x_wconf 94' lang='lat' dir='ltr'><strong>a</strong></span> <span class='ocrx_word' id='word_1_102' title='bbox 1229 2187 1358 2250; x_wconf 89' lang='lat' dir='ltr'><strong>scriptura</strong></span> <span class='ocrx_word' id='word_1_103' title='bbox 1377 2186 1498 2238; x_wconf 87' lang='lat' dir='ltr'><strong>codicum</strong></span> <span class='ocrx_word' id='word_1_104' title='bbox 1517 2189 1569 2239; x_wconf 84' lang='lat' dir='ltr'><strong>Gli·</strong></span> <span class='ocrx_word' id='word_1_105' title='bbox 1583 2202 1637 2239; x_wconf 92' lang='lat' dir='ltr'>non</span> <span class='ocrx_word' id='word_1_106' title='bbox 1654 2189 1774 2240; x_wconf 89' lang='lat' dir='ltr'><strong>discessi.</strong></span> 
     </span>
     <span class='ocr_line' id='line_1_13' title="bbox 449 2258 1775 2325; baseline 0.006 -19"><span class='ocrx_word' id='word_1_107' title='bbox 449 2258 577 2308; x_wconf 83' lang='lat' dir='ltr'><strong>Ecodice</strong></span> <span class='ocrx_word' id='word_1_108' title='bbox 596 2259 614 2308; x_wconf 85' lang='lat' dir='ltr'>ll</span> <span class='ocrx_word' id='word_1_109' title='bbox 633 2271 719 2322; x_wconf 88' lang='lat' dir='ltr'><strong>neque</strong></span> <span class='ocrx_word' id='word_1_110' title='bbox 737 2259 871 2311; x_wconf 89' lang='lat' dir='ltr'><strong>scribendi</strong></span> <span class='ocrx_word' id='word_1_111' title='bbox 888 2263 1018 2311; x_wconf 90' lang='lat' dir='ltr'><strong>rationem</strong></span> <span class='ocrx_word' id='word_1_112' title='bbox 1037 2261 1178 2319; x_wconf 86' lang='grc'>44444444,</span> <span class='ocrx_word' id='word_1_113' title='bbox 1203 2274 1290 2325; x_wconf 88' lang='lat' dir='ltr'><strong>neque</strong></span> <span class='ocrx_word' id='word_1_114' title='bbox 1312 2264 1399 2316; x_wconf 90' lang='lat' dir='ltr'><strong>omnia</strong></span> <span class='ocrx_word' id='word_1_115' title='bbox 1419 2263 1515 2313; x_wconf 88' lang='lat' dir='ltr'><strong>menda</strong></span> <span class='ocrx_word' id='word_1_116' title='bbox 1534 2264 1647 2314; x_wconf 89' lang='lat' dir='ltr'><strong>enotavi.</strong></span> <span class='ocrx_word' id='word_1_117' title='bbox 1677 2263 1775 2314; x_wconf 84' lang='lat' dir='ltr'><strong>Emen-</strong></span> 
     </span>
     <span class='ocr_line' id='line_1_14' title="bbox 448 2332 1775 2470; baseline 0.007 -90"><span class='ocrx_word' id='word_1_118' title='bbox 448 2332 586 2470; x_wconf 50' lang='grc'>4444444441</span> <span class='ocrx_word' id='word_1_119' title='bbox 589 2345 711 2458; x_wconf 56' lang='grc' dir='ltr'>ί4444414444</span> <span class='ocrx_word' id='word_1_120' title='bbox 728 2337 865 2385; x_wconf 85' lang='lat' dir='ltr'><strong>auctorem</strong></span> <span class='ocrx_word' id='word_1_121' title='bbox 884 2349 936 2386; x_wconf 91' lang='lat' dir='ltr'><strong>uon</strong></span> <span class='ocrx_word' id='word_1_122' title='bbox 954 2335 1081 2395; x_wconf 83' lang='lat' dir='ltr'><strong>indicavi,</strong></span> <span class='ocrx_word' id='word_1_123' title='bbox 1100 2334 1234 2386; x_wconf 88' lang='lat' dir='ltr'><strong>debentur</strong></span> <span class='ocrx_word' id='word_1_124' title='bbox 1250 2334 1292 2386; x_wconf 86' lang='lat' dir='ltr'>vel</span> <span class='ocrx_word' id='word_1_125' title='bbox 1313 2336 1451 2389; x_wconf 89' lang='lat' dir='ltr'><strong>codicibus</strong></span> <span class='ocrx_word' id='word_1_126' title='bbox 1468 2337 1631 2403; x_wconf 86' lang='lat' dir='ltr'><strong>interpolatis</strong></span> <span class='ocrx_word' id='word_1_127' title='bbox 1648 2337 1690 2389; x_wconf 87' lang='lat' dir='ltr'>vel</span> <span class='ocrx_word' id='word_1_128' title='bbox 1707 2340 1775 2389; x_wconf 87' lang='lat' dir='ltr'><strong>anti·</strong></span> 
     </span>
    </p>
   </div>
   <div class='ocr_carea' id='block_1_7' title="bbox 887 2850 1327 2930">
    <p class='ocr_par' dir='ltr' id='par_1_7' title="bbox 887 2850 1327 2930">
     <span class='ocr_line' id='line_1_15' title="bbox 887 2850 1327 2930; baseline 0 -3"><span class='ocrx_word' id='word_1_129' title='bbox 887 2850 1068 2927; x_wconf 80' lang='lat' dir='ltr'><strong>LIBER</strong></span> <span class='ocrx_word' id='word_1_130' title='bbox 1093 2851 1327 2930; x_wconf 80' lang='lat' dir='ltr'>PRIMUS.</span> 
     </span>
    </p>
   </div>
   <div class='ocr_carea' id='block_1_8' title="bbox 1043 3049 1175 3059">
    <p class='ocr_par' dir='ltr' id='par_1_8' title="bbox 1043 3049 1175 3059">
     <span class='ocr_line' id='line_1_16' title="bbox 1043 3049 1175 3059; baseline 0.023 -3"><span class='ocrx_word' id='word_1_131' title='bbox 1043 3049 1175 3059; x_wconf 61' lang='grc'><em>...-</em></span> 
     </span>
    </p>
   </div>
   <div class='ocr_carea' id='block_1_9' title="bbox 399 3173 1774 5221">
    <p class='ocr_par' dir='ltr' id='par_1_9' title="bbox 445 3173 1774 3453">
     <span class='ocr_line' id='line_1_17' title="bbox 529 3173 1774 3261; baseline 0.005 -22"><span class='ocrx_word' id='word_1_132' title='bbox 529 3177 556 3240; x_wconf 89' lang='grc'>4.</span> <span class='ocrx_word' id='word_1_133' title='bbox 581 3173 610 3240; x_wconf 91' lang='grc'>4.</span> <span class='ocrx_word' id='word_1_134' title='bbox 639 3175 715 3240; x_wconf 84' lang='lat' dir='ltr'><strong>Cum</strong></span> <span class='ocrx_word' id='word_1_135' title='bbox 738 3175 959 3239; x_wconf 82' lang='lat' dir='ltr'><strong>defensionum</strong></span> <span class='ocrx_word' id='word_1_136' title='bbox 988 3176 1151 3240; x_wconf 88' lang='lat' dir='ltr'><strong>laboribus</strong></span> <span class='ocrx_word' id='word_1_137' title='bbox 1173 3179 1404 3261; x_wconf 85' lang='lat' dir='ltr'><strong>senatoriisque</strong></span> <span class='ocrx_word' id='word_1_138' title='bbox 1427 3179 1610 3242; x_wconf 88' lang='lat' dir='ltr'><strong>munoribus</strong></span> <span class='ocrx_word' id='word_1_139' title='bbox 1631 3188 1685 3244; x_wconf 90' lang='lat' dir='ltr'>aut</span> <span class='ocrx_word' id='word_1_140' title='bbox 1707 3202 1774 3245; x_wconf 92' lang='lat' dir='ltr'>om-</span> 
     </span>
     <span class='ocr_line' id='line_1_18' title="bbox 445 3268 1774 3354; baseline 0.004 -20"><span class='ocrx_word' id='word_1_141' title='bbox 445 3273 521 3334; x_wconf 94' lang='lat' dir='ltr'><strong>nino</strong></span> <span class='ocrx_word' id='word_1_142' title='bbox 544 3280 599 3334; x_wconf 89' lang='lat' dir='ltr'>aut</span> <span class='ocrx_word' id='word_1_143' title='bbox 620 3290 733 3353; x_wconf 87' lang='lat' dir='ltr'><strong>magna</strong></span> <span class='ocrx_word' id='word_1_144' title='bbox 756 3290 795 3333; x_wconf 86' lang='lat' dir='ltr'>ex</span> <span class='ocrx_word' id='word_1_145' title='bbox 817 3279 905 3352; x_wconf 91' lang='lat' dir='ltr'><strong>parte</strong></span> <span class='ocrx_word' id='word_1_146' title='bbox 928 3290 1030 3333; x_wconf 87' lang='lat' dir='ltr'><strong>essem</strong></span> <span class='ocrx_word' id='word_1_147' title='bbox 1053 3271 1227 3354; x_wconf 87' lang='lat' dir='ltr'><strong>aliquando</strong></span> <span class='ocrx_word' id='word_1_148' title='bbox 1249 3268 1416 3347; x_wconf 88' lang='lat' dir='ltr'><strong>liberatus,</strong></span> <span class='ocrx_word' id='word_1_149' title='bbox 1448 3273 1552 3336; x_wconf 89' lang='lat' dir='ltr'><strong>rettuli</strong></span> <span class='ocrx_word' id='word_1_150' title='bbox 1575 3294 1647 3349; x_wconf 91' lang='grc'>444,</span> <span class='ocrx_word' id='word_1_151' title='bbox 1668 3278 1774 3350; x_wconf 90' lang='lat' dir='ltr'><strong>Brute,</strong></span> 
     </span>
     <span class='ocr_line' id='line_1_19' title="bbox 445 3362 1774 3453; baseline 0.002 -25"><span class='ocrx_word' id='word_1_152' title='bbox 445 3375 475 3428; x_wconf 87' lang='lat' dir='ltr'>te</span> <span class='ocrx_word' id='word_1_153' title='bbox 502 3366 648 3429; x_wconf 89' lang='lat' dir='ltr'><strong>hortante</strong></span> <span class='ocrx_word' id='word_1_154' title='bbox 675 3365 811 3427; x_wconf 85' lang='lat' dir='ltr'><strong>maxime</strong></span> <span class='ocrx_word' id='word_1_155' title='bbox 834 3363 873 3427; x_wconf 91' lang='lat' dir='ltr'><strong>ad</strong></span> <span class='ocrx_word' id='word_1_156' title='bbox 897 3384 934 3426; x_wconf 90' lang='grc'>44</span> <span class='ocrx_word' id='word_1_157' title='bbox 956 3362 1076 3437; x_wconf 86' lang='grc'>444444,</span> <span class='ocrx_word' id='word_1_158' title='bbox 1100 3384 1182 3447; x_wconf 90' lang='lat' dir='ltr'><strong>quae</strong></span> <span class='ocrx_word' id='word_1_159' title='bbox 1205 3373 1326 3429; x_wconf 90' lang='lat' dir='ltr'><strong>retenta</strong></span> <span class='ocrx_word' id='word_1_160' title='bbox 1349 3368 1471 3439; x_wconf 89' lang='lat' dir='ltr'><strong>animo,</strong></span> <span class='ocrx_word' id='word_1_161' title='bbox 1498 3367 1630 3430; x_wconf 89' lang='lat' dir='ltr'><strong>remissa</strong></span> <span class='ocrx_word' id='word_1_162' title='bbox 1652 3375 1774 3453; x_wconf 89' lang='lat' dir='ltr'><strong>tempo-</strong></span> 
     </span>
    </p>

    <p class='ocr_par' dir='ltr' id='par_1_10' title="bbox 399 3455 1773 5221">
     <span class='ocr_line' id='line_1_20' title="bbox 399 3455 1773 3546; baseline 0.003 -24"><span class='ocrx_word' id='word_1_163' title='bbox 399 3455 412 3467; x_wconf 51' lang='lat'><em>*</em></span> <span class='ocrx_word' id='word_1_164' title='bbox 444 3460 547 3533; x_wconf 89' lang='lat' dir='ltr'><strong>ribus,</strong></span> <span class='ocrx_word' id='word_1_165' title='bbox 569 3459 664 3539; x_wconf 89' lang='lat' dir='ltr'><strong>longo</strong></span> <span class='ocrx_word' id='word_1_166' title='bbox 687 3458 853 3520; x_wconf 89' lang='lat' dir='ltr'><strong>intervallo</strong></span> <span class='ocrx_word' id='word_1_167' title='bbox 869 3457 1049 3520; x_wconf 90' lang='lat' dir='ltr'><strong>intermissa</strong></span> <span class='ocrx_word' id='word_1_168' title='bbox 1065 3459 1227 3532; x_wconf 87' lang='lat' dir='ltr'><strong>revocavi,</strong></span> <span class='ocrx_word' id='word_1_169' title='bbox 1250 3468 1282 3521; x_wconf 91' lang='grc'>44</span> <span class='ocrx_word' id='word_1_170' title='bbox 1295 3479 1368 3522; x_wconf 91' lang='lat' dir='ltr'><strong>oum</strong></span> <span class='ocrx_word' id='word_1_171' title='bbox 1383 3460 1524 3522; x_wconf 92' lang='lat' dir='ltr'><strong>omnium</strong></span> <span class='ocrx_word' id='word_1_172' title='bbox 1540 3462 1666 3536; x_wconf 90' lang='lat' dir='ltr'><strong>artium,</strong></span> <span class='ocrx_word' id='word_1_173' title='bbox 1690 3482 1773 3546; x_wconf 87' lang='lat' dir='ltr'><strong>quae</strong></span> 
     </span>
     <span class='ocr_line' id='line_1_21' title="bbox 418 3549 1773 3638; baseline 0.003 -24"><span class='ocrx_word' id='word_1_174' title='bbox 418 3553 483 3615; x_wconf 84' lang='lat' dir='ltr'>aad</span> <span class='ocrx_word' id='word_1_175' title='bbox 506 3559 622 3614; x_wconf 91' lang='lat' dir='ltr'><strong>rectam</strong></span> <span class='ocrx_word' id='word_1_176' title='bbox 646 3549 771 3613; x_wconf 81' lang='lat' dir='ltr'><strong>vivendi</strong></span> <span class='ocrx_word' id='word_1_177' title='bbox 795 3549 877 3613; x_wconf 83' lang='grc'>44444</span> <span class='ocrx_word' id='word_1_178' title='bbox 900 3550 1109 3632; x_wconf 85' lang='lat' dir='ltr'><strong>pertinerent,</strong></span> <span class='ocrx_word' id='word_1_179' title='bbox 1131 3552 1211 3614; x_wconf 88' lang='grc'>44444</span> <span class='ocrx_word' id='word_1_180' title='bbox 1235 3560 1266 3615; x_wconf 90' lang='grc'>44</span> <span class='ocrx_word' id='word_1_181' title='bbox 1282 3553 1450 3635; x_wconf 91' lang='lat' dir='ltr'><strong>disciplina</strong></span> <span class='ocrx_word' id='word_1_182' title='bbox 1466 3553 1570 3617; x_wconf 90' lang='lat' dir='ltr'><strong>studio</strong></span> <span class='ocrx_word' id='word_1_183' title='bbox 1586 3554 1773 3638; x_wconf 91' lang='grc'>4444444444,</span> 
     </span>
     <span class='ocr_line' id='line_1_22' title="bbox 443 3643 1773 3729; baseline 0.002 -21"><span class='ocrx_word' id='word_1_184' title='bbox 443 3665 525 3729; x_wconf 89' lang='lat' dir='ltr'><strong>quae</strong></span> <span class='ocrx_word' id='word_1_185' title='bbox 547 3643 749 3728; x_wconf 88' lang='lat' dir='ltr'><strong>philosophia</strong></span> <span class='ocrx_word' id='word_1_186' title='bbox 769 3643 900 3717; x_wconf 89' lang='lat' dir='ltr'><strong>dicitur,</strong></span> <span class='ocrx_word' id='word_1_187' title='bbox 923 3643 1147 3717; x_wconf 87' lang='lat' dir='ltr'><strong>contineretur,</strong></span> <span class='ocrx_word' id='word_1_188' title='bbox 1170 3645 1230 3707; x_wconf 89' lang='lat' dir='ltr'>boc</span> <span class='ocrx_word' id='word_1_189' title='bbox 1244 3647 1320 3709; x_wconf 92' lang='lat' dir='ltr'><strong>mihi</strong></span> <span class='ocrx_word' id='word_1_190' title='bbox 1340 3648 1458 3710; x_wconf 89' lang='lat' dir='ltr'><strong>Latinis</strong></span> <span class='ocrx_word' id='word_1_191' title='bbox 1472 3648 1584 3710; x_wconf 89' lang='grc'>44444444</span> <span class='ocrx_word' id='word_1_192' title='bbox 1599 3648 1773 3712; x_wconf 86' lang='lat' dir='ltr'><strong>inlustran-</strong></span> 
     </span>
     <span class='ocr_line' id='line_1_23' title="bbox 441 3734 1771 3825; baseline 0.003 -26"><span class='ocrx_word' id='word_1_193' title='bbox 441 3738 515 3801; x_wconf 92' lang='lat' dir='ltr'><strong>dum</strong></span> <span class='ocrx_word' id='word_1_194' title='bbox 538 3736 664 3823; x_wconf 86' lang='lat' dir='ltr'><strong>putavi,</strong></span> <span class='ocrx_word' id='word_1_195' title='bbox 687 3756 749 3799; x_wconf 92' lang='lat' dir='ltr'>non</span> <span class='ocrx_word' id='word_1_196' title='bbox 774 3737 847 3820; x_wconf 90' lang='lat' dir='ltr'><strong>quia</strong></span> <span class='ocrx_word' id='word_1_197' title='bbox 869 3734 1069 3819; x_wconf 89' lang='lat' dir='ltr'><strong>philosophia</strong></span> <span class='ocrx_word' id='word_1_198' title='bbox 1084 3735 1211 3800; x_wconf 88' lang='lat' dir='ltr'><strong>Graecis</strong></span> <span class='ocrx_word' id='word_1_199' title='bbox 1227 3747 1259 3802; x_wconf 93' lang='grc'>44</span> <span class='ocrx_word' id='word_1_200' title='bbox 1277 3739 1390 3803; x_wconf 89' lang='lat' dir='ltr'><strong>litteris</strong></span> <span class='ocrx_word' id='word_1_201' title='bbox 1406 3750 1437 3804; x_wconf 92' lang='lat' dir='ltr'>et</span> <span class='ocrx_word' id='word_1_202' title='bbox 1453 3737 1635 3804; x_wconf 91' lang='lat' dir='ltr'><strong>doctoribus</strong></span> <span class='ocrx_word' id='word_1_203' title='bbox 1651 3740 1771 3825; x_wconf 87' lang='lat' dir='ltr'><strong>percipi</strong></span> 
     </span>
     <span class='ocr_line' id='line_1_24' title="bbox 441 3828 1770 3914; baseline 0.002 -19"><span class='ocrx_word' id='word_1_204' title='bbox 441 3853 504 3895; x_wconf 92' lang='lat' dir='ltr'>non</span> <span class='ocrx_word' id='word_1_205' title='bbox 526 3838 650 3914; x_wconf 90' lang='lat' dir='ltr'><strong>posset,</strong></span> <span class='ocrx_word' id='word_1_206' title='bbox 673 3828 729 3892; x_wconf 89' lang='lat' dir='ltr'>sed</span> <span class='ocrx_word' id='word_1_207' title='bbox 752 3849 856 3892; x_wconf 91' lang='lat' dir='ltr'><strong>meum</strong></span> <span class='ocrx_word' id='word_1_208' title='bbox 879 3848 1003 3911; x_wconf 86' lang='lat' dir='ltr'><strong>semper</strong></span> <span class='ocrx_word' id='word_1_209' title='bbox 1024 3828 1176 3892; x_wconf 91' lang='lat' dir='ltr'><strong>iudicium</strong></span> <span class='ocrx_word' id='word_1_210' title='bbox 1199 3829 1259 3896; x_wconf 87' lang='grc'>4444</span> <span class='ocrx_word' id='word_1_211' title='bbox 1274 3835 1378 3908; x_wconf 86' lang='lat' dir='ltr'><strong>omnia</strong></span> <span class='ocrx_word' id='word_1_212' title='bbox 1401 3841 1527 3897; x_wconf 91' lang='lat' dir='ltr'><strong>nostros</strong></span> <span class='ocrx_word' id='word_1_213' title='bbox 1543 3833 1770 3897; x_wconf 86' lang='lat' dir='ltr'><strong>autinveuisse</strong></span> 
     </span>
     <span class='ocr_line' id='line_1_25' title="bbox 440 3922 1769 4010; baseline 0.002 -22"><span class='ocrx_word' id='word_1_214' title='bbox 440 3945 500 4010; x_wconf 88' lang='lat' dir='ltr'>per</span> <span class='ocrx_word' id='word_1_215' title='bbox 521 3945 555 3988; x_wconf 91' lang='grc'>44</span> <span class='ocrx_word' id='word_1_216' title='bbox 577 3923 752 4005; x_wconf 90' lang='grc'>4444444444</span> <span class='ocrx_word' id='word_1_217' title='bbox 775 3942 867 4006; x_wconf 92' lang='lat' dir='ltr'><strong>quam</strong></span> <span class='ocrx_word' id='word_1_218' title='bbox 892 3922 1029 3985; x_wconf 85' lang='lat' dir='ltr'><strong>Graecos</strong></span> <span class='ocrx_word' id='word_1_219' title='bbox 1051 3931 1105 3985; x_wconf 90' lang='lat' dir='ltr'>aut</span> <span class='ocrx_word' id='word_1_220' title='bbox 1123 3934 1253 4008; x_wconf 90' lang='lat' dir='ltr'><strong>accepta</strong></span> <span class='ocrx_word' id='word_1_221' title='bbox 1267 3926 1306 3989; x_wconf 89' lang='lat' dir='ltr'><strong>ah</strong></span> <span class='ocrx_word' id='word_1_222' title='bbox 1321 3927 1384 3990; x_wconf 92' lang='lat' dir='ltr'><strong>illis</strong></span> <span class='ocrx_word' id='word_1_223' title='bbox 1399 3927 1512 3991; x_wconf 88' lang='grc'>4444444</span> <span class='ocrx_word' id='word_1_224' title='bbox 1528 3926 1668 4000; x_wconf 88' lang='lat' dir='ltr'><strong>meliora,</strong></span> <span class='ocrx_word' id='word_1_225' title='bbox 1684 3946 1769 4010; x_wconf 87' lang='lat' dir='ltr'><strong>quae</strong></span> 
     </span>
     <span class='ocr_line' id='line_1_26' title="bbox 401 4016 1769 4103; baseline 0 -20"><span class='ocrx_word' id='word_1_226' title='bbox 401 4037 429 4083; x_wconf 87' lang='grc'>44</span> <span class='ocrx_word' id='word_1_227' title='bbox 440 4018 567 4103; x_wconf 87' lang='lat' dir='ltr'><strong>quidem</strong></span> <span class='ocrx_word' id='word_1_228' title='bbox 598 4016 694 4100; x_wconf 88' lang='lat' dir='ltr'><strong>digna</strong></span> <span class='ocrx_word' id='word_1_229' title='bbox 722 4017 910 4080; x_wconf 85' lang='lat' dir='ltr'><strong>statuissent</strong></span> <span class='ocrx_word' id='word_1_230' title='bbox 939 4016 970 4078; x_wconf 95' lang='lat' dir='ltr'>in</span> <span class='ocrx_word' id='word_1_231' title='bbox 994 4016 1109 4099; x_wconf 89' lang='lat' dir='ltr'><strong>quibus</strong></span> <span class='ocrx_word' id='word_1_232' title='bbox 1132 4018 1340 4082; x_wconf 88' lang='lat' dir='ltr'><strong>elaborarent.</strong></span> <span class='ocrx_word' id='word_1_233' title='bbox 1384 4017 1414 4084; x_wconf 76' lang='lat'>2.</span> <span class='ocrx_word' id='word_1_234' title='bbox 1437 4022 1514 4084; x_wconf 87' lang='lat' dir='ltr'><strong>Nam</strong></span> <span class='ocrx_word' id='word_1_235' title='bbox 1539 4039 1641 4083; x_wconf 91' lang='lat' dir='ltr'><strong>mores</strong></span> <span class='ocrx_word' id='word_1_236' title='bbox 1664 4028 1697 4083; x_wconf 90' lang='lat' dir='ltr'>et</span> <span class='ocrx_word' id='word_1_237' title='bbox 1719 4021 1769 4083; x_wconf 94' lang='lat' dir='ltr'>in-</span> 
     </span>
     <span class='ocr_line' id='line_1_27' title="bbox 439 4108 1771 4195; baseline 0 -19"><span class='ocrx_word' id='word_1_238' title='bbox 439 4114 550 4177; x_wconf 89' lang='lat' dir='ltr'><strong>stituta</strong></span> <span class='ocrx_word' id='word_1_239' title='bbox 571 4112 653 4173; x_wconf 87' lang='lat' dir='ltr'><strong>vitae</strong></span> <span class='ocrx_word' id='word_1_240' title='bbox 675 4130 790 4195; x_wconf 89' lang='lat' dir='ltr'><strong>resque</strong></span> <span class='ocrx_word' id='word_1_241' title='bbox 813 4108 1002 4173; x_wconf 88' lang='lat' dir='ltr'><strong>domesticas</strong></span> <span class='ocrx_word' id='word_1_242' title='bbox 1023 4130 1059 4173; x_wconf 90' lang='lat' dir='ltr'><strong>ac</strong></span> <span class='ocrx_word' id='word_1_243' title='bbox 1079 4109 1244 4174; x_wconf 83' lang='lat' dir='ltr'><strong>familiaris</strong></span> <span class='ocrx_word' id='word_1_244' title='bbox 1266 4133 1326 4175; x_wconf 92' lang='lat' dir='ltr'><strong>nos</strong></span> <span class='ocrx_word' id='word_1_245' title='bbox 1348 4113 1488 4195; x_wconf 88' lang='grc'>44444444</span> <span class='ocrx_word' id='word_1_246' title='bbox 1511 4121 1543 4177; x_wconf 90' lang='grc'>44</span> <span class='ocrx_word' id='word_1_247' title='bbox 1565 4114 1678 4177; x_wconf 90' lang='lat' dir='ltr'><strong>melius</strong></span> <span class='ocrx_word' id='word_1_248' title='bbox 1701 4122 1771 4176; x_wconf 91' lang='lat' dir='ltr'><strong>tue·</strong></span> 
     </span>
     <span class='ocr_line' id='line_1_28' title="bbox 440 4203 1771 4287; baseline 0 -17"><span class='ocrx_word' id='word_1_249' title='bbox 440 4227 511 4270; x_wconf 92' lang='lat' dir='ltr'>mur</span> <span class='ocrx_word' id='word_1_250' title='bbox 532 4215 563 4270; x_wconf 90' lang='grc'>44</span> <span class='ocrx_word' id='word_1_251' title='bbox 585 4205 718 4278; x_wconf 87' lang='lat' dir='ltr'><strong>lautius,</strong></span> <span class='ocrx_word' id='word_1_252' title='bbox 741 4225 805 4268; x_wconf 92' lang='lat' dir='ltr'>rem</span> <span class='ocrx_word' id='word_1_253' title='bbox 829 4224 902 4266; x_wconf 88' lang='lat' dir='ltr'><strong>vero</strong></span> <span class='ocrx_word' id='word_1_254' title='bbox 925 4203 1082 4287; x_wconf 87' lang='lat' dir='ltr'><strong>publicam</strong></span> <span class='ocrx_word' id='word_1_255' title='bbox 1106 4204 1204 4268; x_wconf 86' lang='lat' dir='ltr'><strong>nostri</strong></span> <span class='ocrx_word' id='word_1_256' title='bbox 1227 4207 1360 4269; x_wconf 87' lang='lat' dir='ltr'><strong>maiores</strong></span> <span class='ocrx_word' id='word_1_257' title='bbox 1383 4217 1468 4271; x_wconf 90' lang='lat' dir='ltr'><strong>certe</strong></span> <span class='ocrx_word' id='word_1_258' title='bbox 1491 4204 1675 4271; x_wconf 90' lang='lat' dir='ltr'><strong>melioribus</strong></span> <span class='ocrx_word' id='word_1_259' title='bbox 1691 4215 1771 4270; x_wconf 92' lang='lat' dir='ltr'><strong>tem·</strong></span> 
     </span>
     <span class='ocr_line' id='line_1_29' title="bbox 440 4297 1771 4385; baseline 0 -22"><span class='ocrx_word' id='word_1_260' title='bbox 440 4308 630 4384; x_wconf 87' lang='lat' dir='ltr'><strong>peraverunt</strong></span> <span class='ocrx_word' id='word_1_261' title='bbox 651 4307 684 4361; x_wconf 91' lang='grc'>44</span> <span class='ocrx_word' id='word_1_262' title='bbox 704 4299 856 4361; x_wconf 88' lang='grc'>4444444444</span> <span class='ocrx_word' id='word_1_263' title='bbox 879 4304 911 4359; x_wconf 88' lang='grc'>44</span> <span class='ocrx_word' id='word_1_264' title='bbox 932 4297 1063 4380; x_wconf 85' lang='lat' dir='ltr'><strong>legibus.</strong></span> <span class='ocrx_word' id='word_1_265' title='bbox 1102 4297 1187 4373; x_wconf 84' lang='lat' dir='ltr'><strong>Quid</strong></span> <span class='ocrx_word' id='word_1_266' title='bbox 1217 4299 1330 4383; x_wconf 84' lang='lat' dir='ltr'><strong>loquar</strong></span> <span class='ocrx_word' id='word_1_267' title='bbox 1351 4301 1390 4363; x_wconf 93' lang='lat' dir='ltr'>de</span> <span class='ocrx_word' id='word_1_268' title='bbox 1413 4322 1446 4364; x_wconf 91' lang='lat' dir='ltr'>re</span> <span class='ocrx_word' id='word_1_269' title='bbox 1470 4302 1618 4365; x_wconf 81' lang='lat' dir='ltr'><strong>militarit</strong></span> <span class='ocrx_word' id='word_1_270' title='bbox 1650 4303 1683 4364; x_wconf 92' lang='lat' dir='ltr'>in</span> <span class='ocrx_word' id='word_1_271' title='bbox 1707 4321 1771 4385; x_wconf 90' lang='lat' dir='ltr'>qua</span> 
     </span>
     <span class='ocr_line' id='line_1_30' title="bbox 439 4391 1770 4477; baseline -0.002 -19"><span class='ocrx_word' id='word_1_272' title='bbox 439 4416 510 4458; x_wconf 93' lang='lat' dir='ltr'><strong>oum</strong></span> <span class='ocrx_word' id='word_1_273' title='bbox 534 4396 647 4457; x_wconf 87' lang='lat' dir='ltr'><strong>virtute</strong></span> <span class='ocrx_word' id='word_1_274' title='bbox 670 4393 770 4455; x_wconf 89' lang='lat' dir='ltr'><strong>nostri</strong></span> <span class='ocrx_word' id='word_1_275' title='bbox 789 4391 923 4454; x_wconf 88' lang='lat' dir='ltr'><strong>multum</strong></span> <span class='ocrx_word' id='word_1_276' title='bbox 941 4391 1200 4465; x_wconf 73' lang='lat' dir='ltr'><strong>vulnerantium</strong></span> <span class='ocrx_word' id='word_1_277' title='bbox 1217 4394 1290 4475; x_wconf 91' lang='lat' dir='ltr'><strong>plus</strong></span> <span class='ocrx_word' id='word_1_278' title='bbox 1307 4395 1400 4457; x_wconf 89' lang='lat' dir='ltr'><strong>etiam</strong></span> <span class='ocrx_word' id='word_1_279' title='bbox 1415 4395 1594 4477; x_wconf 85' lang='lat' dir='ltr'><strong>disciplina.</strong></span> <span class='ocrx_word' id='word_1_280' title='bbox 1624 4394 1770 4476; x_wconf 79' lang='lat' dir='ltr'><strong>tamilla,</strong></span> 
     </span>
     <span class='ocr_line' id='line_1_31' title="bbox 401 4484 1769 4573; baseline -0.003 -20"><span class='ocrx_word' id='word_1_281' title='bbox 401 4507 520 4573; x_wconf 75' lang='lat' dir='ltr'><strong>siquae</strong></span> <span class='ocrx_word' id='word_1_282' title='bbox 543 4496 668 4561; x_wconf 89' lang='lat' dir='ltr'><strong>natura,</strong></span> <span class='ocrx_word' id='word_1_283' title='bbox 691 4505 756 4548; x_wconf 93' lang='lat' dir='ltr'>non</span> <span class='ocrx_word' id='word_1_284' title='bbox 778 4485 892 4548; x_wconf 90' lang='lat' dir='ltr'><strong>litteris</strong></span> <span class='ocrx_word' id='word_1_285' title='bbox 914 4484 1055 4547; x_wconf 89' lang='lat' dir='ltr'><strong>adsecuti</strong></span> <span class='ocrx_word' id='word_1_286' title='bbox 1078 4493 1170 4560; x_wconf 90' lang='lat' dir='ltr'><strong>sunt,</strong></span> <span class='ocrx_word' id='word_1_287' title='bbox 1200 4506 1304 4569; x_wconf 90' lang='lat' dir='ltr'><strong>neque</strong></span> <span class='ocrx_word' id='word_1_288' title='bbox 1327 4508 1397 4550; x_wconf 93' lang='lat' dir='ltr'><strong>cum</strong></span> <span class='ocrx_word' id='word_1_289' title='bbox 1421 4487 1553 4552; x_wconf 89' lang='lat' dir='ltr'><strong>Graecia</strong></span> <span class='ocrx_word' id='word_1_290' title='bbox 1574 4507 1681 4571; x_wconf 84' lang='lat' dir='ltr'><strong>neque</strong></span> <span class='ocrx_word' id='word_1_291' title='bbox 1702 4486 1769 4549; x_wconf 86' lang='lat' dir='ltr'><strong>ulla</strong></span> 
     </span>
     <span class='ocr_line' id='line_1_32' title="bbox 439 4578 1769 4665; baseline -0.004 -19"><span class='ocrx_word' id='word_1_292' title='bbox 439 4604 509 4646; x_wconf 91' lang='lat' dir='ltr'><strong>cum</strong></span> <span class='ocrx_word' id='word_1_293' title='bbox 532 4590 624 4665; x_wconf 90' lang='lat' dir='ltr'><strong>gente</strong></span> <span class='ocrx_word' id='word_1_294' title='bbox 648 4587 720 4643; x_wconf 91' lang='lat' dir='ltr'><strong>sunt</strong></span> <span class='ocrx_word' id='word_1_295' title='bbox 742 4578 941 4641; x_wconf 83' lang='grc'>4444444444.</span> <span class='ocrx_word' id='word_1_296' title='bbox 980 4578 1069 4654; x_wconf 88' lang='lat' dir='ltr'><strong>Quae</strong></span> <span class='ocrx_word' id='word_1_297' title='bbox 1092 4579 1177 4640; x_wconf 89' lang='lat' dir='ltr'><strong>enim</strong></span> <span class='ocrx_word' id='word_1_298' title='bbox 1199 4587 1285 4642; x_wconf 84' lang='grc'>44444</span> <span class='ocrx_word' id='word_1_299' title='bbox 1308 4581 1458 4661; x_wconf 87' lang='lat' dir='ltr'><strong>gravitas,</strong></span> <span class='ocrx_word' id='word_1_300' title='bbox 1483 4601 1565 4665; x_wconf 84' lang='lat' dir='ltr'><strong>quae</strong></span> <span class='ocrx_word' id='word_1_301' title='bbox 1589 4589 1677 4644; x_wconf 88' lang='grc'>44444</span> <span class='ocrx_word' id='word_1_302' title='bbox 1692 4599 1769 4642; x_wconf 94' lang='lat' dir='ltr'><strong>con·</strong></span> 
     </span>
     <span class='ocr_line' id='line_1_33' title="bbox 438 4669 1769 4756; baseline -0.004 -17"><span class='ocrx_word' id='word_1_303' title='bbox 438 4677 568 4749; x_wconf 89' lang='grc'>4444444,</span> <span class='ocrx_word' id='word_1_304' title='bbox 591 4671 774 4756; x_wconf 90' lang='lat' dir='ltr'><strong>magnitudo</strong></span> <span class='ocrx_word' id='word_1_305' title='bbox 797 4672 911 4746; x_wconf 88' lang='lat' dir='ltr'><strong>animi,</strong></span> <span class='ocrx_word' id='word_1_306' title='bbox 942 4669 1097 4754; x_wconf 89' lang='lat' dir='ltr'><strong>probitas,</strong></span> <span class='ocrx_word' id='word_1_307' title='bbox 1127 4672 1224 4747; x_wconf 86' lang='lat' dir='ltr'><strong>fides,</strong></span> <span class='ocrx_word' id='word_1_308' title='bbox 1248 4694 1330 4756; x_wconf 90' lang='lat' dir='ltr'><strong>quae</strong></span> <span class='ocrx_word' id='word_1_309' title='bbox 1353 4683 1416 4738; x_wconf 91' lang='lat' dir='ltr'>tam</span> <span class='ocrx_word' id='word_1_310' title='bbox 1438 4675 1600 4739; x_wconf 86' lang='lat' dir='ltr'><strong>excellens</strong></span> <span class='ocrx_word' id='word_1_311' title='bbox 1624 4673 1657 4735; x_wconf 92' lang='lat' dir='ltr'>in</span> <span class='ocrx_word' id='word_1_312' title='bbox 1680 4671 1769 4735; x_wconf 91' lang='lat' dir='ltr'><strong>omni</strong></span> 
     </span>
     <span class='ocr_line' id='line_1_34' title="bbox 438 4764 1768 4853; baseline -0.006 -20"><span class='ocrx_word' id='word_1_313' title='bbox 438 4789 554 4853; x_wconf 89' lang='lat' dir='ltr'><strong>genere</strong></span> <span class='ocrx_word' id='word_1_314' title='bbox 586 4768 687 4831; x_wconf 81' lang='lat' dir='ltr'><strong>uirtus</strong></span> <span class='ocrx_word' id='word_1_315' title='bbox 715 4766 748 4828; x_wconf 92' lang='lat' dir='ltr'>in</span> <span class='ocrx_word' id='word_1_316' title='bbox 778 4765 853 4828; x_wconf 92' lang='lat' dir='ltr'><strong>ullis</strong></span> <span class='ocrx_word' id='word_1_317' title='bbox 875 4764 950 4840; x_wconf 87' lang='lat' dir='ltr'><strong>fuit,</strong></span> <span class='ocrx_word' id='word_1_318' title='bbox 984 4773 1018 4828; x_wconf 94' lang='lat' dir='ltr'>ut</span> <span class='ocrx_word' id='word_1_319' title='bbox 1040 4766 1081 4828; x_wconf 90' lang='lat' dir='ltr'>sit</span> <span class='ocrx_word' id='word_1_320' title='bbox 1104 4786 1174 4828; x_wconf 92' lang='lat' dir='ltr'><strong>cum</strong></span> <span class='ocrx_word' id='word_1_321' title='bbox 1198 4766 1369 4830; x_wconf 89' lang='lat' dir='ltr'><strong>maioribus</strong></span> <span class='ocrx_word' id='word_1_322' title='bbox 1392 4768 1508 4830; x_wconf 89' lang='lat' dir='ltr'><strong>nostris</strong></span> <span class='ocrx_word' id='word_1_323' title='bbox 1531 4765 1768 4850; x_wconf 71' lang='lat' dir='ltr'><strong>comparanda!</strong></span> 
     </span>
     <span class='ocr_line' id='line_1_35' title="bbox 438 4858 1767 4944; baseline -0.005 -17"><span class='ocrx_word' id='word_1_324' title='bbox 438 4867 468 4927; x_wconf 89' lang='grc'>3.</span> <span class='ocrx_word' id='word_1_325' title='bbox 490 4864 641 4925; x_wconf 86' lang='lat' dir='ltr'><strong>Doctrina</strong></span> <span class='ocrx_word' id='word_1_326' title='bbox 670 4859 800 4923; x_wconf 88' lang='lat' dir='ltr'><strong>Graecia</strong></span> <span class='ocrx_word' id='word_1_327' title='bbox 827 4877 886 4921; x_wconf 91' lang='lat' dir='ltr'><strong>nos</strong></span> <span class='ocrx_word' id='word_1_328' title='bbox 916 4868 947 4922; x_wconf 91' lang='lat' dir='ltr'>et</span> <span class='ocrx_word' id='word_1_329' title='bbox 976 4858 1062 4920; x_wconf 91' lang='lat' dir='ltr'><strong>omni</strong></span> <span class='ocrx_word' id='word_1_330' title='bbox 1090 4858 1263 4922; x_wconf 87' lang='lat' dir='ltr'><strong>litterarum</strong></span> <span class='ocrx_word' id='word_1_331' title='bbox 1287 4880 1402 4942; x_wconf 90' lang='lat' dir='ltr'><strong>genere</strong></span> <span class='ocrx_word' id='word_1_332' title='bbox 1424 4859 1612 4944; x_wconf 86' lang='lat' dir='ltr'><strong>superabat,</strong></span> <span class='ocrx_word' id='word_1_333' title='bbox 1645 4860 1767 4943; x_wconf 86' lang='lat' dir='ltr'><strong>inquo</strong></span> 
     </span>
     <span class='ocr_line' id='line_1_36' title="bbox 400 4951 1769 5035; baseline -0.006 -14"><span class='ocrx_word' id='word_1_334' title='bbox 400 4965 506 5024; x_wconf 82' lang='grc'>444444</span> <span class='ocrx_word' id='word_1_335' title='bbox 532 4955 625 5018; x_wconf 88' lang='grc'>444444</span> <span class='ocrx_word' id='word_1_336' title='bbox 653 4954 777 5016; x_wconf 85' lang='lat' dir='ltr'><strong>vincere</strong></span> <span class='ocrx_word' id='word_1_337' title='bbox 800 4971 864 5015; x_wconf 94' lang='lat' dir='ltr'>non</span> <span class='ocrx_word' id='word_1_338' title='bbox 886 4960 1108 5035; x_wconf 87' lang='lat' dir='ltr'><strong>repugnantes.</strong></span> <span class='ocrx_word' id='word_1_339' title='bbox 1152 4953 1230 5015; x_wconf 90' lang='lat' dir='ltr'><strong>Nam</strong></span> <span class='ocrx_word' id='word_1_340' title='bbox 1252 4973 1323 5015; x_wconf 92' lang='lat' dir='ltr'><strong>cum</strong></span> <span class='ocrx_word' id='word_1_341' title='bbox 1346 4951 1432 5034; x_wconf 89' lang='lat' dir='ltr'><strong>apud</strong></span> <span class='ocrx_word' id='word_1_342' title='bbox 1455 4953 1592 5016; x_wconf 85' lang='lat' dir='ltr'><strong>Graecos</strong></span> <span class='ocrx_word' id='word_1_343' title='bbox 1614 4952 1769 5035; x_wconf 85' lang='lat' dir='ltr'><strong>antiquis-</strong></span> 
     </span>
     <span class='ocr_line' id='line_1_37' title="bbox 438 5044 1768 5129; baseline -0.004 -17"><span class='ocrx_word' id='word_1_344' title='bbox 438 5050 551 5113; x_wconf 89' lang='lat' dir='ltr'><strong>simum</strong></span> <span class='ocrx_word' id='word_1_345' title='bbox 574 5046 710 5110; x_wconf 87' lang='lat' dir='ltr'><strong>edoctis</strong></span> <span class='ocrx_word' id='word_1_346' title='bbox 732 5066 832 5129; x_wconf 91' lang='lat' dir='ltr'><strong>genus</strong></span> <span class='ocrx_word' id='word_1_347' title='bbox 855 5046 896 5108; x_wconf 90' lang='lat' dir='ltr'>sil</span> <span class='ocrx_word' id='word_1_348' title='bbox 916 5052 1096 5128; x_wconf 77' lang='lat' dir='ltr'><strong>petitarum,</strong></span> <span class='ocrx_word' id='word_1_349' title='bbox 1119 5047 1145 5107; x_wconf 89' lang='lat' dir='ltr'>si</span> <span class='ocrx_word' id='word_1_350' title='bbox 1167 5045 1295 5128; x_wconf 90' lang='lat' dir='ltr'><strong>quidem</strong></span> <span class='ocrx_word' id='word_1_351' title='bbox 1319 5047 1474 5108; x_wconf 83' lang='lat' dir='ltr'><strong>Homerus</strong></span> <span class='ocrx_word' id='word_1_352' title='bbox 1489 5046 1548 5109; x_wconf 87' lang='lat' dir='ltr'><strong>luit</strong></span> <span class='ocrx_word' id='word_1_353' title='bbox 1563 5055 1594 5109; x_wconf 96' lang='grc'>44</span> <span class='ocrx_word' id='word_1_354' title='bbox 1608 5044 1768 5108; x_wconf 87' lang='lat' dir='ltr'><strong>Hesiodus</strong></span> 
     </span>
     <span class='ocr_line' id='line_1_38' title="bbox 437 5138 1767 5221; baseline -0.005 -15"><span class='ocrx_word' id='word_1_355' title='bbox 437 5150 511 5206; x_wconf 90' lang='lat' dir='ltr'><strong>ante</strong></span> <span class='ocrx_word' id='word_1_356' title='bbox 529 5143 659 5204; x_wconf 81' lang='lat' dir='ltr'><strong>Romam</strong></span> <span class='ocrx_word' id='word_1_357' title='bbox 676 5139 845 5214; x_wconf 89' lang='lat' dir='ltr'><strong>conditam,</strong></span> <span class='ocrx_word' id='word_1_358' title='bbox 863 5138 1072 5201; x_wconf 79' lang='lat' dir='ltr'><strong>Archilochus</strong></span> <span class='ocrx_word' id='word_1_359' title='bbox 1088 5146 1238 5220; x_wconf 89' lang='lat' dir='ltr'><strong>regnanto</strong></span> <span class='ocrx_word' id='word_1_360' title='bbox 1254 5138 1397 5213; x_wconf 84' lang='lat' dir='ltr'><strong>llomulo,</strong></span> <span class='ocrx_word' id='word_1_361' title='bbox 1420 5140 1521 5202; x_wconf 91' lang='lat' dir='ltr'><strong>serius</strong></span> <span class='ocrx_word' id='word_1_362' title='bbox 1537 5140 1691 5221; x_wconf 80' lang='grc'>4444444444</span> <span class='ocrx_word' id='word_1_363' title='bbox 1708 5157 1767 5201; x_wconf 88' lang='grc'>444</span> 
     </span>
    </p>
   </div>
   <div class='ocr_carea' id='block_1_10' title="bbox 435 5386 1768 5899">
    <p class='ocr_par' dir='ltr' id='par_1_11' title="bbox 435 5386 1768 5899">
     <span class='ocr_line' id='line_1_39' title="bbox 501 5386 1768 5444; baseline -0.005 -4"><span class='ocrx_word' id='word_1_364' title='bbox 501 5391 647 5440; x_wconf 84' lang='grc'>4444444444.</span> <span class='ocrx_word' id='word_1_365' title='bbox 679 5401 707 5437; x_wconf 87' lang='lat' dir='ltr'>rr.</span> <span class='ocrx_word' id='word_1_366' title='bbox 729 5399 810 5437; x_wconf 82' lang='grc'>444444</span> <span class='ocrx_word' id='word_1_367' title='bbox 832 5398 963 5438; x_wconf 77' lang='lat' dir='ltr'><strong>cressonis</strong></span> <span class='ocrx_word' id='word_1_368' title='bbox 985 5399 1176 5439; x_wconf 73' lang='lat' dir='ltr'><strong>responsuram</strong></span> <span class='ocrx_word' id='word_1_369' title='bbox 1199 5398 1293 5439; x_wconf 81' lang='grc'>4444444</span> <span class='ocrx_word' id='word_1_370' title='bbox 1318 5397 1390 5434; x_wconf 81' lang='lat' dir='ltr'><strong>rinna</strong></span> <span class='ocrx_word' id='word_1_371' title='bbox 1411 5397 1504 5436; x_wconf 82' lang='grc'>444444</span> <span class='ocrx_word' id='word_1_372' title='bbox 1527 5386 1562 5444; x_wconf 72' lang='grc' dir='ltr'>ῦς</span> <span class='ocrx_word' id='word_1_373' title='bbox 1587 5396 1664 5435; x_wconf 74' lang='lat' dir='ltr'><strong>uinci</strong></span> <span class='ocrx_word' id='word_1_374' title='bbox 1685 5396 1768 5434; x_wconf 85' lang='grc'>444444</span> 
     </span>
     <span class='ocr_line' id='line_1_40' title="bbox 435 5456 1766 5523; baseline -0.005 -8"><span class='ocrx_word' id='word_1_375' title='bbox 435 5476 565 5516; x_wconf 81' lang='grc'>4444444444</span> <span class='ocrx_word' id='word_1_376' title='bbox 581 5474 773 5514; x_wconf 71' lang='lat' dir='ltr'><strong>meniminus</strong></span> <span class='ocrx_word' id='word_1_377' title='bbox 792 5474 992 5513; x_wconf 77' lang='lat' dir='ltr'><strong>orsrorurrorruu</strong></span> <span class='ocrx_word' id='word_1_378' title='bbox 1013 5476 1108 5514; x_wconf 81' lang='lat' dir='ltr'><strong>rnerrrr</strong></span> <span class='ocrx_word' id='word_1_379' title='bbox 1124 5476 1198 5513; x_wconf 82' lang='grc'>44444</span> <span class='ocrx_word' id='word_1_380' title='bbox 1215 5472 1306 5512; x_wconf 81' lang='lat' dir='ltr'><strong>rmuos</strong></span> <span class='ocrx_word' id='word_1_381' title='bbox 1324 5461 1358 5509; x_wconf 86' lang='lat' dir='ltr'>B:</span> <span class='ocrx_word' id='word_1_382' title='bbox 1381 5460 1552 5523; x_wconf 88' lang='lat' dir='ltr'><strong>inscriptione</strong></span> <span class='ocrx_word' id='word_1_383' title='bbox 1570 5462 1644 5509; x_wconf 88' lang='lat' dir='ltr'><strong>caret</strong></span> <span class='ocrx_word' id='word_1_384' title='bbox 1659 5460 1698 5516; x_wconf 79' lang='lat' dir='ltr'><strong>lu.</strong></span> <span class='ocrx_word' id='word_1_385' title='bbox 1717 5456 1766 5509; x_wconf 90' lang='lat' dir='ltr'>sed</span> 
     </span>
     <span class='ocr_line' id='line_1_41' title="bbox 435 5534 1763 5605; baseline -0.006 -14"><span class='ocrx_word' id='word_1_386' title='bbox 435 5541 549 5605; x_wconf 88' lang='lat' dir='ltr'><strong>spatium</strong></span> <span class='ocrx_word' id='word_1_387' title='bbox 570 5550 686 5589; x_wconf 84' lang='lat' dir='ltr'><strong>vacuum</strong></span> <span class='ocrx_word' id='word_1_388' title='bbox 708 5550 723 5587; x_wconf 92' lang='lat' dir='ltr'><strong>a</strong></span> <span class='ocrx_word' id='word_1_389' title='bbox 747 5535 911 5586; x_wconf 88' lang='lat' dir='ltr'><strong>rubricatoro</strong></span> <span class='ocrx_word' id='word_1_390' title='bbox 932 5535 1054 5587; x_wconf 88' lang='lat' dir='ltr'><strong>relictum</strong></span> <span class='ocrx_word' id='word_1_391' title='bbox 1075 5539 1114 5588; x_wconf 89' lang='lat' dir='ltr'>sio</span> <span class='ocrx_word' id='word_1_392' title='bbox 1134 5536 1248 5601; x_wconf 80' lang='lat' dir='ltr'><strong>explevit</strong></span> <span class='ocrx_word' id='word_1_393' title='bbox 1269 5547 1363 5585; x_wconf 90' lang='lat' dir='ltr'><strong>manus</strong></span> <span class='ocrx_word' id='word_1_394' title='bbox 1384 5535 1517 5584; x_wconf 88' lang='lat' dir='ltr'><strong>recentior</strong></span> <span class='ocrx_word' id='word_1_395' title='bbox 1535 5534 1634 5585; x_wconf 88' lang='lat' dir='ltr'><strong>saeculi</strong></span> <span class='ocrx_word' id='word_1_396' title='bbox 1654 5534 1713 5585; x_wconf 84' lang='lat' dir='ltr'><strong>liv:</strong></span> <span class='ocrx_word' id='word_1_397' title='bbox 1736 5547 1763 5583; x_wconf 81' lang='lat' dir='ltr'><strong>u.</strong></span> 
     </span>
     <span class='ocr_line' id='line_1_42' title="bbox 435 5604 1765 5671; baseline -0.007 -6"><span class='ocrx_word' id='word_1_398' title='bbox 435 5627 517 5665; x_wconf 83' lang='grc'>444444</span> <span class='ocrx_word' id='word_1_399' title='bbox 532 5625 663 5665; x_wconf 82' lang='grc'>4444444444</span> <span class='ocrx_word' id='word_1_400' title='bbox 680 5623 870 5663; x_wconf 76' lang='lat' dir='ltr'><strong>ruscmmaauu</strong></span> <span class='ocrx_word' id='word_1_401' title='bbox 886 5623 1060 5671; x_wconf 77' lang='grc'>4444444444</span> <span class='ocrx_word' id='word_1_402' title='bbox 1075 5625 1144 5662; x_wconf 80' lang='lat' dir='ltr'><strong>irari</strong></span> <span class='ocrx_word' id='word_1_403' title='bbox 1162 5625 1182 5661; x_wconf 83' lang='lat' dir='ltr'><strong>r.</strong></span> <span class='ocrx_word' id='word_1_404' title='bbox 1204 5637 1231 5647; x_wconf 90' lang='lat'><em>-</em></span> <span class='ocrx_word' id='word_1_405' title='bbox 1252 5609 1404 5658; x_wconf 79' lang='grc'>4444444444</span> <span class='ocrx_word' id='word_1_406' title='bbox 1420 5609 1598 5670; x_wconf 67' lang='grc'>4444444444</span> <span class='ocrx_word' id='word_1_407' title='bbox 1614 5608 1665 5658; x_wconf 91' lang='lat' dir='ltr'><strong>hos</strong></span> <span class='ocrx_word' id='word_1_408' title='bbox 1684 5604 1765 5656; x_wconf 91' lang='lat' dir='ltr'><strong>libros</strong></span> 
     </span>
     <span class='ocr_line' id='line_1_43' title="bbox 436 5679 1764 5754; baseline -0.006 -17"><span class='ocrx_word' id='word_1_409' title='bbox 436 5693 514 5740; x_wconf 89' lang='lat' dir='ltr'><strong>vocat</strong></span> <span class='ocrx_word' id='word_1_410' title='bbox 531 5690 693 5754; x_wconf 89' lang='lat' dir='ltr'><strong>ipseCicero</strong></span> <span class='ocrx_word' id='word_1_411' title='bbox 706 5687 753 5751; x_wconf 76' lang='grc'>415</span> <span class='ocrx_word' id='word_1_412' title='bbox 767 5690 790 5737; x_wconf 93' lang='grc'>4.</span> <span class='ocrx_word' id='word_1_413' title='bbox 809 5686 843 5737; x_wconf 91' lang='grc'>(44</span> <span class='ocrx_word' id='word_1_414' title='bbox 861 5685 913 5736; x_wconf 88' lang='lat' dir='ltr'><strong>lato</strong></span> <span class='ocrx_word' id='word_1_415' title='bbox 930 5685 981 5750; x_wconf 70' lang='lat' dir='ltr'>gl.</span> <span class='ocrx_word' id='word_1_416' title='bbox 1000 5687 1034 5736; x_wconf 88' lang='lat' dir='ltr'><strong>ad</strong></span> <span class='ocrx_word' id='word_1_417' title='bbox 1052 5689 1104 5737; x_wconf 83' lang='lat' dir='ltr'><strong>litt.</strong></span> <span class='ocrx_word' id='word_1_418' title='bbox 1122 5684 1250 5746; x_wconf 78' lang='grc' dir='ltr'>Χ41,4,4.</span> <span class='ocrx_word' id='word_1_419' title='bbox 1269 5682 1293 5743; x_wconf 88' lang='grc'>4,</span> <span class='ocrx_word' id='word_1_420' title='bbox 1307 5685 1331 5733; x_wconf 74' lang='lat' dir='ltr'>h.</span> <span class='ocrx_word' id='word_1_421' title='bbox 1355 5684 1504 5732; x_wconf 80' lang='lat' dir='ltr'><strong>Laclantius</strong></span> <span class='ocrx_word' id='word_1_422' title='bbox 1523 5683 1566 5742; x_wconf 90' lang='lat'>111,</span> <span class='ocrx_word' id='word_1_423' title='bbox 1580 5682 1619 5732; x_wconf 92' lang='grc'>43.</span> <span class='ocrx_word' id='word_1_424' title='bbox 1639 5679 1764 5731; x_wconf 82' lang='lat' dir='ltr'><strong>Boethius</strong></span> 
     </span>
     <span class='ocr_line' id='line_1_44' title="bbox 435 5754 1764 5829; baseline -0.005 -17"><span class='ocrx_word' id='word_1_425' title='bbox 435 5763 469 5812; x_wconf 90' lang='lat' dir='ltr'><strong>ad</strong></span> <span class='ocrx_word' id='word_1_426' title='bbox 492 5764 556 5828; x_wconf 79' lang='grc'>444.</span> <span class='ocrx_word' id='word_1_427' title='bbox 574 5776 600 5829; x_wconf 88' lang='lat' dir='ltr'>p.</span> <span class='ocrx_word' id='word_1_428' title='bbox 614 5763 676 5824; x_wconf 78' lang='grc'>374,</span> <span class='ocrx_word' id='word_1_429' title='bbox 694 5762 726 5812; x_wconf 83' lang='grc'>30</span> <span class='ocrx_word' id='word_1_430' title='bbox 744 5761 787 5812; x_wconf 90' lang='lat' dir='ltr'>ed.</span> <span class='ocrx_word' id='word_1_431' title='bbox 805 5762 885 5818; x_wconf 88' lang='lat' dir='ltr'><strong>liait.;</strong></span> <span class='ocrx_word' id='word_1_432' title='bbox 905 5762 1056 5812; x_wconf 72' lang='lat' dir='ltr'><strong>roceiensi</strong></span> <span class='ocrx_word' id='word_1_433' title='bbox 1072 5760 1226 5826; x_wconf 88' lang='lat' dir='ltr'><strong>simpliciter</strong></span> <span class='ocrx_word' id='word_1_434' title='bbox 1242 5759 1411 5810; x_wconf 86' lang='lat' dir='ltr'><strong>Grammatici</strong></span> <span class='ocrx_word' id='word_1_435' title='bbox 1429 5758 1521 5819; x_wconf 83' lang='lat' dir='ltr'><strong>hailai,</strong></span> <span class='ocrx_word' id='word_1_436' title='bbox 1539 5757 1647 5818; x_wconf 83' lang='lat' dir='ltr'><strong>Nonius,</strong></span> <span class='ocrx_word' id='word_1_437' title='bbox 1670 5754 1764 5807; x_wconf 89' lang='lat' dir='ltr'><strong>Charl·</strong></span> 
     </span>
     <span class='ocr_line' id='line_1_45' title="bbox 435 5835 956 5899; baseline 0 -12"><span class='ocrx_word' id='word_1_438' title='bbox 435 5835 670 5899; x_wconf 76' lang='lat' dir='ltr'><strong>sius‚1)lomedes,</strong></span> <span class='ocrx_word' id='word_1_439' title='bbox 688 5836 846 5899; x_wconf 83' lang='lat' dir='ltr'><strong>Priscianus,</strong></span> <span class='ocrx_word' id='word_1_440' title='bbox 865 5837 956 5887; x_wconf 82' lang='grc'>444444.</span> 
     </span>
    </p>
   </div>
   <div class='ocr_carea' id='block_1_11' title="bbox 500 5918 946 5973">
    <p class='ocr_par' dir='ltr' id='par_1_12' title="bbox 500 5918 946 5973">
     <span class='ocr_line' id='line_1_46' title="bbox 500 5918 946 5973; baseline 0.002 -2"><span class='ocrx_word' id='word_1_441' title='bbox 500 5920 732 5973; x_wconf 60' lang='grc'>4444444440-</span> <span class='ocrx_word' id='word_1_442' title='bbox 754 5918 946 5972; x_wconf 69' lang='lat' dir='ltr'><strong>titouutu.</strong></span> 
     </span>
    </p>
   </div>
   <div class='ocr_carea' id='block_1_12' title="bbox 0 0 2176 7459">
    <p class='ocr_par' dir='ltr' id='par_1_13' title="bbox 0 0 2176 7459">
     <span class='ocr_line' id='line_1_47' title="bbox 0 0 2176 7459; baseline 0 7"><span class='ocrx_word' id='word_1_443' title='bbox 0 0 2176 7459; x_wconf 95' lang='lat' dir='ltr'> </span> 
     </span>
    </p>
   </div>
  </div>
 </body>
</html>
