4342 7459
946 1250 1205 1321 rmcuenm.
1656 1245 1740 1315 ιοιο
1844 1207 1848 1214 ’

415 1427 460 1471 or.
480 1426 538 1489 pro
567 1405 690 1470 Plancio
719 1424 747 1469 c.
778 1407 824 1468 st.
854 1403 1018 1467 voluminis
1043 1405 1142 1469 instar
1170 1407 1265 1469 tuisse
1285 1412 1427 1471 testatur.
1456 1409 1511 1485 (ct.
1532 1409 1597 1471 Cic.
1618 1426 1662 1469 or.
1682 1425 1740 1489 pro

415 1502 500 1567 Sulla
527 1522 554 1564 c.
580 1503 641 1579 tt.)
669 1502 931 1565 commentarium
957 1509 1060 1563 autem
1089 1502 1247 1581 ἱστορικὸν
1266 1503 1364 1582 magis
1384 1521 1477 1583 qnam
1498 1500 1741 1583 ἐγκωμιαστικὸν

414 1597 511 1660 tuisse
534 1597 602 1676 ipse
625 1595 741 1658 ibidem
767 1596 928 1675 significat.
969 1599 1013 1658 Ac
1040 1605 1185 1676 quantam
1213 1596 1395 1660 Plutarchus
1425 1600 1453 1660 ei
1473 1598 1566 1661 fidem
1586 1596 1739 1674 habuerit,

414 1689 522 1752 videre
541 1690 650 1751 liceto
671 1691 815 1752 Caesaris
834 1691 915 1750 vitae
935 1708 962 1750 c.
983 1690 1011 1751 8.
1052 1690 1198 1751 Ceterum
1219 1690 1259 1751 de
1273 1691 1432 1753 Ciceronis
1446 1691 1608 1755 consulatu
1622 1692 1741 1753 Atticus

415 1783 525 1846 eodem
553 1792 693 1865 tempore
723 1785 841 1847 Graece
870 1785 1023 1863 exposuit.
1063 1785 1150 1844 ldem
1180 1792 1214 1846 ut
1241 1785 1425 1847 Posidonius
1453 1786 1590 1847 Rhodius
1613 1786 1740 1861 laceret,

414 1888 522 1960 optare
550 1898 584 1940 se
614 1879 775 1958 protessus
803 1886 853 1940 est
872 1878 981 1940 Cicero
1002 1876 1042 1939 ad
1063 1880 1126 1939 Att.
1150 1876 1171 1937 l.
1193 1878 1228 1939 tl.
1251 1896 1301 1957 ep.
1324 1880 1350 1940 1.
1392 1878 1430 1940 Ut
1446 1878 1559 1942 iisdem
1578 1879 1618 1941 de
1643 1878 1740 1940 rebus

415 1972 584 2034 memoriae
602 1969 769 2052 proderet,
790 1972 954 2033 Lucceium
974 1970 1129 2051 pulchella
1147 1970 1216 2049 illa,
1237 1989 1329 2051 quarn
1345 1973 1413 2052 ipse
1428 1973 1555 2053 quidem
1568 1971 1740 2053 praedicat,

415 2065 544 2147 epistola
574 2064 630 2140 (ad
653 2067 720 2127 Div.
748 2066 768 2128 l.
790 2067 825 2128 V.
855 2066 913 2144 12.)
944 2065 1090 2144 flagitavit
1119 2084 1200 2127 anno
1226 2085 1256 2128 u.
1285 2069 1350 2129 698.
1395 2069 1507 2130 Nonas.
1546 2065 1742 2143 (Plutarchus

412 2160 446 2221 in
474 2160 609 2222 Caesare
639 2179 666 2221 o·
696 2163 724 2222 8.
757 2161 938 2222 Ciceronem
966 2162 998 2220 ἐν
1017 2165 1060 2234 τῷ
1078 2160 1147 2238 περὶ
1166 2165 1221 2235 τῆς
1242 2164 1386 2229 ὑπατείας
1405 2160 1537 2224 laudans
1557 2169 1589 2223 et
1614 2160 1741 2223 Cassius

412 2254 468 2316 Dio
497 2257 544 2332 46,
574 2256 622 2319 21.
653 2259 689 2332 Q.
717 2256 801 2317 Fufio
829 2253 945 2317 Caleno
966 2255 1042 2316 haec
1060 2254 1143 2315 inter
1161 2253 1220 2317 alia
1240 2255 1399 2318 tribuens:
1428 2258 1621 2338 προθέμενος
1638 2263 1742 2317 πάντα

412 2348 453 2409 τὰ
482 2353 520 2436 τῇ
548 2350 632 2411 πόλει
659 2347 858 2426 πεπραγμένα
887 2344 1071 2424 συγγράψαι
1100 2343 1169 2418 (καί
1194 2350 1251 2425 γὰρ
1279 2346 1431 2423 σοφιστὴς
1459 2345 1515 2406 καὶ
1532 2345 1661 2424 ποιητὴς
1685 2344 1741 2406 καὶ

413 2443 584 2520 φιλόσοφος
607 2439 662 2502 καὶ
686 2441 787 2518 ῥήτωρ
812 2437 866 2499 καί
894 2442 1089 2517 συγγραφεὺς
1114 2437 1194 2498 εἶναι
1219 2438 1393 2517 πλάττεται)
1422 2437 1505 2501 ἔπειτ’
1530 2439 1589 2500 οὐκ
1607 2443 1669 2500 ἀπὸ
1688 2443 1741 2516 τῆς

411 2538 537 2603 κτίσεως
563 2535 670 2610 αὐτῆς,
693 2532 793 2612 ὥσπερ
819 2541 848 2593 οἱ
869 2530 957 2592 ἄλλοι
981 2540 1010 2592 οἱ
1036 2535 1129 2591 τοῦτο
1158 2537 1325 2604 ποιοῦντες,
1344 2533 1422 2593 ἀλλὰ
1442 2531 1505 2594 ἀπὸ
1523 2540 1577 2610 τῆς
1597 2534 1741 2600 ὑπατείας

411 2633 465 2706 τῆς
494 2627 607 2689 ἑαυτοῦ
634 2627 760 2707 ἤρξατο,
791 2629 843 2686 ἵνα
863 2626 1018 2685 ἀνάπαλιν
1037 2629 1207 2704 προχωρῶν
1225 2624 1327 2705 ἀρχὴν
1345 2631 1404 2706 μὲν
1422 2631 1478 2688 τοῦ
1497 2627 1588 2707 λόγου
1613 2629 1740 2701 ἐκείνην,

412 2722 551 2799 τελευτὴν
570 2721 601 2783 δὲ
621 2721 676 2799 τὴν
696 2726 751 2780 τοῦ
766 2721 929 2799 Ῥωμύλου
947 2720 1108 2799 βασιλέίαν
1128 2719 1306 2794 ποιήσηται·
1328 2753 1362 2764 -
1382 2717 1468 2782 illum
1486 2721 1740 2782 commentarium

413 2814 531 2877 Graece
557 2815 708 2895 scriptum
733 2812 877 2874 videntur
895 2811 1088 2891 significare,
1109 2830 1149 2872 ex
1169 2813 1323 2875 sententia
1342 2814 1435 2875 etiam
1454 2815 1596 2876 Reimari.
1621 2814 1739 2876 Graeco

413 2917 516 2971 autem
539 2906 591 2969 illo
619 2906 839 2969 commentario
859 2905 899 2966 de
929 2904 1092 2967 consulatu
1118 2924 1191 2983 suo,
1221 2914 1348 2969 notante
1368 2908 1462 2969 etiam
1481 2908 1644 2982 Cosconio,
1665 2906 1740 2969 Plu-

411 3004 537 3065 tarchus
557 3021 633 3065 usus
652 3001 774 3064 videtur
792 3002 824 3061 in
845 2997 1000 3061 narranda
1020 3001 1231 3062 coniuratione
1251 3000 1428 3064 Catilinaria
1447 3020 1577 3082 prorsus
1597 3001 1739 3081 neglecto

412 3095 569 3158 Sallustio.
609 3098 657 3159 Ex
683 3096 742 3158 hoo
771 3094 990 3157 commentario
1019 3094 1115 3173 petita
1141 3103 1214 3156 sunt
1242 3096 1334 3157 etiam
1360 3094 1411 3158 illa
1440 3096 1524 3177 apud
1544 3095 1739 3159 Plutarchum

414 3191 520 3253 Crass
546 3209 575 3252 c.
598 3193 652 3255 13:
687 3192 745 3252 Ἐν
761 3197 803 3265 τῷ
830 3190 899 3267 περὶ
919 3192 1063 3257 ὑπατείας
1082 3193 1100 3250 ὁ
1119 3191 1257 3271 Κικέρων
1276 3192 1397 3270 νύκτωρ
1419 3191 1497 3267 φησὶ
1517 3194 1571 3252 τὸν
1591 3200 1740 3270 Κράσσον

415 3286 588 3361 ἀφικέσθαι
610 3283 686 3360 πρὸς
712 3281 806 3345 αὑτὸν
835 3282 995 3359 ἐπιστολὴν
1023 3288 1192 3363 κομίζοντα
1221 3282 1291 3362 περὶ
1313 3287 1369 3345 τοῦ
1388 3286 1538 3345 Κατιλίνα
1556 3282 1611 3346 καὶ
1630 3290 1738 3359 ζητου-

410 3380 507 3460 μένην
528 3379 597 3460 (leg.
621 3382 769 3441 Κατιλίνα
789 3378 996 3460 αἰτιωμένην),
1020 3379 1061 3445 ὡς
1078 3376 1136 3455 ἤδη
1155 3382 1344 3461 βεβαιοῦντα
1363 3378 1420 3457 τὴν
1439 3381 1649 3460 συνωμοσίαν.
1670 3377 1739 3455 01.)

1009 3586 1092 3645 Lta.
1122 3586 1148 3646 1.
1214 3641 1216 3646 .

494 3770 654 3833 Servius
684 3768 724 3832 ad
750 3771 832 3849 Virg.
858 3769 923 3832 Ecl.
949 3772 1029 3833 VIII.
1059 3791 1089 3832 v.
1112 3770 1165 3833 106
1185 3788 1233 3851 sq.
1255 3789 1288 3851 p.
1308 3773 1356 3833 n.
1397 3770 1592 3854 (Adspice,
1614 3772 1740 3835 corri-

413 3865 496 3946 puit
524 3863 698 3926 tremulis
728 3862 869 3925 alteria
898 3863 1069 3926 flammis
1098 3865 1243 3944 Sponte
1271 3868 1360 3941 sue)
1389 3866 1466 3928 haec
1499 3864 1643 3929 adnotat:
1676 3869 1741 3927 Sine

412 3966 476 4036 ione
504 3963 594 4018 mitto
625 3978 660 4017 cc
685 3963 753 4033 ipris
773 3962 909 4017 cineribus
927 3964 1042 4033 {tommo
1063 3964 1182 4018 emersit
1209 3962 1269 4018 Hoc
1293 3965 1379 4019 ncori
1399 3962 1537 4020 Ciceronis
1555 3967 1658 4021 dicitur
1676 3982 1741 4023 con·

412 4060 520 4130 tipiuc,
552 4072 614 4113 com
641 4064 702 4128 port
729 4062 870 4126 peractum
898 4058 1065 4127 nominum
1090 4056 1179 4112 libore
1208 4058 1285 4113 vellet
1314 4060 1344 4113 in
1367 4061 1501 4124 cinerem,
1523 4075 1558 4115 cc
1573 4062 1634 4131 ipro
1652 4063 1740 4117 cincre

413 4155 529 4225 tiammo
559 4153 700 4222 ινιτισίι,
734 4167 804 4222 poor
827 4152 942 4222 tonino
960 4153 1052 4206 eodem
1072 4166 1146 4206 onno
1166 4151 1303 4208 consulein
1323 4155 1448 4222 totorum
1467 4155 1582 4210 ostendit
1600 4156 1657 4210 ιιίιι
1680 4171 1741 4212 οια-

411 4248 507 4312 ritnrn,
533 4248 604 4304 sicut
624 4244 717 4303 Cicero
737 4248 766 4301 in
785 4261 834 4300 ruo
857 4252 971 4301 testator
989 4252 1124 4316 poemate.

993 4448 1080 4508 Lrn.
1119 4448 1155 4508 ll.

486 4636 638 4718 Principio
659 4634 796 4697 aetherio
815 4634 990 4696 flammatus
1011 4636 1152 4717 luppiter
1173 4635 1235 4714 igni

410 4731 546 4793 Vertitur
568 4739 599 4791 et
619 4737 715 4791 totum
738 4727 908 4790 conlustrat
928 4727 1043 4789 lumine
1068 4728 1217 4791 mundum

409 4827 574 4904 Menteque
598 4823 701 4886 divina
719 4821 838 4885 caelum
857 4832 1020 4904 terrasque
1034 4825 1178 4903 petessit,

409 4921 496 4994 Quae
516 4919 640 5000 penitus
660 4935 773 4978 sensus
793 4916 949 4977 hominum
970 4917 1113 4997 vitasque
1131 4925 1281 4995 retentat,

407 5013 550 5075 Aetheris
570 5012 686 5073 aeterni
703 5020 811 5092 saepta
831 5019 926 5090 atque
945 5009 1065 5073 inclusa
1085 5013 1238 5073 cavernis.

407 5108 447 5169 Et
467 5106 494 5167 si
514 5104 674 5167 stellarum
697 5114 799 5167 motus
822 5124 996 5186 cursusque
1020 5108 1161 5185 vagantis

407 5202 507 5262 Nosse
527 5198 622 5273 velis,
644 5218 723 5281 quae
740 5202 801 5262 sint
823 5201 981 5280 signorum
1000 5200 1032 5261 iu
1053 5200 1131 5263 sede
1154 5200 1294 5280 locatae,

408 5298 496 5371 Quae
515 5294 611 5356 verbo
630 5304 662 5356 et
681 5294 766 5356 salsis
784 5297 944 5358 Graiorum
964 5295 1094 5357 vocibus
1119 5305 1242 5372 errant,

407 5391 452 5452 lte
470 5407 544 5451 vera
562 5397 646 5451 certo
665 5388 755 5470 lapsu
775 5391 938 5470 spatioque
961 5391 1110 5462 leruntur,

409 5483 520 5545 Omnia
537 5484 598 5545 iam
618 5500 729 5545 cernes
747 5482 850 5545 divina
874 5490 979 5544 mente
1003 5491 1120 5545 nctota.

409 5577 486 5637 Nam
506 5578 638 5655 primurn
667 5585 819 5638 astrorum
843 5574 978 5638 volucris
997 5584 1027 5637 te
1048 5575 1177 5639 consule
1196 5586 1299 5641 motus

411 5670 652 5751 Concursusque
675 5671 776 5750 gravis
796 5669 956 5733 stellarum
976 5669 1088 5733 ardoro
1110 5672 1252 5735 micantis

411 5764 457 5824 Tu
473 5781 615 5844 qnoque,
637 5784 707 5828 cum
724 5767 858 5828 tumulos
876 5766 999 5829 Albano
1016 5767 1047 5827 in
1070 5773 1175 5829 monte
1198 5767 1307 5831 nivalis

410 5858 559 5921 Lustrasti
579 5866 612 5923 et
630 5858 711 5924 laeto
730 5862 870 5924 mactasti
889 5859 970 5922 lacte
998 5860 1140 5939 Latinas,
