4342 7459
697 1251 765 1316 nn.
787 1252 827 1314 11.
856 1251 930 1315 cn.
951 1251 1201 1315 xxi-xant.
1227 1248 1274 1335 §t
1296 1247 1443 1314 sa-co.
1677 1247 1740 1315 tu

412 1411 495 1475 infra
510 1412 632 1485 lunam,
655 1430 737 1494 quae
752 1410 894 1473 omnium
909 1410 1019 1474 ultima
1036 1421 1098 1485 est,
1121 1411 1155 1473 in
1169 1412 1323 1493 terrisque
1339 1418 1515 1475 versantur.
1549 1410 1740 1475 Caelestium

412 1526 489 1588 ergo
512 1504 728 1569 admirabilem
750 1503 892 1567 ordinem
913 1505 1197 1589 incredibilemque
1213 1505 1438 1579 constantiam,
1465 1524 1507 1567 ex
1528 1524 1591 1587 qua
1613 1525 1740 1570 conser-

412 1602 495 1663 vatio
525 1608 558 1662 et
587 1598 673 1662 salus
703 1599 844 1662 omnium
875 1599 977 1662 omnis
999 1602 1114 1673 oritur,
1148 1598 1204 1682 qui
1226 1618 1336 1662 vacare
1358 1607 1462 1662 mente
1484 1605 1589 1681 putat,
1621 1600 1648 1662 is
1670 1600 1740 1682 ipse

411 1695 527 1757 mentis
549 1713 664 1776 expers
686 1694 851 1756 habendus
873 1701 931 1755 est.
975 1690 1026 1766 57.
1048 1693 1141 1756 Hand
1165 1714 1255 1776 ergo,
1284 1702 1321 1757 ut
1341 1695 1464 1777 opinor,
1489 1713 1649 1769 erravero,
1672 1695 1739 1758 sia

411 1789 554 1872 principe
576 1788 815 1869 investigandae
838 1788 978 1850 veritatis
1000 1788 1095 1849 huius
1118 1787 1340 1869 disputationis
1363 1789 1550 1872 principium
1573 1787 1703 1850 duxero.
1742 1802 1759 1850 tt

496 1881 597 1944 xxtt.
621 1883 706 1943 Zeno
729 1880 826 1962 igitur
847 1889 991 1944 naturam
1013 1882 1056 1944 ita
1080 1879 1204 1956 delinit,
1226 1890 1262 1944 ut
1283 1901 1353 1945 eam
1375 1882 1460 1945 dicat
1481 1884 1585 1965 ignem
1606 1900 1675 1944 esse
1691 1901 1740 1944 ar·

412 1972 581 2039 tiliciosum
603 1974 644 2037 ad
666 1974 859 2056 gignendum
881 1976 1136 2057 progredientem
1159 1977 1219 2040 via.
1255 1975 1370 2040 Censet
1392 1978 1477 2040 enim
1499 1977 1573 2039 artis
1592 1996 1740 2040 maxume

411 2072 574 2153 proprium
598 2088 669 2132 esse
691 2088 798 2132 creare
820 2078 851 2132 ct
873 2069 1017 2151 gignere,
1040 2069 1190 2154 quodque
1213 2071 1246 2132 in
1269 2072 1417 2154 operibus
1435 2080 1612 2134 nostrarum
1626 2070 1740 2134 artium

412 2184 523 2227 manus
545 2162 680 2238 efficiat,
707 2163 740 2226 id
770 2163 870 2226 multo
899 2162 1100 2226 artificiosius
1126 2171 1270 2228 naturam
1293 2163 1433 2239 efficere,
1463 2164 1580 2238 idest,
1603 2163 1740 2239 utdixi,

411 2259 517 2341 ignem
547 2254 767 2331 artificiosum,
794 2256 975 2338 magistrum
1006 2257 1120 2319 artium
1150 2257 1356 2341 reliquarum.
1396 2260 1502 2342 Atque
1531 2260 1589 2322 bac
1611 2258 1778 2341 quidemtu

411 2354 535 2416 ratione
557 2352 661 2415 omnis
682 2359 794 2414 natura
815 2348 984 2414 artificiosa
1006 2359 1070 2424 est,
1094 2351 1179 2434 quud
1201 2351 1297 2416 babet
1319 2354 1410 2436 quasi
1433 2354 1514 2416 viam
1531 2351 1688 2436 quandam
1708 2358 1741 2415 et

411 2455 547 2521 sectam,
581 2465 677 2530 quam
704 2451 868 2529 sequatur.
911 2442 964 2507 58.
994 2445 1099 2527 lpsius
1127 2464 1201 2508 vero
1229 2446 1353 2521 mundi,
1377 2446 1431 2529 qui
1453 2445 1559 2509 omnia
1581 2445 1742 2529 conplexu

410 2561 469 2606 suo
491 2548 616 2604 coe‘rcet
637 2549 669 2602 et
691 2539 843 2613 continet,
874 2548 985 2602 natura
1006 2559 1072 2602 non
1093 2536 1263 2603 artificiosa
1286 2539 1402 2613 sulum,
1432 2540 1488 2604 sed
1510 2540 1604 2621 plane
1625 2537 1740 2601 artifex

410 2634 450 2698 ab
479 2634 593 2698 eodem
621 2635 750 2696 Zenone
772 2633 903 2707 dicitur,
926 2633 1102 2696 consultrix
1124 2641 1156 2696 et
1177 2630 1309 2716 provida
1330 2633 1500 2697 utilitatum
1522 2631 1741 2716 opportunita-

409 2737 543 2812 tumqua
565 2728 717 2792 omnium.
752 2729 857 2811 Atque
879 2735 915 2790 ut
936 2736 1059 2791 ceterae
1082 2735 1212 2790 naturae
1235 2726 1303 2789 suis
1330 2728 1503 2791 seminibus
1525 2747 1671 2811 quaeque
1693 2725 1777 2809 gi·tt

410 2832 565 2905 gnuntur,
597 2830 785 2904 augescunt,
813 2822 1029 2896 continentur,
1059 2823 1106 2885 sic
1127 2828 1239 2885 natura
1261 2820 1371 2883 mundi
1393 2822 1497 2885 omnis
1519 2829 1623 2885 motus
1645 2819 1742 2884 babet

411 2916 608 2979 voluntarios
630 2925 827 2998 conatusque
849 2924 882 2979 ct
902 2916 1129 2999 adpetitiones,
1151 2934 1230 2997 quas
1245 2913 1352 2996 ὁρμάς
1366 2914 1478 2978 Graeci
1494 2924 1621 2990 vocant,
1643 2921 1676 2977 et
1689 2912 1740 2977 bis

409 3019 639 3073 consentaneas
660 3008 802 3073 actiones
825 3010 871 3072 sic
892 3008 1038 3084 adhibet,
1060 3017 1096 3072 ut
1116 3015 1241 3072 nosmet
1261 3008 1340 3091 ipsi,
1363 3009 1420 3091 qui
1440 3010 1555 3073 animis
1576 3028 1741 3072 movemur

410 3111 443 3166 et
469 3103 626 3167 sensibus.
671 3104 757 3168 Talis
785 3104 883 3186 igitur
909 3123 1000 3167 mens
1027 3102 1138 3166 mundi
1168 3122 1240 3166 cum
1262 3102 1302 3164 sit
1323 3102 1364 3164 ub
1386 3123 1521 3187 eamque
1542 3122 1667 3166 cansam
1688 3100 1740 3164 vel

409 3196 578 3278 prudentia
600 3198 651 3261 vel
673 3197 873 3281 providentia
894 3197 1046 3280 appellari
1068 3203 1154 3259 recte
1176 3196 1278 3278 possit
1294 3230 1335 3243 -
1350 3196 1575 3260 Graeceenim
1597 3194 1777 3284 πρόνοιαν

411 3290 527 3354 dicitur
546 3323 606 3366 -,
638 3292 718 3355 baec
745 3291 946 3376 potissimum
973 3292 1122 3373 providet
1147 3297 1179 3353 et
1206 3290 1240 3352 in
1268 3290 1318 3353 bis
1346 3292 1482 3354 maxime
1506 3298 1555 3355 est
1575 3298 1739 3373 occupata,

410 3384 547 3467 primum
574 3395 610 3450 ut
638 3386 776 3450 mundus
802 3406 898 3470 quam
925 3386 1106 3469 aptissimus
1134 3383 1176 3447 sit
1196 3382 1236 3445 ad
1264 3384 1528 3465 permanendum,
1560 3384 1674 3448 deinde
1704 3392 1741 3449 ut

411 3477 498 3541 nulla
526 3498 561 3543 ru
589 3490 696 3564 egeat,
723 3501 872 3546 maxume
900 3489 1005 3544 autem
1031 3488 1066 3543 ut
1095 3480 1130 3542 in
1157 3496 1196 3542 eo
1218 3478 1336 3543 eximia
1357 3479 1559 3561 pulchritudo
1582 3481 1623 3544 sit
1643 3487 1740 3565 atque

411 3573 516 3636 omnis
538 3584 678 3639 ornatus.

493 3668 611 3734 xxttt.
633 3667 685 3735 59.
715 3669 840 3733 Dictum
867 3679 915 3734 est
944 3668 984 3733 de
1013 3669 1162 3732 universo
1189 3665 1325 3743 mundo,
1355 3667 1472 3732 dictum
1501 3669 1596 3733 etiam
1623 3678 1672 3735 est
1699 3673 1777 3737 dett

409 3761 581 3839 sideribus,
603 3773 638 3829 ut
658 3764 721 3828 iam
743 3785 842 3849 prope
865 3765 992 3828 modum
1014 3769 1166 3846 appareat
1185 3760 1357 3826 multitudo
1379 3782 1437 3826 nec
1456 3764 1647 3828 cessantium
1662 3764 1739 3830 deu·

409 3877 479 3920 rum
508 3877 567 3921 nec
600 3879 652 3934 ea,
680 3879 763 3942 quae
794 3869 904 3942 agant,
931 3858 1131 3921 molientium
1153 3877 1224 3920 cum
1246 3856 1354 3919 labore
1372 3876 1512 3940 ⁴operoso
1534 3878 1571 3921 ac
1592 3859 1739 3925 molesto.

409 3954 481 4015 Nun
503 3954 589 4017 enim
611 3954 702 4017 venis
724 3961 756 4017 et
777 3954 883 4016 nervis
905 3962 937 4016 ot
958 3952 1082 4015 ossibus
1112 3952 1332 4026 continentur,
1361 3970 1421 4014 neo
1443 3950 1483 4015 iis
1504 3952 1584 4015 esais
1606 3961 1662 4018 aut
1683 3975 1739 4038 pu-

409 4046 548 4110 lianibus
570 4053 754 4122 vescuntur,
775 4057 811 4110 ut
832 4054 887 4110 aut
907 4047 1000 4110 nimis
1022 4065 1111 4109 acres
1133 4054 1188 4109 aut
1210 4045 1304 4108 nimis
1326 4053 1491 4108 concretos
1513 4065 1641 4112 umores
1662 4069 1740 4113 con·

408 4138 523 4223 ligant,
546 4162 605 4205 nec
626 4143 665 4203 iis
687 4142 873 4223 corporibus
896 4150 984 4214 sunt,
1006 4150 1042 4202 ut
1064 4160 1156 4203 casus
1179 4148 1233 4203 aut
1253 4141 1334 4203 ictus
1350 4139 1558 4202 extimescant
1579 4150 1634 4204 aut
1655 4159 1777 4207 mor-to

407 4234 466 4299 bos
488 4244 630 4299 metuant
651 4255 691 4298 ex
714 4235 938 4317 defetigatione
961 4234 1192 4296 membrorum:
1215 4253 1297 4316 quae
1320 4254 1431 4296 verens
1453 4234 1607 4315 Epicurus
1629 4257 1740 4301 mono·

409 4348 566 4411 grammos
589 4332 666 4392 deos
689 4337 721 4392 et
747 4329 827 4391 nibil
853 4338 983 4411 agentes
1005 4335 1200 4391 commentus
1223 4337 1280 4390 est.
1323 4324 1740 4412 60.1ttiautemputcner·

408 4423 488 4485 mma
514 4421 615 4485 torma
637 4424 772 4507 praediti
802 4423 1036 4506 purissimaque
1059 4423 1091 4483 in
1114 4423 1242 4504 regione
1265 4421 1344 4485 caeli
1367 4420 1513 4485 collocati
1534 4425 1577 4487 ita
1597 4425 1741 4489 teruntur

409 4516 679 4602 moderanturque
705 4538 832 4592 cursus,
861 4517 955 4580 ulad
979 4518 1086 4580 omnia
1108 4517 1324 4580 conservanda
1346 4525 1379 4580 et
1399 4516 1517 4580 tuenda
1539 4520 1738 4584 consensisse

409 4610 587 4673 rideantur.
624 4612 742 4675 Multae
764 4621 868 4675 autem
891 4611 971 4674 aliae
993 4621 1123 4673 naturae
1146 4610 1278 4673 deorum
1302 4631 1343 4673 ex
1364 4613 1485 4693 magnis
1507 4611 1669 4676 beneficiis
1684 4629 1777 4678 eo·³u

409 4725 479 4767 rum
501 4725 565 4769 non
589 4707 656 4769 sine
680 4726 774 4770 causa
798 4714 830 4769 et
857 4726 876 4768 a
898 4706 1047 4769 Graeciae
1070 4705 1313 4787 sapientissimis
1335 4714 1367 4767 et
1388 4725 1407 4767 a
1428 4706 1599 4769 maioribus
1616 4709 1738 4788 nostris

409 4802 598 4864 constitutae
620 4802 865 4884 nominataeque
888 4808 971 4863 sunt.
1005 4799 1168 4883 Quicquid
1184 4799 1270 4861 enim
1288 4819 1433 4881 magnam
1447 4800 1613 4865 utilitatem
1628 4802 1739 4885 generi

474 4988 499 5035 t.
517 4991 651 5036 ueremur
672 4986 709 5036 C:
732 4992 850 5036 4444444444
866 4985 1003 5036 ΑΒΕΡ44
1027 4987 1096 5045 (ente
1118 4999 1237 5037 rasuram
1255 4987 1380 5049 quattuor
1396 4984 1438 5035 vel
1455 4988 1573 5049 quinque
1591 4986 1738 5040 litterarum

408 5062 437 5119 Α)
458 5088 485 5097 -
504 5061 645 5110 444444444444
662 5060 722 5110 cod.
741 5060 937 5123 Gloguvicusis:
955 5061 1082 5110 4444444444
1099 5059 1121 5112 u
1142 5087 1168 5097 -
1187 5060 1211 5110 3.
1231 5062 1283 5123 ipse
1300 5074 1369 5110 corr,
1384 5074 1416 5110 es
1432 5063 1480 5122 ipsi
1497 5062 1518 5110 V
1537 5088 1564 5097 -
1583 5061 1607 5112 4.
1626 5063 1736 5124 iteum

407 5140 454 5184 aut
470 5148 539 5185 carr.
557 5137 583 5185 in
600 5136 669 5184 baud
686 5137 704 5184 B
719 5161 745 5169 —
765 5134 790 5184 9.
809 5136 835 5183 id
851 5137 912 5198 post
928 5148 1048 5185 rasuram
1066 5134 1180 5185 duarum
1198 5133 1344 5185 litterarum
1362 5138 1424 5185 Α-
1443 5136 1602 5199 artificiosius
1617 5143 1645 5186 ut
1660 5143 1739 5187 netu-

407 5223 467 5259 rant
483 5212 502 5260 P
521 5236 547 5244 -
568 5211 608 5260 40.
626 5224 657 5260 ac
675 5211 820 5273 (superscr.
838 5210 861 5271 44)
879 5209 932 5260 AV
951 5235 978 5245 -
1003 5211 1043 5259 ts.
1062 5212 1207 5273 cotopteeut
1222 5225 1284 5260 uoco
1301 5217 1396 5261 coercet
1413 5213 1431 5261 P
1451 5237 1477 5247 -
1502 5212 1542 5262 43.
1560 5212 1671 5263 4444444444
1687 5212 1738 5264 EV

409 5287 447 5348 (in
465 5285 487 5333 V
504 5283 551 5335 litt.
570 5286 585 5333 44
602 5289 733 5349 expuncta
752 5289 800 5346 est)
820 5310 847 5320 -
868 5283 908 5336 tt.
926 5288 1174 5348 oportunitatumque
1191 5287 1209 5336 Β
1220 5286 1239 5336 C
1250 5286 1269 5336 E
1287 5311 1314 5321 -
1334 5286 1374 5336 tt.
1393 5298 1507 5351 quaeque
1522 5287 1589 5336 AE:
1608 5300 1739 5350 quaequae

408 5359 556 5411 Bcl’VO.
576 5361 615 5411 ct.
634 5361 738 5423 Madvig
754 5361 789 5410 ad
807 5361 861 5411 Cic.
881 5359 915 5410 de
934 5361 987 5409 l'in.
1001 5373 1028 5423 p.
1042 5361 1100 5411 656,
1116 5386 1142 5396 -
1162 5361 1203 5410 46.
1222 5362 1347 5409 continenti
1363 5360 1448 5422 (eraso
1466 5362 1491 5410 in
1509 5360 1561 5411 flue
1579 5362 1737 5426 compendio

408 5434 467 5498 sytl.
486 5435 528 5496 ur)
545 5436 564 5485 tt
584 5462 611 5471 -
631 5437 670 5485 47.
689 5436 854 5485 uolumtariot
869 5438 935 5485 Α-
951 5433 1127 5485 444444441-
1146 5436 1183 5485 4444
1200 5448 1268 5485 corr.
1284 5438 1309 5485 iu
1326 5436 1348 5484 is
1364 5436 1401 5493 B;
1419 5438 1440 5485 44
1456 5437 1506 5487 ΑΡ
1521 5463 1547 5473 -
1566 5437 1606 5487 ts.
1624 5442 1739 5487 mouetur

409 5508 440 5559 V¹
459 5536 487 5547 -
506 5512 547 5562 td.
566 5513 606 5561 uel
619 5512 779 5572 prouidentia
795 5512 822 5561 in
839 5523 923 5574 marg.
942 5523 978 5559 m.
998 5523 1053 5560 sec.
1067 5511 1089 5559 V
1105 5536 1138 5546 —
1153 5523 1266 5570 pronoea
1282 5509 1304 5561 ll
1319 5512 1423 5573 (prom
1434 5512 1463 5571 Α)
1478 5537 1506 5547 -
1524 5511 1565 5559 tt.
1584 5511 1611 5559 in
1625 5512 1657 5560 444
1673 5511 1692 5560 tt
1707 5537 1735 5548 -

407 5585 450 5635 25.
469 5587 570 5636 Dictrtm
586 5591 647 5635 444-
657 5612 671 5622 -
679 5586 795 5648 pluribus
811 5586 892 5635 uerbis
909 5586 1048 5647 nepticulae
1065 5590 1100 5635 444
1117 5585 1140 5647 (5
1152 5585 1191 5645 63)
1207 5598 1261 5635 orn.
1276 5587 1295 5635 P
1310 5611 1335 5621 -
1354 5586 1431 5635 etiam
1447 5588 1482 5635 444
1498 5585 1596 5635 ABV:
1614 5587 1690 5636 etiam
1701 5588 1736 5646 C;

408 5666 444 5711 444
459 5663 536 5711 etiam
552 5661 603 5711 ΕΟ
627 5687 654 5698 -
680 5662 721 5712 26.
738 5675 818 5723 prope
833 5661 954 5710 44444ηά44444
970 5661 1028 5710 tt¹c
1048 5686 1075 5695 -
1099 5662 1280 5709 accusantium
1296 5662 1317 5709 tl
1336 5685 1364 5695 -
1388 5660 1428 5709 rt.
1447 5656 1573 5709 melantii
1588 5662 1622 5717 Α;
1640 5663 1738 5711 44444444-

408 5739 472 5786 4444444
489 5738 558 5800 (post
574 5738 584 5785 4
599 5750 734 5801 superscr.
753 5738 769 5796 ⁸'l
789 5738 807 5785 B
827 5763 855 5774 -
879 5736 920 5786 28.
937 5736 1008 5785 uenit
1023 5739 1048 5785 44
1064 5735 1115 5784 liV
1131 5737 1167 5795 (iu
1180 5735 1198 5783 B
1211 5748 1280 5785 corr.
1294 5748 1325 5785 ex
1338 5737 1457 5796 uenisset,
1470 5734 1528 5784 inV
1541 5748 1573 5784 ea
1584 5738 1655 5785 uenis
1664 5739 1735 5799 neci:

407 5812 820 5870 meatus-nectutem
838 5825 883 5862 nec
898 5812 936 5860 4444
952 5810 1048 5869 tcv;
1068 5823 1113 5860 nec
1129 5810 1174 5869 444
1190 5810 1210 5860 E
1229 5836 1256 5845 -
1275 5810 1418 5859 aescttAC
1438 5833 1465 5845 -
1485 5810 1735 5873 4444444441-

408 5886 628 5937 rtnt.B¹:bum.0
649 5915 675 5924 -
699 5883 1455 5946 30.nocua,neetttsss;neentscv;nsetos1·:-
1474 5889 1503 5933 ut
1518 5890 1652 5935 4444444444
1668 5887 1688 5937 0
1707 5914 1735 5927 -

408 5959 450 6011 st.
469 5960 641 6025 defetigatione
657 5963 707 6016 ta
717 5961 764 6015 V¹:
784 5963 962 6029 detuigatione
978 5960 1068 6013 cv¹0
1087 5961 1121 6025 tin
1136 5959 1156 6011 C
1172 5958 1201 6023 [a
1218 5971 1251 6011 aa
1267 5957 1459 6021 correctionelt
1477 5958 1663 6026 mutuatione
1672 5960 1703 6015 s.

451 6049 542 6100 cumo
557 6051 585 6101 τ.
596 6051 635 6101 tv,
1481 6048 1524 6118 27
