4342 7459
849 1238 924 1303 cn.
944 1238 1082 1302 rv-v.
1110 1235 1157 1322 §s
1180 1234 1323 1303 ra-ro.
1681 1231 1745 1301 cir

419 1418 515 1482 quam
538 1397 625 1481 quod
649 1397 805 1461 amicitiae
827 1405 953 1463 nostrae
976 1400 1160 1463 memoriam
1183 1418 1278 1483 spero
1299 1399 1521 1485 sempiternam
1542 1398 1622 1473 iore,
1644 1398 1743 1481 idque

419 1512 458 1555 eo
481 1492 558 1555 mihi
581 1493 679 1575 magis
701 1498 750 1555 est
771 1490 875 1568 cordi,
898 1494 982 1576 quod
1006 1515 1046 1557 ex
1068 1494 1216 1558 omuibus
1231 1493 1364 1557 saeculis
1385 1494 1441 1556 vix
1454 1494 1512 1556 tria
1526 1501 1582 1556 aut
1596 1501 1745 1575 quattuor

418 1587 623 1649 nominantur
642 1587 730 1668 paria
751 1586 941 1662 amicorum,
969 1608 1034 1671 quo
1056 1589 1090 1651 in
1113 1608 1227 1671 genere
1250 1606 1376 1670 sperare
1398 1586 1511 1650 videor
1532 1587 1690 1672 Scipionis
1713 1592 1746 1649 et

420 1678 507 1742 Laeli
530 1680 701 1743 amicitiam
722 1687 831 1743 notam
853 1681 1031 1762 posteritati
1053 1682 1132 1745 tore.

505 1769 556 1836 d6.
583 1774 729 1836 Fannius.
758 1775 841 1837 istuc
863 1774 1010 1857 quidem,
1032 1775 1139 1850 Laeli,
1165 1775 1210 1838 ita
1231 1794 1362 1838 necesse
1385 1782 1442 1838 est.
1487 1774 1568 1847 Sed,
1595 1772 1767 1855 quoniame

419 1868 578 1933 amicitiae
599 1868 791 1930 mentionem
814 1868 914 1931 iecisti
941 1876 972 1931 et
995 1889 1102 1932 sumus
1125 1870 1238 1942 otiosi,
1267 1877 1446 1952 pergratum
1470 1867 1544 1929 mihi
1567 1866 1680 1929 seceris
1703 1902 1744 1917 --

419 1983 514 2047 spero
534 1963 610 2025 item
634 1962 805 2025 Scaevolae
828 1997 885 2036 -,
912 1963 955 2036 si,
985 1983 1079 2046 quem
1102 1964 1143 2026 ad
1166 1962 1293 2027 modum
1320 1962 1405 2025 soles
1432 1961 1473 2024 de
1499 1961 1612 2024 ceteris
1639 1960 1744 2034 rebus,

418 2076 491 2120 cum
513 2075 554 2118 ex
575 2064 607 2118 te
629 2063 840 2139 quaeruntur,
866 2057 912 2120 sic
940 2057 979 2118 de
1005 2057 1143 2120 amicitia
1166 2056 1336 2141 disputaris
1359 2054 1435 2140 quid
1457 2055 1590 2128 sentias,
1617 2055 1744 2138 quatem

419 2149 609 2223 existumas,
631 2169 714 2232 quae
736 2157 902 2234 praecepta
926 2149 992 2213 des.

502 2244 655 2306 Scocooio.
676 2243 754 2307 Mihi
775 2264 865 2317 vero,
887 2252 982 2328 atque
1003 2244 1035 2307 id
1058 2246 1160 2329 ipsum
1184 2266 1254 2308 cum
1278 2253 1379 2308 tecum
1395 2263 1489 2326 agere
1504 2260 1649 2316 conarer,
1664 2242 1782 2307 Fan-so

416 2337 488 2401 nins
510 2337 696 2400 antevortit:
719 2356 814 2420 quam
837 2340 877 2401 ob
900 2358 966 2401 rem
991 2340 1116 2421 utrique
1139 2347 1281 2401 nostrum
1298 2346 1419 2419 gratum
1436 2336 1604 2400 admodum
1619 2334 1743 2398 feceris.

500 2435 538 2495 V.
566 2426 617 2492 t7.
648 2432 779 2493 Laetius.
810 2434 877 2513 Ego
903 2451 979 2494 vero
1006 2452 1071 2494 non
1098 2451 1262 2513 gravarer,
1290 2433 1315 2495 si
1342 2432 1419 2494 mihi
1446 2432 1516 2513 ipse
1538 2430 1743 2494 confiderem:

417 2545 489 2590 nam
512 2534 545 2589 et
565 2525 728 2606 praeclara
750 2543 801 2587 res
824 2533 872 2588 est
894 2533 926 2588 et
947 2546 1072 2598 sumus,
1101 2533 1135 2588 ut
1156 2526 1238 2589 dixit
1257 2526 1411 2598 Fannius,
1435 2525 1540 2587 otiosi.
1584 2523 1646 2586 Sed
1670 2522 1743 2605 quis

417 2638 476 2701 ego
505 2639 575 2682 sum
604 2627 660 2681 aut
687 2637 770 2700 quae
798 2628 846 2682 est
872 2620 903 2681 in
931 2639 981 2681 me
1010 2618 1163 2681 facultas?
1199 2621 1370 2683 Doctorum
1394 2626 1442 2681 est
1462 2619 1523 2681 ista
1545 2614 1743 2699 consuetudo

416 2733 517 2797 eaque
546 2713 758 2786 Graecorum,
792 2719 828 2775 ut
857 2713 895 2775 iis
927 2721 1066 2795 ponatur
1096 2713 1136 2777 de
1170 2733 1234 2797 quo
1263 2714 1429 2795 disputent
1456 2712 1599 2794 quamvis
1626 2710 1782 2773 subitost

416 2809 566 2889 idagnum
588 2824 669 2888 opus
691 2813 739 2868 est
760 2812 895 2889 egetque
919 2808 1144 2870 exercitatione
1165 2827 1230 2870 non
1253 2826 1359 2891 parva.
1397 2805 1638 2882 Quamobrem
1660 2823 1743 2887 quae

416 2898 570 2983 disputari
594 2898 633 2963 de
656 2899 793 2962 amicitia
814 2907 958 2981 possunt,
980 2896 1088 2964 abeis
1110 2920 1225 2964 censeo
1247 2900 1378 2983 petatis,
1400 2899 1453 2982 qui
1468 2900 1528 2962 ista
1542 2898 1743 2984 profitentur2

330 3025 335 3035 ·
417 3013 477 3077 ego
506 3014 562 3057 ros
591 2992 708 3057 hortari
738 3000 859 3056 tautum
887 3014 1017 3076 possum
1046 3003 1083 3058 ut
1110 2995 1280 3057 amicitiam
1309 2994 1457 3056 omnibus
1478 2994 1574 3057 rebus
1595 2992 1742 3056 humanis

415 3088 635 3171 anteponatis3
663 3086 743 3149 nihii
765 3095 814 3150 est
834 3088 918 3150 enim
942 3095 1005 3150 tam
1028 3097 1159 3152 naturae
1181 3097 1305 3171 aptum,
1328 3096 1391 3150 tam
1414 3087 1606 3150 conveniens
1628 3085 1667 3148 ad
1691 3103 1742 3148 res

415 3181 464 3244 rei
492 3180 648 3244 secundas
676 3182 727 3244 vei
749 3181 909 3245 adversas.
953 3177 1004 3245 t8.
1033 3181 1096 3246 Sed
1119 3183 1186 3245 hoc·
1202 3183 1338 3264 primum
1362 3183 1484 3255 sentio,
1511 3180 1573 3243 nisi
1595 3180 1627 3241 in
1649 3179 1782 3241 bonisso

414 3275 583 3338 amicitiam
605 3294 676 3338 esse
698 3295 761 3338 non
783 3295 897 3358 posse:
919 3295 1025 3360 neque
1047 3275 1079 3339 id
1103 3275 1143 3339 ad
1165 3276 1272 3339 vivum
1296 3295 1425 3348 reseco,
1448 3283 1482 3338 ut
1503 3274 1561 3348 itii,
1584 3274 1639 3356 qui
1661 3273 1742 3335 haec

415 3369 563 3432 subtilius
584 3367 760 3444 disserunt,
786 3369 921 3433 tortasse
944 3390 1032 3444 vere,
1060 3371 1116 3433 sed
1140 3368 1179 3433 ad
1203 3390 1402 3433 communem
1424 3369 1591 3432 utilitatem
1612 3387 1741 3449 parum:

415 3471 533 3545 negant
553 3462 638 3526 enim
660 3483 852 3547 quemquam
876 3482 946 3527 esse
968 3465 1069 3528 virum
1090 3465 1208 3528 bonum
1230 3462 1292 3526 nisi
1314 3464 1498 3545 sapientem.
1532 3462 1580 3525 Sit
1593 3462 1635 3524 ita
1650 3480 1741 3523 sane:

393 3555 471 3620 ‘sed
494 3576 564 3621 eam
587 3556 772 3641 sapientiam
796 3558 1051 3641 interpretantur,
1072 3578 1169 3642 quam
1191 3558 1293 3621 adhuc
1317 3556 1458 3620 mortalis
1480 3576 1574 3623 nemo
1596 3564 1645 3619 eat
1666 3574 1742 3617 cou-

414 3658 552 3725 secutus,
573 3671 633 3714 nos
655 3657 761 3715 autem
784 3671 835 3727 aa,
859 3671 941 3735 quae
962 3653 1086 3715 suntin
1101 3673 1160 3715 usu
1178 3654 1305 3734 vitaque
1322 3650 1497 3725 communi,
1512 3669 1575 3713 uon
1591 3668 1644 3723 ea,
1659 3660 1779 3732 quaeat

413 3747 576 3829 tinguntur
596 3750 651 3808 aut
673 3752 832 3827 optantur,
854 3754 1000 3827 spectare
1024 3746 1187 3809 debemus.
1230 3748 1406 3828 Numquam
1428 3764 1488 3827 ego
1512 3743 1612 3806 dicam
1636 3743 1742 3807 CtFa·

415 3839 566 3912 bricium,
595 3839 647 3901 Μ’.
670 3839 821 3913 Curium,
851 3840 900 3901 Ti.
922 3839 1173 3914 Coruncanium,
1202 3858 1283 3923 quos
1306 3839 1464 3921 sapientes
1485 3838 1585 3901 nostri
1607 3837 1742 3900 maiores

413 3932 612 4005 iudicabant,
646 3932 685 3994 ad
716 3934 847 3996 istorum
875 3953 1018 3997 normam
1047 3934 1146 3997 tuisse
1176 3934 1344 4017 sapientes.
1395 3932 1500 4007 Quare
1523 3932 1580 3994 sibi
1604 3930 1742 3994 habeant

413 4026 585 4111 sapientiae
614 4046 728 4089 nomen
758 4036 790 4090 et
816 4026 1007 4091 invidiosum
1036 4035 1068 4090 et
1094 4028 1283 4100 obscurum,
1315 4026 1490 4089 concedant
1516 4033 1552 4086 ut
1578 4025 1637 4088 viri
1664 4023 1740 4087 boni

412 4121 539 4184 suerint.
575 4121 622 4183 Ne
645 4120 676 4181 id
699 4118 826 4203 quidem
849 4121 980 4184 sacient:
1002 4121 1164 4202 negabunt
1185 4120 1216 4183 id
1239 4121 1299 4181 uisi
1325 4119 1459 4202 sapienti
1481 4137 1576 4201 posse
1599 4120 1739 4182 concedi.
1749 4129 1781 4177 ao

412 4210 463 4277 i9.
491 4213 628 4295 Agamus
658 4214 755 4296 igitur
782 4215 910 4296 pingui,
943 4222 977 4276 ut
998 4215 1102 4286 aiunt,
1130 4214 1280 4276 Minerva.
1325 4212 1387 4287 Qui
1412 4212 1453 4274 ita
1483 4231 1518 4274 se
1540 4220 1668 4294 gerunt,
1696 4216 1741 4275 ita

410 4309 537 4382 vivunt,
560 4316 595 4371 ut
616 4327 726 4370 eorum
749 4308 901 4390 probetur
922 4304 1015 4380 fides,
1036 4306 1215 4387 integritas,
1237 4307 1397 4388 aequitas,
1421 4304 1602 4381 liberalitas,
1626 4327 1683 4369 nec
1699 4309 1740 4371 sit

410 4405 442 4466 iu
472 4402 519 4465 eis
546 4401 611 4465 ulia
640 4402 809 4486 cupiditas,
838 4400 951 4475 iibido,
979 4400 1128 4474 audacia,
1156 4400 1283 4481 sintque
1312 4418 1424 4479 magna
1447 4402 1639 4472 constantia,
1661 4409 1695 4463 ut
1716 4402 1740 4464 ii

409 4496 547 4571 suerunt,
570 4497 666 4558 modo
690 4514 771 4578 quos
794 4494 967 4565 nominari,
988 4493 1048 4555 hos
1070 4494 1155 4556 viros
1177 4493 1293 4566 bonos,
1316 4502 1352 4556 ut
1365 4493 1464 4556 habiti
1480 4502 1569 4568 sunt,
1584 4495 1628 4558 sic
1644 4495 1737 4558 etiam

409 4589 617 4672 appellandos
640 4597 805 4671 putemus,
827 4589 902 4671 quia
924 4595 1117 4670 sequantur,
1139 4595 1293 4671 quantum
1315 4588 1459 4652 homines
1482 4598 1626 4670 possunt,
1648 4597 1778 4652 natu-en

475 4823 500 4872 t.
518 4834 595 4883 semp.
607 4833 680 4883 spero
695 4821 750 4883 sore
767 4821 788 4870 D
807 4846 833 4856 -
853 4821 878 4870 ἰ.
892 4834 920 4869 ee
936 4820 997 4869 mitt
1012 4821 1095 4885 mepta
1112 4821 1250 4871 BEGSV:
1268 4834 1297 4872 eo
1313 4821 1395 4885 mepta
1410 4821 1472 4869 miii
1488 4821 1520 4879 D,
1537 4820 1597 4869 mitt
1613 4833 1641 4870 ec
1658 4822 1740 4885 mepta

410 4898 430 4947 0
450 4922 477 4933 -
495 4896 565 4944 cordi
581 4901 616 4944 ert
633 4895 654 4944 D
674 4919 702 4931 -
730 4900 839 4957 quotuor
855 4895 923 4944 BGS
948 4920 975 4931 -
1002 4894 1027 4944 3.
1046 4897 1187 4945 amomum
1202 4896 1318 4957 porioD
1343 4921 1369 4931 -
1397 4896 1421 4945 a.
1442 4895 1551 4946 cassius
1569 4900 1629 4960 post
1645 4910 1740 4947 ccccm

409 4971 481 5020 estG
505 4994 531 5005 -
556 4970 623 5018 istud
640 4970 725 5030 Dtito
752 4995 781 5006 -
807 4971 832 5020 7.
850 4969 880 5033 ai]
898 4972 919 5019 si
936 4971 1034 5033 quidem
1051 4971 1132 5032 BSV,
1157 4971 1206 5021 sed
1225 4973 1250 5021 iu
1268 4972 1285 5020 S
1302 4972 1401 5033 quidem
1418 4983 1524 5021 erasum
1552 4996 1579 5007 -
1607 4973 1740 5022 decem

408 5045 597 5095 mountain
624 5070 651 5081 -
684 5044 709 5094 8.
727 5045 911 5095 cumBGSV:
931 5058 996 5109 quoe
1014 5046 1060 5096 DE
1084 5072 1111 5081 -
1139 5048 1267 5108 disputare
1283 5045 1363 5097 B¹SV
1388 5072 1412 5083 -
1443 5047 1651 5108 quidextttimos
1669 5049 1688 5097 D
1709 5073 1735 5083 -

409 5121 449 5169 so.
466 5131 526 5169 cero
544 5119 632 5169 Beier:
650 5133 712 5168 uero
728 5125 831 5183 prataen
848 5122 868 5169 G
886 5119 960 5183 (add.
979 5120 1029 5170 erit
1046 5123 1105 5183 post
1121 5127 1223 5184 protom
1240 5133 1299 5184 sup.
1314 5119 1379 5181 tint,
1397 5134 1459 5171 uero
1475 5122 1523 5170 crit
1539 5128 1642 5183 motum
1659 5122 1736 5182 BSV,

407 5195 455 5243 en't
471 5198 573 5257 motum
591 5194 623 5253 E,
645 5199 794 5256 perprotum
810 5207 871 5244 uero
888 5199 937 5246 erit
953 5196 988 5256 D,
1011 5209 1070 5245 cero
1088 5196 1245 5258 [peraratum
1261 5196 1317 5260 crit]
1335 5198 1355 5246 0
1375 5222 1400 5233 -
1421 5201 1496 5257 utque
1513 5194 1554 5245 bis
1573 5195 1653 5245 habet
1670 5198 1689 5244 G
1710 5223 1736 5233 -

409 5268 448 5317 tt.
469 5271 604 5317 mmmm
621 5269 729 5319 BEGS:
747 5271 883 5319 ontwcrtit
900 5270 974 5320 DVG
994 5295 1019 5305 -
1041 5270 1080 5319 ti.
1098 5272 1145 5332 ipsi
1164 5271 1184 5321 D
1205 5297 1231 5307 —
1253 5270 1360 5321 stem
1376 5284 1420 5334 epo
1437 5272 1454 5320 S
1474 5296 1499 5307 -
1519 5272 1545 5319 in
1562 5284 1603 5320 me
1618 5272 1689 5320 esto
1710 5296 1736 5307 -

409 5344 448 5393 sc.
467 5349 495 5391 ast
512 5344 662 5405 disponatur
679 5346 738 5402 BG,
756 5351 784 5394 ut
800 5346 822 5395 ia
834 5350 948 5408 ponatur
964 5346 990 5402 S,
1008 5349 1037 5393 ot
1053 5346 1091 5393 hia
1104 5360 1164 5408 pon.
1179 5346 1227 5396 DV
1247 5372 1272 5381 -
1292 5347 1418 5409 disputant
1435 5348 1465 5395 G¹
1478 5371 1504 5381 -
1530 5346 1569 5395 ti.
1583 5345 1738 5396 aoao‘esv

409 5445 436 5455 -
457 5418 497 5469 te.
515 5431 561 5482 epo
577 5425 660 5468 oseem
677 5433 722 5468 uos
739 5422 755 5469 S
776 5449 801 5458 -·
828 5421 902 5470 rebus
918 5420 1031 5469 omnibus
1048 5421 1096 5469 BV
1116 5449 1141 5457 -
1171 5421 1211 5470 49.
1230 5426 1318 5482 aptum
1333 5426 1442 5471 saturne
1459 5422 1476 5469 S
1499 5446 1522 5455 -
1552 5425 1653 5482 tumque
1669 5422 1688 5471 B
1706 5447 1739 5457 -

406 5506 446 5542 res
463 5495 584 5543 exomni
601 5496 725 5556 BGSV,
748 5496 797 5545 sed
815 5497 840 5546 in
859 5499 878 5545 G
899 5498 961 5559 post
977 5509 1017 5545 res
1034 5508 1126 5545 rasura
1154 5521 1180 5531 -
1209 5497 1249 5545 st.
1267 5509 1347 5558 oeque
1363 5497 1391 5546 id
1407 5510 1485 5544 uuum
1501 5496 1621 5545 reserati
1647 5523 1672 5532 -
1695 5497 1736 5545 22.

407 5583 505 5618 mosia
522 5570 550 5626 E.
570 5570 618 5620 sed
636 5583 696 5634 sup.
711 5569 755 5621 tin.
769 5585 923 5621 commanem
939 5595 973 5608 -
989 5570 1029 5620 23.
1048 5573 1133 5620 uirum
1150 5571 1241 5620 conum
1258 5572 1344 5620 csseO
1366 5598 1390 5607 -
1409 5572 1448 5622 it.
1463 5570 1659 5621 ucmomcrtotis
1676 5571 1695 5619 E
1709 5594 1735 5605 -

407 5644 448 5694 26.
462 5646 595 5706 apocreE
610 5671 636 5680 -
655 5645 696 5694 27.
710 5647 746 5695 M.
761 5646 831 5695 BSV
845 5671 871 5682 -
893 5644 938 5710 Ti]
953 5646 977 5695 Τ.
996 5645 1155 5695 DDGSV-
1175 5645 1215 5695 28.
1229 5647 1350 5707 sepientes
1365 5646 1441 5707 fuisse
1458 5645 1521 5694 B-
1538 5644 1659 5693 debebam
1676 5645 1735 5694 E-

407 5719 448 5770 29.
461 5720 513 5768 uiri
531 5719 587 5768 doni
605 5721 624 5769 C
643 5720 698 5778 (sed
718 5721 743 5768 in
762 5722 778 5769 S
796 5725 856 5784 post
872 5721 929 5771 doni
946 5720 1031 5771 littera
1050 5720 1145 5784 crassi:
1165 5721 1190 5769 ii
1207 5719 1263 5769 boni
1279 5723 1330 5770 oiri
1347 5721 1367 5770 Ο
1387 5747 1412 5756 -
1433 5720 1474 5769 31.
1486 5721 1614 5779 Minerua,
1627 5724 1654 5767 nt
1666 5720 1739 5769 ciunt

408 5795 429 5844 0
449 5820 474 5829 -
494 5794 596 5843 scitoE
616 5820 643 5830 -
662 5796 699 5843 ito
716 5797 777 5844 ante
794 5798 881 5844 vicunt
898 5809 950 5845 om.
965 5798 984 5845 G
1001 5822 1026 5833 -
1046 5796 1087 5846 32.
1101 5796 1272 5859 aequatisque
1293 5821 1319 5833 -
1338 5796 1441 5844 libertos
1458 5796 1484 5845 S¹
1500 5822 1522 5830 -
1544 5794 1584 5843 ³3.
1597 5793 1735 5841 nonov-

407 5869 581 5932 copuoosvu
597 5868 672 5919 acuo
688 5870 727 5918 aa
743 5870 854 5919 aucam
871 5870 891 5919 o
910 5895 937 5905 -
955 5858 1040 5919 ιιιωὼ
1057 5871 1075 5919 u
1094 5898 1126 5909 -
1142 5873 1257 5933 suquec
1278 5899 1305 5910 -
1323 5872 1349 5921 st
1366 5871 1460 5922 scsv
1482 5897 1506 5907 -
1526 5869 1566 5920 aa.
1580 5869 1737 5932 peamau

409 5968 437 5980 ·
457 5944 499 6008 Ν
516 5951 683 6008 “ww
700 5948 734 6009 G,
756 5946 799 6009 put
814 5948 952 6012 ”ww
967 5944 1025 6006 DS,
1043 5946 1087 6007 out
1103 5950 1224 6010 mustus·
1239 5947 1270 6009 V,
1297 5950 1359 6011 quta
1373 5950 1511 6009 momatur
1527 5943 1577 5996 alit.
