4342 7459
445 1235 508 1307 578
857 1269 859 1273 ·
1028 1238 1083 1314 DE
1104 1237 1212 1306 FATO

571 1398 734 1463 Utinam
763 1417 810 1462 ne
839 1399 877 1462 iu
904 1417 1069 1464 ‘nemore
1100 1397 1216 1462 Pelio
1241 1397 1454 1464 securibus

572 1492 710 1557 Caesae
740 1492 994 1558 accedissent
1021 1493 1217 1574 abiegnae
1246 1490 1294 1556 ad
1324 1500 1475 1557 terram
1507 1492 1666 1560 trebesl

443 1587 549 1664 Licuit
570 1589 620 1650 vel
646 1586 740 1651 altius
771 1588 920 1651 «Utinam
942 1607 982 1649 ne
1005 1587 1037 1649 in
1060 1587 1149 1650 Pelio
1171 1594 1245 1661 nata
1266 1586 1333 1650 ulla
1355 1606 1505 1670 umquam
1527 1596 1612 1653 esset
1632 1590 1778 1666 arboris,

444 1681 537 1745 etiam
566 1700 662 1764 supra
693 1681 839 1745 «Utinam
867 1701 907 1744 ne
936 1690 1020 1743 esset
1042 1699 1134 1742 mons
1157 1680 1242 1743 ullus
1264 1680 1411 1743 Peliusls
1444 1681 1654 1764 similiterque
1680 1702 1779 1768 supe·

418 1778 525 1841 eriora
548 1782 743 1859 repetentem
764 1776 889 1858 regredi
913 1774 1036 1837 infinite
1058 1773 1142 1837 licet.

569 1874 676 1935 Neve
705 1870 801 1934 inde
830 1870 948 1935 nasis
977 1868 1199 1936 inchoandi
1228 1869 1435 1935 exordium

572 1965 771 2049 Cepisset.

443 2058 604 2137 Quorsum
626 2057 705 2123 baec
727 2058 922 2142 praeterita?
966 2057 1049 2133 Quia
1071 2057 1215 2141 seqnitur
1236 2057 1315 2122 illud

569 2155 659 2216 Nam
681 2172 881 2235 numquam
904 2171 966 2215 era
989 2171 1124 2216 errans
1147 2171 1228 2215 mea
1250 2152 1358 2215 domo
1381 2152 1555 2218 ecferret
1576 2155 1734 2238 peden,

404 2263 433 2310 to
568 2246 709 2314 Medea
736 2247 867 2310 auimo
894 2265 1037 2328 aegro,
1065 2265 1203 2310 amore
1232 2265 1354 2310 saevo
1385 2248 1547 2322 saucia,

441 2363 521 2418 uon,
543 2350 580 2405 ut
601 2361 666 2420 ese,
680 2361 730 2405 res
752 2360 878 2406 causam
900 2340 1061 2403 adferrent
1083 2340 1209 2404 amoris.

526 2436 610 2500 xvi.
631 2432 684 2497 36.
706 2436 862 2499 Interesse
884 2442 989 2498 autem
1012 2434 1110 2509 aiunt,
1133 2442 1239 2502 utrum
1262 2435 1433 2499 eiusmodi
1457 2436 1534 2520 qnid
1549 2437 1606 2511 sil,
1622 2439 1694 2502 sine
1709 2459 1776 2523 quo

441 2528 524 2597 effici
551 2528 676 2614 aliquid
698 2549 763 2592 non
785 2528 901 2610 possit,
928 2548 969 2592 an
991 2528 1183 2602 eiusmodi,
1214 2548 1285 2592 cum
1308 2549 1372 2613 quo
1395 2528 1478 2598 ellici
1500 2531 1620 2615 aliquid
1643 2552 1777 2599 nocuae

441 2629 492 2694 tit
525 2625 617 2690 Nulla
640 2623 736 2706 igitur
757 2642 866 2687 earum
889 2630 938 2685 est
960 2642 1071 2697 causa,
1095 2623 1243 2706 quoniam
1266 2624 1353 2687 nulla
1376 2644 1444 2689 eam
1467 2645 1534 2692 rem
1549 2644 1607 2690 sua
1621 2626 1651 2689 ri
1665 2623 1775 2702 efficit,

403 2720 531 2801 seculus
554 2736 649 2782 causa
671 2715 803 2793 dicitur;
831 2737 890 2779 nec
913 2717 961 2791 id,
984 2718 1052 2779 sine
1074 2736 1139 2800 quo
1162 2717 1326 2801 quippiam
1348 2738 1412 2782 non
1434 2716 1478 2794 fil,
1503 2737 1598 2784 causa
1620 2727 1686 2793 est,
1715 2721 1775 2786 sed

440 2812 491 2890 id,
521 2812 607 2898 quod
635 2830 704 2875 eum
732 2811 882 2884 accessit,
912 2810 944 2872 id
966 2810 1057 2873 cuius
1079 2818 1130 2873 est
1150 2828 1245 2874 musa
1267 2808 1365 2874 ellicit
1391 2814 1582 2877 necessario.
1624 2814 1774 2880 Nondum

440 2908 523 2973 enim
552 2905 692 2970 ulcerato
722 2906 876 2988 serpentis
905 2926 1012 2969 morsu
1038 2902 1226 2979 Philocteta,
1254 2925 1336 2987 quae
1360 2925 1455 2971 csusa
1477 2908 1511 2971 in
1534 2928 1637 2972 rerum
1660 2918 1775 2973 natura

440 2999 673 3071 continebatur,
694 2997 763 3061 fore
785 3006 822 3060 ut
843 2999 870 3061 is
892 2999 924 3061 iu
947 2999 1051 3062 insula
1066 3000 1187 3062 Lemno
1210 3000 1435 3084 linqueretur?
1458 3010 1530 3083 post
1551 3012 1656 3066 autem
1676 3022 1774 3068 csuse

439 3092 500 3162 luit
520 3094 649 3178 propior
670 3100 794 3156 etcum
817 3092 906 3157 exitu
930 3093 1077 3156 iunctior.
1121 3090 1172 3158 37.
1196 3096 1286 3159 Ratio
1309 3096 1407 3176 igitur
1429 3103 1561 3160 eventus
1582 3096 1684 3179 aperit
1698 3115 1774 3161 cau-

402 3201 517 3258 usam.
551 3189 614 3254 Sed
637 3206 678 3251 ex
696 3187 882 3252 aeternitate
901 3206 975 3251 vera
989 3186 1047 3251 luit
1060 3188 1140 3252 baec
1156 3190 1353 3253 enuntiatio:
1377 3190 1605 3272 «Relinquetur
1619 3188 1653 3251 in
1668 3189 1774 3253 insula

438 3284 673 3358 Philoctetes»,
702 3302 760 3346 nec
787 3280 850 3345 boc
880 3301 921 3345 ex
949 3301 1025 3348 vero
1055 3282 1088 3344 in
1111 3280 1226 3346 laisum
1249 3290 1373 3365 poterat
1395 3293 1591 3350 convertere.
1636 3285 1773 3348 Necesse

440 3388 489 3444 est
518 3379 603 3442 euim
632 3377 666 3439 in
694 3375 790 3439 rebus
820 3376 986 3440 contrariis
1015 3376 1139 3439 duabus
1169 3408 1212 3426 -
1242 3377 1399 3441 contraria
1421 3385 1527 3444 aulem
1555 3376 1710 3442 hocloco
1734 3396 1772 3442 ea

439 3473 528 3546 dico,
559 3491 691 3554 quorum
714 3470 847 3535 alterum
871 3470 915 3532 ait
936 3470 1032 3552 quid,
1053 3470 1187 3533 alterum
1209 3476 1375 3551 negat-2,
1398 3490 1439 3534 ex
1460 3471 1499 3533 iis
1520 3470 1619 3553 igitur
1639 3489 1772 3537 necesse

439 3574 487 3630 est
509 3565 608 3627 invito
629 3563 768 3644 Epicuro
791 3562 923 3624 alterum
946 3581 1052 3625 verum
1076 3583 1157 3638 esse,
1179 3565 1312 3628 alterum
1335 3565 1466 3639 laisum,
1491 3573 1527 3627 ut
1551 3564 1773 3630 «Sauciabitur

400 3658 630 3726 tstiloctetas
656 3656 802 3726 omnihus
824 3663 898 3718 ante
919 3656 1054 3721 saeculis
1074 3678 1183 3722 verum
1199 3657 1270 3731 tuit,
1296 3660 1385 3722 «Non
1401 3659 1612 3723 sauciabitur»
1637 3658 1771 3733 falsum

438 3751 501 3816 nisi
522 3749 604 3817 forte
627 3748 772 3811 volumus
785 3748 1012 3830 Epicureorum
1035 3750 1218 3833 opinionem
1241 3753 1343 3834 sequi,
1366 3752 1422 3834 qui
1445 3751 1517 3816 talis
1532 3752 1771 3818 enuntiationes

438 3865 499 3910 nec
520 3862 611 3907 verse
632 3861 691 3905 nec
713 3840 809 3916 falses
831 3861 901 3906 esse
924 3841 1051 3917 dicunt,
1074 3850 1129 3906 aut
1151 3866 1221 3908 cum
1245 3845 1278 3909 id
1302 3845 1411 3928 pudet,
1433 3845 1512 3908 illud
1528 3854 1632 3910 tamen
1647 3844 1771 3918 dicuni.

438 3935 526 4021 quod
548 3943 598 3999 est
618 3934 832 4017 inpudentiae,
854 3954 943 3999 veras
966 3956 1036 3999 esse
1059 3958 1100 4000 ex
1122 3939 1288 4004 contrariis
1311 3939 1536 4014 diiunctiones,
1560 3939 1616 4002 sed
1637 3939 1770 4022 quaein

437 4029 488 4096 ltis
517 4029 680 4094 enuntiata
707 4037 829 4102 essent,
857 4049 966 4093 eorum
993 4039 1139 4098 neutrum
1170 4053 1242 4097 esse
1265 4053 1382 4096 verum.
1427 4030 1478 4097 38.
1501 4031 1528 4095 Ο
1551 4032 1769 4100 admirabilem

400 4123 599 4189 telicentiam
622 4131 653 4186 et
675 4123 884 4188 miserabilem
907 4124 1105 4189 inscientiam
1130 4126 1328 4190 disserendil
1367 4127 1401 4189 Si
1420 4128 1505 4189 enim
1522 4127 1639 4208 aliquid
1655 4128 1689 4189 in
1703 4126 1771 4190 elo

440 4218 568 4302 quendo
590 4238 648 4280 nec
673 4238 781 4281 verum
804 4238 863 4281 nec
885 4217 1000 4286 falsum
1021 4227 1083 4294 est,
1107 4230 1190 4288 certe
1206 4221 1238 4283 id
1256 4241 1362 4283 verum
1379 4229 1517 4285 nonest.
1554 4219 1647 4295 Quod
1662 4228 1770 4283 aulem

438 4332 548 4376 verum
572 4333 635 4375 non
661 4320 723 4386 est,
747 4314 801 4396 qui
824 4320 928 4395 polest
950 4332 1015 4377 non
1037 4314 1151 4378 falsum
1175 4317 1271 4378 esse?
1301 4323 1356 4378 aut
1377 4314 1464 4397 quod
1486 4313 1601 4376 falsum
1624 4332 1689 4376 uon
1711 4321 1771 4386 est,

504 4603 527 4650 2.
547 4614 634 4651 coesse
650 4601 798 4650 accedissent
816 4601 849 4648 V:
868 4614 956 4651 coesse
972 4602 1134 4652 cecoedissent
1150 4605 1191 4660 At,
1209 4615 1297 4652 cosroe
1314 4604 1456 4651 cecidissent
1473 4602 1533 4652 A²B
1552 4602 1607 4665 (sed
1626 4616 1653 4651 ce
1670 4604 1695 4651 in
1715 4615 1768 4652 ras.

438 4677 476 4739 Β),
489 4691 563 4727 caesa
574 4677 701 4726 occidisset
713 4677 746 4735 03
766 4676 799 4726 cl.
813 4675 885 4727 lecit.
898 4690 954 4725 ver.
966 4676 1000 4726 ed
1009 4679 1084 4726 Auci.
1099 4675 1132 4724 ad
1148 4677 1261 4726 Herenn.
1275 4677 1306 4735 ll,
1318 4677 1349 4724 22
1364 4703 1390 4712 -
1409 4676 1530 4741 obiepsce
1541 4677 1573 4726 ll:
1593 4675 1727 4743 abisquae
1737 4679 1768 4732 Α,

438 4750 558 4815 αὸὶαορηο
575 4752 604 4807 V.
623 4751 730 4815 odisque
747 4754 766 4801 0
786 4778 813 4787 -
832 4751 920 4800 trebes
936 4748 968 4797 V¹
989 4779 1014 4788 -
1034 4752 1058 4801 3.
1080 4752 1179 4800 Utinom
1192 4777 1229 4788 -·
1241 4751 1317 4800 etiam
1334 4764 1412 4813 sopra
1429 4765 1482 4801 om.
1498 4753 1518 4798 V
1538 4778 1564 4788 -
1585 4750 1608 4801 l.
1628 4764 1678 4799 esse
1695 4746 1725 4798 V¹
1739 4776 1767 4786 -

438 4828 463 4881 s.
475 4828 588 4890 infinitos
605 4824 633 4877 B*
653 4849 680 4862 -
703 4828 758 4877 ticet
775 4839 895 4890 quorsom
911 4827 942 4885 V,
961 4825 1009 4877 sed
1027 4826 1093 4875 inire
1111 4827 1163 4877 v.8
1180 4839 1299 4887 quorsum
1316 4824 1394 4875 deest
1411 4826 1470 4874 th
1493 4852 1526 4862 -
1549 4826 1573 4875 6.
1586 4826 1720 4875 inchoandi
1731 4826 1765 4877 C:

436 4899 773 4952 cacodaemonem
792 4930 819 4939 -
838 4903 863 4953 7.
876 4904 977 4963 cepisset
995 4900 1109 4965 Erlsng.:
1128 4903 1290 4964 comiscuit,
1309 4903 1426 4963 coepisset
1443 4902 1514 4952 Avo
1534 4927 1560 4936 -
1580 4901 1604 4952 8.
1619 4914 1724 4964 quom
1740 4903 1770 4951 ut

436 4974 543 5025 videtur
560 4977 585 5025 in
604 4973 661 5026 loco
679 4976 792 5027 evanido
808 4980 829 5027 Α
848 5003 874 5013 -
903 4978 927 5028 9.
945 4977 1007 5026 bero
1024 4978 1044 5027 0
1064 5004 1090 5012 -
1114 4978 1175 5027 boec
1191 4980 1267 5041 ferret
1284 4977 1326 5026 BV
1346 5003 1372 5013 -
1402 4977 1440 5025 tt).
1455 4989 1534 5040 aspro
1551 4974 1630 5025 codd.
1645 4979 1720 5026 duct
1734 4975 1768 5024 sd

437 5049 553 5100 llerenn.
570 5076 596 5086 -
615 5052 700 5100 soatio
710 5052 763 5101 ΑΨ
777 5080 804 5089 -
825 5053 862 5101 tt.
877 5053 924 5101 tue
935 5052 967 5098 Vt
982 5080 1005 5088 -
1026 5051 1205 5113 adserentlttt¹
1220 5079 1247 5089 -
1266 5052 1306 5101 ⁴3.
1321 5052 1419 5113 aliquid
1429 5051 1492 5113 efflei
1505 5051 1525 5100 0
1539 5076 1566 5086 -
1585 5052 1770 5113 conponit·-

437 5125 500 5189 smct
517 5125 613 5186 aliquid
630 5127 654 5175 in
668 5139 751 5189 marg.
764 5126 882 5190 supplli
899 5154 924 5163 -
944 5140 1000 5176 cum
1012 5140 1061 5190 quo
1078 5127 1113 5176 C:
1133 5140 1181 5189 quo
1199 5125 1301 5189 Erlsng.
1315 5126 1348 5182 0:
1369 5126 1572 5189 praepositionis
1590 5137 1655 5174 usus
1673 5137 1706 5173 eo
1720 5124 1771 5175 de-

437 5199 562 5259 tenditur,
575 5200 646 5263 quod
659 5200 723 5250 inira
735 5202 778 5250 sed
788 5203 814 5251 id
825 5203 890 5263 qaod
901 5216 957 5251 cum
968 5204 1077 5261 occsuit,
1093 5215 1145 5251 non
1158 5204 1287 5252 onucsssit
1299 5203 1392 5252 Cicero
1405 5200 1467 5251 dixit
1482 5226 1509 5235 -
1523 5200 1620 5261 aliquid
1630 5199 1694 5261 efflei
1708 5200 1728 5249 0
1739 5225 1767 5235 -

437 5276 477 5325 tt.
490 5276 561 5324 casius
571 5274 650 5326 codd.
661 5275 761 5339 aliquot
773 5278 881 5326 ltoseri:
900 5278 926 5326 ie
938 5278 1009 5326 caius
1021 5278 1050 5334 C,
1063 5276 1135 5325 uatis
1145 5290 1235 5326 coram
1245 5291 1331 5327 rerum
1341 5290 1390 5327 suo
1400 5277 1427 5326 ui
1437 5276 1512 5338 emcit
1523 5275 1549 5324 id
1559 5276 1630 5323 caius
1642 5273 1767 5323 Cratand.

439 5377 466 5387 -
491 5351 583 5400 dicitw
598 5351 715 5402 causeo
743 5378 770 5389 -
798 5352 952 5416 Disputandi
970 5351 1037 5401 ordo
1055 5350 1172 5414 flagitare
1191 5352 1254 5401 milri
1272 5352 1378 5402 videtur
1394 5354 1423 5400 ut
1439 5349 1521 5401 verba
1545 5348 1624 5397 Natio
1640 5348 1721 5412 lpitar
1732 5373 1771 5384 ·-

435 5438 515 5475 cause
531 5426 623 5475 dieitur
644 5426 704 5475 ante
726 5423 768 5474 llla
789 5425 906 5474 iuteresse
922 5432 1157 5475 nutem--uecesse
1174 5426 1206 5474 sit
1228 5424 1392 5476 collocentur
1419 5450 1445 5460 -
1477 5422 1640 5486 quidpiomO
1667 5446 1693 5456 -
1726 5421 1768 5477 lli.

435 5513 514 5551 maso
531 5506 566 5549 est
583 5499 642 5550 cod.
657 5498 758 5550 (iudo
778 5527 804 5535 -
823 5501 887 5562 citici
903 5500 944 5560 vr,
963 5500 1070 5563 efficitur
1087 5498 1147 5549 cod.
1162 5498 1228 5549 Gud.
1243 5501 1363 5551 Davisius
1383 5527 1409 5535 -
1430 5499 1470 5549 ib.
1481 5500 1601 5561 proprior
1614 5495 1659 5545 ΑΒ
1679 5521 1705 5531 -
1725 5495 1768 5545 tt.

432 5579 556 5637 propmst
572 5575 601 5624 m
616 5602 643 5612 -
662 5578 807 5624 coeuenm
824 5575 900 5623 mv:
919 5578 1035 5623 consens
1053 5575 1091 5633 Bt,
1110 5577 1222 5625 conuerti
1238 5575 1309 5623 A²B²
1327 5601 1353 5610 -
1372 5573 1414 5623 23.
1433 5573 1471 5621 bis
1487 5573 1565 5635 Vtito
1585 5598 1611 5606 -
1630 5570 1671 5621 rt.
1689 5571 1770 5622 moun

435 5650 546 5713 Epicuro
562 5649 652 5714 spuria
669 5662 730 5701 esse
748 5653 841 5699 censet
857 5650 945 5698 Brenni
966 5675 992 5684 -
1011 5648 1126 5697 suadeor
1137 5647 1168 5698 A¹
1186 5674 1213 5683 -
1232 5649 1273 5697 26.
1293 5648 1355 5697 tutes
1371 5643 1481 5699 Alt'vo
1502 5675 1527 5683 -
1549 5646 1590 5697 27.
1609 5657 1673 5694 uero
1690 5646 1719 5695 Bt
1739 5672 1765 5682 -

435 5724 477 5774 28.
495 5724 706 5774 &sanctionem
730 5748 757 5759 -
781 5724 824 5772 sed
840 5725 924 5784 quea
945 5746 979 5759 -
1004 5722 1045 5772 29.
1064 5723 1096 5773 its
1111 5726 1267 5773 enioccttotn
1284 5723 1311 5773 1³¹
1338 5750 1363 5758 -
1395 5724 1435 5773 30.
1453 5722 1593 5773 mirabilem
1609 5723 1669 5771 inse.
1688 5722 1718 5771 13¹
1734 5748 1768 5759 -

434 5796 591 5847 Montium
607 5799 667 5848 BV:
692 5798 899 5848 inscientieetism
917 5799 972 5857 ised
991 5802 1072 5849 seiten
1089 5801 1193 5863 punctis
1212 5798 1338 5861 notatum)
1357 5802 1392 5858 Α,
1412 5800 1538 5848 ineditum
1554 5799 1591 5853 0;
1615 5796 1648 5847 cl.
1663 5796 1716 5846 Cic.
1732 5795 1766 5847 de

436 5871 489 5923 div,
509 5874 518 5921 l
535 5874 613 5936 §⁴⁴8
637 5899 663 5909 -
691 5874 813 5924 dbmsedi
829 5875 851 5924 Α
870 5898 897 5909 -
918 5873 958 5923 32.
977 5888 1028 5923 oon
1043 5874 1137 5937 solem
1152 5886 1228 5925 esse·
1240 5900 1254 5910 -
1266 5876 1309 5936 qui
1323 5879 1404 5936 potest
1420 5875 1446 5923 ln
1464 5886 1539 5936 marg
1561 5869 1647 5936 suppl.
1661 5873 1686 5921 in
1700 5872 1721 5917 v
1734 5899 1766 5908 -

436 5952 481 5995 aut
506 5948 572 6009 qaod
594 5948 688 6011 seiam
708 5963 759 6001 soe
783 5953 831 6012 sat,
859 5950 902 6011 qai
925 5955 1005 6012 potest
1025 5963 1076 5999 noe
1098 5962 1185 6001 emesa
1212 5962 1262 6001 esse
1291 5954 1337 6000 aut
1366 5949 1400 5999 ab
1428 5947 1618 6013 interpolatore
1647 5944 1766 6010 quodam
