4342 7459
830 1228 904 1295 co.
925 1230 1067 1295 ιιι-ι
1096 1226 1143 1315 §t
1165 1224 1310 1298 ls-aa.
1670 1226 1732 1294 ars

406 1395 504 1456 noctu
526 1391 560 1455 in
582 1387 728 1454 cubiculo
750 1410 809 1454 suo
824 1391 854 1453 vi
872 1413 1044 1475 oppressus
1059 1391 1203 1475 Scipio»,
1225 1410 1300 1453 rere
1321 1388 1495 1465 diceretur;
1516 1387 1551 1452 id
1567 1390 1651 1453 enim
1665 1388 1733 1452 iore

407 1484 578 1557 diceretur,
603 1484 690 1567 quod
714 1494 800 1548 esset
821 1485 970 1560 futurum,
993 1486 1132 1549 futurum
1148 1493 1251 1547 autem
1266 1485 1379 1557 luisse,
1402 1504 1510 1557 exeo,
1526 1484 1733 1566 quialactum

406 1587 470 1652 est,
500 1577 642 1660 intellegi
673 1578 777 1641 dehet.
825 1581 891 1642 Nec
919 1582 1017 1662 magis
1046 1587 1114 1641 erat
1140 1592 1247 1643 verum
1264 1579 1455 1641 ,nblorietur
1477 1578 1608 1660 Scipio»
1638 1597 1733 1661 quam

408 1674 580 1737 «Morietur
601 1672 657 1735 illo
681 1674 804 1747 moden,
827 1694 887 1737 nec
909 1675 1008 1756 magis
1032 1693 1163 1736 necesse
1185 1673 1263 1735 mori
1280 1672 1422 1753 Scipioni
1445 1692 1539 1755 quarn
1562 1672 1618 1734 illo
1639 1672 1733 1734 modo

406 1768 496 1842 mori,
519 1786 578 1830 nec
600 1766 699 1848 magis
721 1766 910 1829 inmutabile
933 1787 973 1828 ex
996 1787 1069 1829 vero
1084 1766 1247 1828 insalsum
1265 1767 1419 1829 oNecatus
1434 1773 1483 1828 est
1498 1766 1622 1847 Scipion
1639 1785 1759 1848 quame

409 1861 598 1924 «Necabitur
613 1860 752 1943 Scipion.
781 1863 859 1933 Nec,
881 1881 952 1923 cum
975 1862 1052 1923 haec
1068 1861 1113 1923 ita
1129 1860 1206 1932 sint,
1224 1867 1272 1922 est
1287 1878 1381 1922 causa
1397 1878 1454 1922 cur
1466 1859 1621 1941 Epicurus
1637 1859 1734 1922 latum

407 1958 593 2020 extimescat
614 1963 646 2017 et
667 1955 707 2017 ab
729 1956 842 2017 atomis
865 1964 953 2038 petat
975 1954 1165 2039 praesidium
1190 1973 1309 2037 easque
1332 1954 1371 2016 de
1393 1954 1445 2016 via
1466 1952 1600 2016 deducat
1622 1961 1654 2016 et
1670 1974 1735 2016 uno

407 2059 549 2132 tempore
571 2047 725 2132 suscipiat
745 2066 795 2111 res
811 2048 890 2110 duas
905 2048 1142 2120 inenodabiles,
1164 2067 1277 2121 unam,
1292 2056 1327 2110 ut
1341 2048 1411 2110 sine
1427 2068 1521 2110 causa
1537 2044 1590 2109 liat
1603 2047 1734 2130 aliquid,

408 2164 449 2206 ex
471 2163 536 2225 quo
558 2142 675 2205 existet
701 2150 737 2204 ut
766 2143 805 2204 de
828 2141 926 2204 nihilo
948 2142 1112 2226 quippiam
1136 2140 1204 2216 liat,
1233 2142 1319 2226 quod
1342 2162 1401 2204 nec
1423 2142 1484 2225 ipsi
1507 2161 1564 2203 nec
1587 2143 1735 2225 cuiquam

406 2235 538 2320 physico
559 2236 674 2319 placet,
698 2237 838 2310 alteram,
861 2246 913 2312 ut,
936 2258 1007 2300 cum
1030 2238 1093 2300 duo
1116 2237 1280 2299 individua
1302 2256 1359 2320 per
1380 2236 1563 2298 inanitatem
1586 2236 1774 2311 ferantur,to

407 2330 540 2394 alterum
562 2350 580 2393 e
602 2334 734 2415 regione
756 2340 933 2405 moveatur,
955 2331 1089 2393 alterum
1114 2331 1261 2394 declinet.
1306 2326 1356 2391 49.
1379 2331 1466 2393 Licet
1487 2331 1572 2393 enim
1587 2333 1736 2414 Epicuro,

408 2425 593 2488 concedenti
616 2444 710 2489 omne
733 2427 929 2489 enuntiatum
952 2433 1005 2488 ant
1028 2446 1136 2488 verum
1159 2432 1214 2487 aut
1234 2424 1349 2488 l'alsum
1373 2444 1458 2500 esse,
1487 2445 1549 2489 nou
1572 2428 1672 2489 vereri
1695 2447 1736 2490 ue

409 2520 515 2582 omnia
536 2520 602 2583 l'ato
625 2517 692 2582 lieri
716 2519 757 2581 sit
779 2539 927 2594 necesse;
950 2541 1014 2583 non
1037 2521 1122 2583 enim
1145 2522 1281 2583 aeternis
1304 2519 1423 2593 causis,
1445 2528 1577 2582 naturae
1600 2522 1737 2583 necessi-

409 2623 472 2677 tate
488 2614 718 2687 emanantibus,
734 2633 842 2676 rerum
858 2623 906 2677 est
922 2613 964 2688 id,
982 2615 1069 2698 quod
1087 2615 1130 2678 ita
1146 2614 1343 2679 enuntiatur:
1368 2612 1558 2676 «Descendit
1570 2615 1603 2677 in
1618 2614 1738 2678 Acade·

409 2710 502 2772 miam
526 2708 739 2781 Cameadesn,
763 2726 822 2770 nec
844 2716 949 2770 tamen
972 2709 1041 2771 sine
1063 2709 1183 2781 causis,
1206 2703 1262 2771 s‘ed
1284 2708 1416 2770 interest
1437 2707 1521 2771 inter
1542 2728 1653 2773 causas
1675 2710 1776 2773 lor-ta

409 2804 490 2865 tuito
512 2812 710 2885 antegressas
733 2810 765 2864 et
786 2802 871 2865 inter
885 2807 1003 2865 'causas
1026 2799 1206 2865 cohibentis
1228 2802 1261 2863 in
1284 2822 1318 2863 se
1334 2796 1536 2863 efficientiam
1552 2803 1736 2866 naturalem.

409 2898 457 2959 lta
478 2905 509 2959 et
531 2917 655 2979 semper
683 2915 789 2958 verum
818 2895 879 2957 luit
910 2897 1085 2960 oblorietur
1106 2898 1277 2979 Epicurus,
1306 2916 1377 2958 cum
1400 2895 1464 2958 duo
1486 2904 1518 2958 et
1539 2896 1738 2979 septuaginta

410 3010 510 3054 annos
540 2990 669 3064 vixerit,
698 2991 848 3053 archonte
870 2989 1083 3073 Pytharato»,
1114 3010 1218 3072 neque
1244 2998 1350 3054 tamen
1380 2999 1470 3053 erant
1491 3009 1605 3054 causae
1626 2991 1737 3054 fatales

410 3107 466 3150 eur
486 3086 529 3149 ita
551 3084 723 3158 accideret,
755 3086 810 3151 sed
833 3084 919 3168 quod
941 3086 985 3146 ita
1007 3085 1187 3157 cecidisset,
1216 3092 1302 3147 certe
1324 3104 1484 3158 casurum,
1512 3086 1594 3148 sicut
1615 3086 1737 3159 cecidit,

410 3177 479 3242 luit.
523 3174 575 3239 20.
597 3180 663 3241 Nec
684 3178 724 3252 ii,
746 3179 802 3262 qui
826 3177 936 3240 dicunt
957 3177 1156 3241 inmutabilia
1178 3198 1248 3242 esse
1271 3198 1353 3261 quae
1375 3179 1481 3241 lutura
1495 3180 1558 3242 sint
1571 3197 1629 3242 nec
1644 3198 1775 3261 posseso

410 3284 519 3335 verum
549 3271 691 3334 futurum
714 3279 899 3335 convertere
921 3272 954 3334 in
976 3272 1106 3345 l'alsum,
1137 3272 1192 3335 lati
1215 3273 1435 3335 necessitatem
1459 3269 1659 3347 confirmant,
1682 3271 1738 3335 sed

411 3365 579 3427 verborum
600 3365 664 3428 rim
688 3365 941 3450 interpretantur.
977 3367 1018 3428 At
1040 3367 1096 3449 qui
1119 3367 1322 3429 introducunt
1344 3386 1508 3430 causarum
1530 3367 1643 3429 seriem
1658 3386 1739 3429 sem-

410 3460 580 3542 pitemam,
609 3460 631 3524 ii
656 3470 792 3524 mentem
814 3461 952 3536 bominis
975 3460 1138 3522 voluntate
1160 3460 1259 3524 libera
1281 3460 1450 3542 spoliatam
1473 3460 1661 3523 necessitate
1682 3457 1738 3521 lati

412 3553 607 3616 devinciunt.

496 3650 536 3710 X.
560 3649 622 3711 Sed
645 3648 723 3711 haec
744 3648 917 3724 hactenus;
946 3648 1009 3711 alia
1030 3648 1204 3712 videamus.
1249 3647 1416 3710 Concludit
1438 3647 1521 3710 enim
1545 3647 1777 3733 Chrysippusto

411 3741 472 3804 hoc
495 3742 605 3805 modo:
632 3743 683 3805 «si
706 3750 754 3805 est
774 3751 878 3806 motus
893 3743 962 3805 sine
979 3762 1088 3815 causa,
1105 3761 1170 3804 non
1185 3742 1289 3805 omnis
1304 3742 1495 3816 enuntiatio,
1512 3745 1596 3826 quod
1611 3747 1739 3828 ἀξίωμα

413 3833 567 3898 dialectici
591 3836 761 3918 appellant,
784 3845 840 3900 aut
861 3856 934 3898 vera
955 3844 1008 3898 aut
1029 3835 1109 3898 l'alsa
1132 3836 1213 3909 erit;
1236 3856 1348 3899 causas
1370 3837 1453 3899 enim
1470 3835 1639 3902 efficientis
1654 3841 1739 3923 quod

412 3949 477 3991 uon
499 3928 641 4003 habehit,
665 3930 696 3992 id
719 3951 778 3993 nec
800 3952 911 3994 verum
934 3949 991 3992 nec
1013 3929 1127 3991 l'alsum
1152 3930 1228 4004 erit;
1251 3929 1353 3993 omnis
1375 3938 1479 3993 autem
1495 3933 1670 3996 enuntiatio
1685 3939 1742 3997 aut

414 4044 488 4086 vera
509 4033 564 4088 aut
584 4024 664 4087 falsa
686 4034 754 4088 est:
789 4034 891 4089 motus
914 4044 988 4106 ergo
1010 4024 1080 4086 sine
1103 4042 1197 4086 causa
1219 4023 1326 4086 nullus
1349 4031 1407 4087 est.
1456 4020 1507 4085 24.
1531 4025 1625 4101 Quod
1648 4028 1675 4091 si
1698 4027 1741 4091 ita

413 4126 470 4192 est,
492 4117 597 4181 omnia
621 4139 703 4201 quae
727 4116 806 4181 liunt
827 4120 930 4181 causis
954 4115 1031 4179 liunt
1052 4116 1266 4199 antegressis3
1291 4116 1323 4178 id
1347 4118 1374 4180 si
1397 4119 1440 4180 ita
1462 4125 1525 4192 est,
1548 4120 1613 4182 lato
1636 4122 1779 4183 omnium

414 4210 510 4275 liunt:
542 4207 676 4274 efficitur
704 4214 800 4295 igitur
825 4212 891 4275 lato
918 4212 987 4274 lieri
1017 4207 1371 4294 quaecumque-liant.»
1417 4211 1476 4275 Hic
1502 4214 1637 4294 primum
1666 4213 1741 4277 mibi

413 4305 510 4369 libeat
531 4305 682 4369 adsentiri
698 4306 837 4386 Epicuro
860 4314 891 4368 et
913 4323 1030 4388 negare
1053 4323 1179 4365 omnem
1202 4306 1451 4368 enuntiationem
1476 4314 1530 4368 aut
1552 4327 1656 4370 veram
1672 4328 1741 4370 esse

415 4407 470 4461 aut
491 4399 611 4463 salsam.
662 4398 739 4460 Eam
768 4397 891 4481 plagam
918 4399 1027 4479 potius
1055 4397 1208 4479 accipiam
1238 4418 1334 4480 quam
1363 4400 1427 4462 lato
1450 4401 1555 4463 omnia
1578 4398 1644 4464 lieri
1667 4421 1743 4465 cou-

415 4494 566 4576 probem;
594 4494 648 4556 illa
670 4494 753 4555 enim
779 4494 936 4555 sententia
958 4492 1053 4554 habet
1074 4490 1196 4575 aliquid
1220 4492 1458 4574 disputationis,
1482 4495 1558 4556 haec
1579 4514 1655 4557 vero
1678 4515 1742 4558 non

416 4595 464 4650 est
485 4588 669 4650 tolerabilis.
703 4588 814 4669 ltaque
837 4586 1002 4648 contendit
1023 4586 1126 4649 omnis
1149 4605 1264 4649 nervos
1281 4587 1488 4671 Chrysippus,
1504 4596 1539 4650 ut
1553 4586 1781 4669 persuadeatas

416 4701 509 4743 omne
532 4682 661 4763 ἀξίωμα
683 4689 738 4743 aut
760 4701 869 4744 verum
891 4700 960 4744 esse
983 4689 1038 4743 aut
1058 4681 1183 4744 falsum.
1218 4681 1258 4744 Ut
1279 4682 1363 4744 enim
1379 4682 1534 4765 Epicurus
1548 4690 1674 4746 veretur
1693 4702 1743 4758 ue,

416 4776 443 4837 si
465 4776 526 4839 boc
548 4777 758 4850 concesserit,
788 4774 1027 4841 concedendum
1056 4776 1098 4837 sit
1123 4774 1188 4838 fato
1217 4772 1283 4838 lieri
1312 4795 1532 4860 quaecumque
1556 4774 1631 4839 liant
1653 4810 1692 4821 —
1716 4777 1744 4840 si

416 4871 500 4933 enim
521 4871 654 4934 alterum
677 4878 781 4934 utrum
804 4892 844 4933 ex
866 4870 1053 4933 aeternitate
1075 4889 1183 4933 verum
1206 4870 1264 4943 ait,
1287 4889 1357 4932 esse
1379 4869 1411 4931 id
1435 4870 1529 4934 etiam
1552 4880 1691 4946 certum,
1713 4880 1745 4934 et

482 5117 505 5164 4.
524 5116 551 5163 id
567 5114 632 5164 enim
647 5114 702 5175 {ore
718 5114 842 5163 diceretur
859 5113 884 5162 in
897 5124 982 5175 marg.
995 5124 1076 5162 mauu
1095 5114 1148 5161 ant.
1162 5110 1248 5175 suppl.
1262 5114 1288 5162 iu
1301 5112 1322 5160 V
1335 5137 1363 5149 -
1382 5111 1407 5162 3.
1425 5112 1528 5177 intellipi
1545 5116 1592 5165 ΑΟ
1609 5142 1641 5153 -
1659 5115 1683 5167 4.
1701 5130 1746 5166 nec

416 5192 498 5254 mauu
514 5191 584 5241 coni.
599 5192 625 5240 P.
640 5190 755 5238 Remus:
773 5202 819 5237 nec
833 5190 917 5237 minus
935 5188 953 5236 C
973 5213 999 5222 -
1020 5187 1160 5249 Scipionem
1176 5200 1209 5236 cx
1227 5186 1305 5237 codd.
1320 5187 1399 5237 Patet.
1414 5191 1509 5239 Gruter
1526 5190 1546 5239 0
1566 5217 1592 5225 —
1612 5192 1635 5240 7.
1654 5204 1746 5255 easque

417 5269 447 5316 A¹
461 5293 488 5302 -
508 5266 531 5315 9,
551 5265 680 5327 quidpiam
698 5265 717 5312 0
737 5288 763 5299 -
782 5266 854 5326 ipsos·
866 5264 921 5325 (sic)
934 5263 965 5310 V¹
984 5287 1011 5297 -
1032 5262 1071 5310 40.
1090 5262 1207 5322 tuemur
1223 5262 1245 5311 V
1264 5289 1291 5299 -
1312 5263 1472 5314 titillemur
1489 5266 1549 5314 decl.
1563 5266 1594 5312 V¹
1607 5292 1633 5301 -
1653 5267 1693 5316 43.
1712 5280 1746 5316 σω

417 5343 524 5391 muniis
541 5354 572 5390 ex
591 5338 669 5389 codd.
684 5340 778 5402 interp.
793 5339 909 5400 vestigiis
921 5338 1041 5387 Davisius
1053 5338 1073 5385 0
1087 5362 1113 5371 -
1134 5342 1270 5388 camurae
1282 5339 1338 5388 i'20
1355 5365 1379 5375 -
1399 5338 1439 5390 44.
1452 5340 1624 5390 menoeceus
1633 5343 1742 5405 scripsi:

416 5416 577 5466 mensebius
589 5415 631 5464 CO
646 5440 672 5450 -
693 5415 732 5462 45.
746 5418 785 5464 ter
795 5426 887 5463 causus
903 5425 962 5476 sup.
975 5410 1020 5462 lin.
1034 5413 1052 5461 e
1069 5438 1095 5447 -
1115 5413 1154 5461 46.
1173 5412 1308 5463 cohibentes
1320 5414 1361 5463 VO
1375 5440 1401 5449 -
1423 5414 1462 5465 43.
1476 5414 1570 5465 archen
1581 5416 1745 5478 thepttheroto

417 5491 460 5541 AV
480 5519 506 5527 -
533 5491 572 5541 43.
591 5492 699 5540 iteum.
719 5488 741 5536 V
764 5514 791 5523 -
819 5488 987 5538 occiemetv
1011 5513 1038 5524 -
1065 5493 1527 5550 communerationem,
1549 5504 1686 5541 causarum
1703 5492 1743 5554 V1,

418 5580 435 5614 u
451 5568 514 5615 serie
530 5578 668 5614 missurum
686 5565 716 5612 Vt
729 5588 754 5599 -
775 5565 816 5613 20.
834 5564 911 5623 sumt
927 5564 981 5613 A²B
1001 5583 1027 5598 -
1046 5563 1085 5611 hic
1097 5565 1136 5622 At,
1155 5563 1213 5612 etv
1233 5590 1259 5599 -
1278 5564 1319 5613 33.
1338 5565 1553 5627 interpraetentur
1569 5566 1587 5615 B
1609 5592 1635 5602 -
1655 5566 1744 5632 utqui]

418 5647 493 5704 etque
511 5643 529 5691 C
550 5667 576 5676 -
596 5639 636 5689 23.
656 5639 690 5688 iii
707 5639 766 5699 AB,
784 5639 808 5688 ii
826 5639 847 5687 V
867 5665 894 5674 -
913 5639 954 5689 26.
973 5639 1088 5699 moneo,
1107 5637 1155 5688 sed
1173 5640 1234 5688 ante
1253 5638 1303 5689 hoe
1321 5639 1434 5690 verbum
1452 5639 1520 5690 duae
1538 5638 1628 5689 literae
1646 5642 1671 5691 in
1685 5640 1745 5692 loco

419 5714 533 5765 ernoldo
551 5715 664 5778 scriptae
683 5717 746 5764 sunt
762 5715 820 5764 init
840 5739 867 5749 -
886 5714 927 5763 27.
945 5713 1076 5776 estimantes
1092 5714 1113 5763 0
1132 5738 1159 5750 -
1179 5713 1220 5764 30.
1238 5714 1323 5764 omnia
1338 5715 1429 5775 {otoo
1452 5740 1478 5751 -
1502 5715 1542 5764 34.
1558 5716 1670 5776 prium
1684 5717 1745 5766 mite

420 5791 570 5853 llottinger:
590 5792 702 5851 primum
718 5791 740 5839 si
755 5790 852 5839 mute
878 5815 904 5826 -
929 5787 969 5839 33.
988 5790 1078 5851 ooav
1101 5816 1127 5826 -
1153 5788 1194 5840 34.
1212 5790 1292 5839 sentia
1308 5783 1337 5839 13¹
1358 5814 1384 5825 -
1408 5789 1505 5851 diquid
1520 5788 1627 5841 hebeto
1651 5818 1678 5828 -
1702 5792 1743 5843 eo.

419 5877 485 5913 omes
502 5864 575 5914 SVO
600 5890 627 5900 -
655 5864 874 5927 sceptrorum
901 5890 927 5900 -
955 5863 996 5915 38.
1014 5864 1123 5914 dmm
1138 5864 1160 5913 ei
1175 5868 1262 5913 umen
1278 5865 1313 5926 B,
1335 5864 1697 5917 meum-emmaus
1715 5891 1743 5905 ·-

420 5942 481 5991 aute
498 5952 531 5990 ae
547 5942 661 6002 quatuor
677 5938 724 5991 litt.
743 5952 837 5990 erasae
854 5940 881 5989 iu
896 5940 919 5989 Α
937 5961 966 5976 -
984 5944 1050 5991 cem
1065 5939 1106 5990 At.
