4342 7459
671 1259 739 1327 aa.
761 1263 817 1328 m.
844 1262 918 1330 aa.
940 1263 1247 1332 xxxi-xxxiv.
1272 1266 1319 1352 §a
1340 1265 1485 1333 ta-sa.
1681 1266 1743 1336 trs

411 1447 447 1492 re
469 1424 687 1507 apertissnma.
724 1424 855 1490 Telamo
876 1433 981 1490 autem
1003 1446 1068 1491 uno
1091 1447 1185 1492 versu
1207 1436 1310 1493 totam
1332 1429 1437 1492 locum
1461 1430 1604 1505 conficit,
1632 1452 1688 1495 cur
1707 1431 1740 1495 di

411 1521 557 1586 homines
579 1520 766 1602 neglegant:

516 1616 608 1678 Nam
631 1613 667 1677 si
690 1622 850 1690 curent,
873 1615 975 1679 bene
997 1616 1117 1682 bonis
1139 1618 1209 1693 sit,
1234 1617 1333 1684 male
1355 1619 1484 1695 malis,
1508 1618 1615 1703 quod
1638 1641 1741 1685 nunc

1256 1713 1382 1776 abest.

409 1804 576 1868 Debebunt
600 1800 646 1865 illi
675 1803 805 1887 quidem
827 1804 930 1867 omnis
951 1805 1052 1867 bonos
1074 1801 1214 1879 efficere,
1245 1806 1271 1867 si
1294 1807 1422 1889 quidem
1445 1807 1610 1870 bominum
1633 1806 1763 1890 generis

410 1897 627 1961 consulebant.
670 1894 722 1958 80.
745 1898 802 1960 Sin
824 1898 856 1960 id
879 1899 998 1972 minus,
1020 1900 1113 1962 bonis
1135 1899 1265 1982 quidem
1288 1909 1372 1963 certe
1393 1902 1558 1964 consulere
1573 1902 1741 1964 debebant

411 1992 475 2055 Cur
497 1992 592 2076 igitur
613 1990 677 2053 duo
701 1991 881 2075 Scipiones,
903 1991 1093 2055 fortissimos
1116 2001 1147 2055 et
1169 1996 1308 2077 optimos
1324 1995 1423 2068 viros,
1445 1996 1478 2057 in
1494 1996 1648 2077 Hispania
1665 1997 1742 2059 Poe·

411 2107 470 2151 aus
493 2086 677 2168 oppressit?
706 2084 769 2147 Cur
791 2086 947 2149 Maximus
970 2086 1084 2150 extulit
1105 2084 1203 2150 filium
1226 2089 1451 2153 consularem?
1474 2090 1538 2153 Cur
1557 2090 1740 2153 Marcellum

411 2180 570 2244 Hannibal
594 2179 772 2242 interemit?
796 2179 858 2242 Car
873 2181 1002 2243 Paulum
1021 2181 1146 2245 Cannae
1162 2183 1376 2246 sustulerant?
1400 2183 1463 2246 Cur
1478 2184 1652 2246 Poenorum
1669 2204 1741 2245 cru·

412 2274 531 2337 delitati
555 2274 665 2354 Reguli
689 2294 804 2355 corpus
827 2282 875 2336 est
897 2275 1100 2357 praebitum?
1131 2276 1194 2339 Cur
1214 2276 1394 2340 Africanam
1418 2276 1582 2340 domestici
1606 2278 1780 2359 parietesto

410 2389 474 2431 non
497 2371 668 2431 texerunt?
691 2368 753 2430 Sed
775 2367 855 2430 haec
871 2376 978 2430 vetera
993 2377 1025 2431 et
1039 2369 1100 2431 alia
1116 2370 1293 2451 permulta:
1316 2371 1464 2452 propiora
1479 2369 1652 2433 videamus.
1679 2370 1742 2432 Cur

411 2463 587 2527 avunculus
609 2482 712 2534 meus,
742 2463 788 2525 vir
809 2464 1098 2526 innocentissumus
1121 2464 1270 2545 idemque
1293 2465 1520 2538 doctissumus,
1548 2465 1581 2526 P.
1604 2465 1740 2528 Rutilius

412 2560 444 2621 in
466 2558 564 2621 exilio
587 2559 661 2619 est't
683 2575 738 2619 car
759 2556 880 2619 sodalis
901 2578 990 2620 meus
1011 2557 1195 2620 intersectas
1211 2558 1295 2621 domi
1319 2578 1395 2620 suas
1417 2560 1563 2620 Drusus?
1586 2578 1641 2620 cur
1663 2566 1741 2620 tem-

410 2652 574 2736 perantiae
597 2650 847 2733 prudentiaeque
870 2652 1030 2732 specimen
1052 2659 1126 2713 ante
1150 2650 1351 2714 simulacrum
1375 2655 1487 2714 Vestae
1510 2651 1653 2733 pontifex
1676 2670 1741 2714 ma·

410 2747 514 2810 simus
538 2754 586 2808 est
608 2744 648 2819 Q.
671 2745 823 2806 Scaevola
845 2743 1047 2807 trucidaturi
1070 2754 1220 2809 curante
1243 2746 1336 2808 etiem
1361 2754 1407 2808 tot
1422 2746 1559 2807 civitatis
1580 2745 1741 2827 principes
1751 2761 1779 2807 to

410 2859 430 2901 a
452 2839 553 2902 Cinna
575 2837 779 2920 interempti?
802 2858 858 2900 cur
880 2839 1020 2901 omnium
1043 2838 1322 2921 perfidiosissimus
1346 2840 1379 2901 C.
1395 2840 1511 2901 Marius
1530 2838 1568 2914 Q.
1585 2838 1741 2912 Catulum,
1854 2885 1858 2894 .

410 2934 689 3017 praestantissuma
712 2931 865 3012 dignitate
888 2933 1006 3004 virum,
1029 2934 1108 2995 mori
1131 2933 1235 3015 potuit
1257 2928 1391 2995 iuberet
1434 2928 1485 2994 8⁴.
1508 2932 1583 2995 llies
1606 2928 1741 3006 deficiat,

410 3029 438 3092 si
461 3027 553 3089 selim
584 3044 750 3089 numerare
773 3025 890 3108 quibus
918 3026 1010 3089 bonis
1033 3027 1115 3089 male
1137 3027 1294 3099 evenerit,
1325 3046 1383 3089 nec
1405 3029 1524 3098 minus,
1553 3026 1579 3088 si
1603 3045 1738 3089 comme·

410 3140 529 3185 morem
552 3120 669 3203 quibus
692 3119 844 3201 improbis
866 3120 993 3202 optime.
1032 3119 1094 3183 Cur
1108 3121 1191 3182 enim
1212 3122 1329 3183 blasius
1345 3129 1406 3184 tam
1423 3120 1558 3184 feliciter
1572 3120 1739 3202 septimum

411 3215 520 3280 consul
550 3214 635 3278 domi
666 3232 742 3275 suae
769 3233 868 3277 senex
899 3222 948 3276 est
969 3218 1135 3277 mortuus?
1164 3233 1220 3277 car
1241 3215 1381 3276 omnium
1404 3214 1654 3277 crudelissumus
1676 3222 1780 3278 mmm

411 3310 466 3372 diu
493 3309 592 3372 Cinna
618 3307 788 3389 regnavit?
831 3307 980 3370 XXXlll.
1010 3311 1051 3370 At
1079 3307 1166 3370 dedit
1196 3327 1326 3389 poenas.
1359 3307 1522 3371 Prohiberi
1545 3306 1659 3371 melius
1680 3304 1741 3371 luit

410 3404 624 3487 impedirique
646 3422 685 3465 ne
708 3410 754 3465 tot
775 3422 916 3465 summos
933 3402 1019 3465 viros
1041 3399 1231 3466 interficeret
1246 3421 1341 3485 quam
1358 3402 1461 3485 ipsum
1478 3402 1649 3485 aliquando
1665 3422 1741 3486 poe·

410 3519 470 3562 nas
492 3497 578 3560 dare.
616 3497 746 3558 Summo
769 3496 907 3559 cruciatu
930 3496 1150 3579 supplicioque
1174 3497 1212 3572 Q.
1236 3496 1365 3569 Varius,
1387 3495 1482 3559 bomo
1506 3496 1741 3579 inportunissu·

410 3613 499 3666 mus,
528 3591 640 3673 periit3
670 3591 714 3663 si,
737 3590 812 3673 quia
834 3592 970 3653 llrasum
991 3590 1092 3663 terro,
1122 3590 1282 3653 Metellum
1306 3608 1429 3652 veneno
1450 3589 1636 3662 sustulerat,
1666 3590 1739 3652 illos

410 3687 592 3750 conservari
621 3685 735 3748 melius
764 3683 823 3747 luit
853 3704 949 3768 quam
979 3704 1100 3767 poenas
1127 3684 1256 3746 sceleris
1280 3684 1406 3747 Variam
1429 3682 1578 3766 pendere.
1614 3682 1779 3749 Danda-to

413 3779 620 3863 quadraginta
642 3798 743 3841 annos
765 3779 936 3861 Dionysias
957 3785 1108 3861 tyrannus
1122 3776 1183 3839 tuit
1198 3776 1468 3859 opulentissumae
1483 3787 1515 3839 et
1529 3775 1740 3838 beatissumae

410 3873 556 3937 civitatis.
599 3869 650 3933 89.
674 3871 775 3946 Quem
800 3874 914 3934 multos
937 3881 1009 3934 ante
1031 3871 1116 3933 bunc
1139 3872 1171 3933 in
1194 3872 1264 3955 ipso
1280 3871 1430 3933 Graeciae
1447 3872 1523 3932 tiore
1538 3869 1737 3931 Pisistratusl

409 3972 450 4031 st
476 3966 630 4039 Pbalaris,
663 3974 695 4027 at
723 3966 936 4048 Apollodorus
963 3984 1084 4046 poenas
1112 3965 1250 4027 sustulit.
1294 3964 1400 4027 Multis
1424 3964 1552 4047 quidem
1576 3971 1648 4025 ante
1671 3983 1741 4024 cru·

409 4062 498 4126 ciatis
521 4068 553 4122 et
575 4059 705 4122 necatis.
742 4060 782 4120 Et
804 4058 978 4142 praedones
1002 4058 1091 4120 multi
1114 4077 1207 4140 saepe
1224 4077 1342 4141 poenas
1359 4058 1450 4131 dant,
1473 4078 1533 4119 nec
1548 4066 1650 4119 mmen
1668 4076 1741 4138 pos·

409 4175 517 4219 sumus
541 4154 645 4216 dicere
668 4172 732 4215 non
757 4153 856 4233 pluris
879 4154 1020 4234 captivos
1042 4152 1155 4214 acerbe
1172 4171 1265 4234 quam
1290 4151 1465 4234 praedones
1487 4160 1625 4213 necatos.
1659 4153 1777 4215 Ana-oo

408 4249 561 4312 xercbum
589 4246 821 4309 Democriteum
852 4266 869 4306 a
893 4245 1008 4328 Cyprio
1030 4255 1165 4328 tyranno
1188 4242 1441 4308 excamificatam
1466 4246 1657 4328 accepimus,
1684 4246 1741 4306 Ze·

408 4364 523 4406 nonem
546 4341 642 4404 Eleae
664 4341 706 4417 in,
720 4339 884 4401 tormentis
908 4349 1062 4401 necatum.
1099 4339 1184 4415 Quid
1200 4340 1300 4401 dicam
1319 4339 1358 4400 de
1374 4342 1518 4410 Socrate,
1541 4340 1631 4400 cuius
1647 4338 1739 4399 morti

408 4437 600 4501 inlacrimari
627 4434 715 4496 soleo
747 4434 907 4497 Platonem
939 4434 1073 4515 legens?
1108 4433 1241 4495 Videsne
1270 4434 1367 4514 igitur
1389 4432 1518 4495 deorum
1543 4432 1678 4503 indicio,
1713 4430 1738 4490 si

408 4532 516 4596 vident
544 4551 593 4593 res
619 4530 787 4601 humanas,
818 4527 987 4589 discrimen
1017 4548 1087 4590 esse
1114 4528 1293 4590 sublatam?
1338 4527 1482 4589 XXXIV.
1506 4521 1556 4587 83.
1579 4526 1739 4605 Diogenes

409 4625 538 4709 quidem
571 4624 706 4708 Cynicus
735 4621 841 4682 dicere
866 4621 987 4683 solebat
1016 4621 1202 4705 Harpalum,
1230 4621 1285 4704 qui
1315 4621 1508 4704 temporibus
1534 4620 1598 4682 illis
1620 4617 1776 4704 praedoes

473 4939 497 4984 t.
515 4935 612 4997 confidi
627 4939 654 4981 ut
672 4934 697 4981 ds'
715 4933 751 4987 (ῖς
770 4933 901 4995 conttdtur
917 4933 943 4981 ds'
962 4932 1011 4989 V¹;
1035 4933 1132 4994 conten
1148 4937 1235 4980 utrum
1251 4932 1276 4979 di
1293 4931 1325 4977 V²
1344 4955 1370 4965 -
1390 4929 1414 4978 7.
1433 4929 1495 4977 duos
1511 4927 1618 4989 cipionm
1634 4932 1670 4987 Ας
1689 4933 1739 4982 uuo

405 5013 530 5074 stppiorm
546 5014 625 5069 (corr.
646 5010 670 5058 in
688 5009 750 5056 duos
766 5008 897 5069 scipiones]
916 5008 953 5063 C:
979 5009 1040 5057 duos
1057 5009 1176 5070 scipiones
1194 5007 1212 5056 E
1232 5033 1258 5042 -
1283 5006 1306 5054 9.
1326 5006 1445 5054 tonabat
1462 5004 1524 5053 CV:
1543 5004 1687 5056 AnnibaIO
1707 5035 1732 5045 -

407 5088 447 5138 to.
466 5086 557 5148 reqiuti
574 5084 629 5141 [litt.
642 5086 651 5133 ι’
665 5086 724 5146 post
740 5098 757 5145 q
773 5084 913 5145 expuncta]
932 5086 993 5132 ente
1012 5082 1125 5132 litteram
1144 5094 1248 5132 erasnm
1266 5082 1300 5130 A:
1321 5081 1423 5143 repuitis
1439 5087 1516 5142 (corr.
1533 5078 1558 5127 in
1572 5082 1694 5144 reputilv
1710 5110 1734 5118 -

404 5164 547 5226 praeditum
560 5162 578 5210 u
593 5187 619 5196 -
641 5161 681 5208 tt.
695 5172 758 5207 uero
771 5160 913 5224 (superscr.
928 5161 1022 5218 uetera)
1035 5158 1058 5204 V
1072 5184 1097 5191 —
1116 5158 1253 5218 proprioru
1271 5155 1355 5204 ABV¹
1374 5183 1396 5191 -
1419 5158 1458 5207 lb.
1477 5163 1514 5207 est
1530 5168 1577 5220 qus
1592 5157 1689 5205 sceuota
1702 5157 1736 5207 C:

407 5245 442 5287 est
457 5252 483 5299 p.
502 5235 602 5284 sesuoto
618 5236 650 5281 Vt
664 5262 689 5270 -
711 5238 740 5295 ο.
759 5248 811 5285 om.
827 5234 846 5284 E
862 5262 886 5271 -
906 5237 983 5283 ettam
1000 5239 1059 5281 onte
1076 5235 1094 5282 P
1109 5258 1135 5266 -
1148 5233 1262 5280 multatos
1273 5235 1417 5292 (superscr.
1432 5246 1467 5282 m.
1481 5247 1536 5284 sec.
1551 5235 1650 5282 recent.
1663 5232 1737 5291 ctuosi

407 5316 426 5363 Α
442 5339 469 5348 -
489 5312 529 5360 to.
541 5312 570 5370 0.
584 5323 638 5358 om.
652 5310 671 5359 C
687 5335 714 5345 -
735 5311 774 5358 ⁴7.
791 5311 1015 5369 praestantissuma
1030 5320 1099 5356 corr.
1115 5320 1146 5357 er
1162 5308 1381 5367 praestantissuma
1392 5320 1409 5354 a
1422 5307 1442 5353 V
1457 5335 1483 5343 —
1509 5310 1603 5370 destris!
1619 5308 1648 5357 C.
1672 5308 1736 5356 Vide

407 5387 440 5437 ad
460 5400 485 5450 p.
504 5385 561 5443 360,
580 5386 603 5433 2.
623 5411 656 5420 -
675 5385 713 5433 ⁴8.
732 5385 955 5433 siccommemorem
973 5382 1062 5432 AEV¹
1082 5408 1109 5418 -
1130 5381 1169 5430 is.
1188 5382 1305 5443 septimus
1322 5382 1387 5430 CE:
1406 5384 1492 5445 septies
1503 5384 1584 5446 (qnod
1598 5385 1617 5431 V
1629 5396 1737 5446 qaoque

406 5474 487 5512 uerae
505 5459 609 5509 lectioni
627 5461 838 5524 superscriptum
857 5460 945 5519 habet)
964 5462 1023 5510 P-
1043 5459 1084 5508 tt.
1098 5458 1198 5506 oddedit
1210 5469 1278 5505 corr.
1293 5457 1318 5505 in
1336 5457 1433 5506 addidit
1451 5459 1469 5507 B
1487 5484 1513 5495 -
1534 5459 1573 5507 ἥ.
1587 5460 1739 5518 intersereret

406 5534 483 5582 V¹-
503 5533 1054 5596 sasapptatoquaequeuortusnv1-
1078 5530 1160 5582 sta
1183 5530 1259 5580 AV¹:
1287 5544 1312 5579 se
1333 5530 1379 5589 ΒΗ
1407 5535 1448 5582 ssd
1468 5534 1514 5587 Bk
1541 5535 1575 5581 stc
1598 5533 1734 5582 CEV²-

406 5611 448 5659 96.
468 5612 594 5671 annosae
611 5617 735 5669 tyrannus
752 5623 831 5658 aanor
847 5607 912 5669 llo,
931 5609 978 5659 sed
997 5621 1077 5657 annos
1094 5612 1155 5656 ante
1172 5608 1299 5666 dionysius
1316 5608 1543 5671 transponendum
1561 5620 1621 5657 esse
1638 5607 1737 5669 signiti-

408 5688 484 5735 cstur
501 5686 526 5735 in
545 5687 565 5732 V
585 5712 611 5721 -
631 5691 653 5733 st
670 5685 833 5734 beatusranoe
849 5684 884 5734 sb
901 5684 961 5734 ead.
976 5697 1011 5734 m.
1026 5683 1138 5745 margini
1156 5682 1243 5732 addite
1263 5681 1382 5732 babetV
1403 5710 1428 5720 -
1449 5685 1488 5733 st.
1508 5685 1601 5732 multos
1618 5684 1694 5734 CEP
1708 5709 1734 5718 -

406 5760 447 5809 28.
467 5761 501 5809 od
515 5760 607 5823 {aloru
623 5761 657 5808 od
673 5760 832 5820 apollodorus
849 5760 870 5808 V
888 5785 916 5796 -
935 5760 976 5809 29.
995 5759 1079 5807 multis
1097 5758 1114 5806 B
1135 5783 1161 5793 -
1181 5757 1221 5807 30.
1241 5771 1331 5806 ocerase
1347 5757 1436 5807 APV¹
1451 5783 1475 5794 —
1497 5771 1641 5806 caxarsam
1657 5758 1737 5807 ACE

407 5836 441 5895 {ln
460 5839 479 5884 Α
498 5848 631 5898 superscr.
651 5848 668 5882 α
686 5837 744 5897 post
761 5837 801 5894 a),
820 5834 979 5882 crembam
996 5833 1018 5881 V
1035 5859 1063 5868 -
1081 5833 1123 5883 st.
1143 5834 1304 5883 democritum
1320 5833 1357 5886 Β;
1376 5833 1555 5882 Democrittum
1572 5834 1601 5882 0.
1621 5833 1685 5883 Vide
1703 5832 1737 5882 ed

406 5922 433 5974 p.
451 5909 509 5966 2³5,
528 5909 568 5958 46.
590 5934 615 5944 -
635 5909 675 5958 δί,
695 5909 789 5959 steten
809 5934 837 5945 -
855 5909 926 5959 euius
942 5921 1011 5959 corr.
1025 5921 1058 5958 ex
1075 5909 1150 5974 quius
1166 5909 1228 5956 V·
1247 5907 1288 5959 33.
1306 5908 1371 5958 soleo
1387 5908 1404 5958 t.
1420 5907 1548 5969 patmon
1564 5907 1650 5960 ABV
1667 5908 1733 5971 (inti

406 5985 426 6037 l
444 5996 578 6049 superscr.
597 5986 656 6046 est).
