4342 7459
648 1260 767 1328 Iani.
789 1260 932 1327 Gale.
956 1254 1027 1345 §ll
1045 1295 1089 1310 -
1104 1262 1174 1328 Lus.
1188 1259 1243 1327 VI.
1267 1260 1342 1327 Cur.
1356 1259 1412 1324 ΠΙ.
1434 1252 1504 1342 53.
1675 1246 1739 1318 843

504 1422 667 1487 seditionis
682 1423 857 1504 proprietas
877 1443 897 1485 a
910 1422 953 1487 M.
971 1423 1068 1487 lisilio
1082 1423 1273 1505 amnisestata
1286 1428 1328 1484 est
1341 1419 1376 1483 in
1389 1419 1438 1485 lib.
1453 1420 1488 1481 ds
1501 1436 1535 1481 re
1544 1416 1665 1500 ptsblica
1682 1415 1740 1479 Vl:

416 1534 516 1601 eaque
538 1515 695 1581 dissensio
717 1516 842 1591 cisium,
865 1516 952 1600 quod
975 1537 1116 1582 seorsum
1139 1525 1216 1580 eunt
1237 1515 1289 1579 alii
1311 1514 1351 1579 ad
1372 1514 1463 1588 alios,
1485 1510 1599 1576 seditio
1614 1510 1739 1573 dicitur.

416 1607 583 1695 (Nonius
605 1631 638 1694 p.
651 1608 692 1673 25
715 1618 747 1675 et
769 1611 922 1674 Servius
943 1611 983 1674 ad
998 1610 1070 1674 Aen
1093 1612 1122 1684 i,
1138 1606 1216 1684 tia,
1238 1609 1294 1673 sed
1315 1608 1368 1672 bic
1388 1627 1454 1671 nan
1475 1602 1614 1669 indicato
1636 1598 1738 1682 libro.)

498 1702 544 1768 M.
562 1706 679 1768 Tullius
698 1705 733 1767 de
753 1724 787 1768 re
803 1705 887 1787 pubi.
911 1705 962 1768 lib.
982 1704 1039 1768 l'I:
1080 1704 1121 1768 Et
1142 1723 1217 1767 rara
1244 1704 1279 1766 in
1305 1701 1506 1766 dissensione
1534 1696 1638 1771 cirili,
1666 1714 1738 1759 cum

412 1799 488 1862 boni
511 1799 582 1884 plus
605 1818 700 1883 quam
722 1797 811 1862 multi
834 1799 950 1874 valent,
972 1796 1199 1883 expendendas
1220 1798 1307 1871 ciris,
1329 1815 1394 1860 non
1414 1791 1627 1858 numerandas
1648 1796 1764 1874 putas

414 1890 581 1975 (Nonius
602 1893 680 1967 ΧΠ,
703 1913 734 1976 p.
749 1888 832 1976 5t9.)

498 1983 544 2050 M.
563 1987 678 2050 Tullius
697 1987 732 2050 de
754 2006 787 2049 re
804 1986 887 2068 pubi.
911 1986 962 2050 lib.
980 1986 1035 2049 VI:
1078 1986 1196 2049 Grares
1226 1984 1309 2049 enim
1339 1981 1487 2045 dominae
1509 1977 1738 2061 cogitationum

413 2077 570 2143 lubidines
594 2077 718 2145 infinita
739 2079 893 2164 quaedam
915 2087 1033 2163 cogunt
1054 2088 1149 2163 atque
1172 2079 1338 2163 imperant,
1354 2094 1436 2160 quae
1451 2073 1526 2159 quia
1540 2092 1600 2137 nec
1614 2068 1737 2153 expleri

412 2192 472 2237 nec
493 2174 600 2238 satiari
621 2174 687 2237 ullo
710 2175 804 2238 modo
827 2182 974 2257 possunt,
996 2174 1035 2238 ad
1059 2193 1153 2238 amne
1174 2172 1296 2236 facinus
1318 2170 1475 2255 inpellunt
1496 2186 1563 2242 aas,
1585 2182 1667 2248 quar
1688 2162 1738 2225 in-

412 2264 547 2332 lecebris
569 2269 635 2331 suis
656 2267 875 2332 incenderunt.
920 2264 1088 2349 (Nonius
1114 2288 1143 2333 v.
1166 2268 1283 2349 expleri
1304 2287 1334 2349 p.
1346 2260 1429 2346 iti.)
1747 2274 1776 2321 tc

499 2365 661 2427 «Feroniae
680 2383 741 2445 pro
759 2364 923 2444 [aromate.
966 2361 1009 2427 M.
1027 2363 1145 2426 Tullius
1164 2363 1200 2425 de
1220 2381 1254 2425 re
1270 2359 1354 2442 pubi.
1377 2358 1428 2421 lib.
1447 2358 1501 2420 l'i:
1532 2354 1588 2438 qui
1610 2369 1738 2434 campe-

413 2458 471 2523 scit
491 2457 560 2521 eius
582 2458 644 2521 rim
668 2467 700 2522 et
721 2456 914 2521 ecfrenatam
935 2457 1022 2521 illam
1044 2456 1204 2521 ferociam.
1248 2453 1403 2538 (Nonius
1424 2472 1455 2535 p.
1470 2446 1553 2533 499.)

497 2550 537 2613 ll.
567 2548 597 2615 2.
627 2554 729 2617 Cicera
750 2554 785 2616 ia
805 2553 881 2614 libro
902 2562 987 2616 secto
1008 2552 1043 2614 de
1064 2551 1235 2633 republica
1255 2550 1300 2612 ita
1320 2548 1461 2629 scripsit:
1491 2542 1584 2621 Quod
1607 2537 1737 2642 quidem

413 2665 452 2710 aa
473 2644 534 2709 luit
556 2647 671 2723 maius,
694 2648 786 2730 quia,
809 2667 880 2709 curn
904 2666 999 2709 causa
1021 2647 1090 2729 pari
1112 2646 1253 2727 collegae
1275 2650 1397 2715 essent,
1418 2657 1483 2703 non
1505 2636 1599 2701 moda
1621 2631 1737 2697 invidia

411 2738 479 2825 pari
501 2760 565 2804 non
588 2749 687 2816 erant,
709 2740 765 2804 sed
788 2741 883 2804 etiam
906 2740 1017 2804 Claudi
1039 2740 1191 2803 invidiam
1214 2736 1346 2802 Gracchi
1369 2735 1482 2800 caritas
1500 2729 1777 2816 deprecabatumn

411 2830 578 2915 (Gellius
603 2834 625 2898 l.
647 2829 779 2909 Vl,ld‚
801 2830 901 2917 sit.)

494 2925 538 2990 M.
555 2928 672 2991 Tullius
692 2928 727 2990 de
748 2947 781 2990 re
796 2929 879 3011 publ.
902 2928 954 2991 lib.
972 2929 1028 2990 l'l:
1051 2927 1107 3012 qui
1130 2944 1277 2991 numeros
1299 2924 1485 3008 optimatum
1507 2928 1541 2985 st
1559 2919 1737 3006 principum

411 3022 537 3106 apindit
563 3021 613 3085 bis
639 3023 789 3097 vocibus,
823 3031 854 3086 et
883 3022 1043 3106 gravitatis
1072 3041 1149 3085 suaa
1178 3020 1273 3104 liquit
1298 3019 1390 3083 illum
1411 3018 1531 3081 tristem
1554 3021 1586 3079 et
1607 3013 1736 3096 plenum

411 3114 573 3198 diguitatis
596 3136 721 3180 sonum.
768 3113 929 3198 (Nonius
951 3137 981 3178 v.
1003 3119 1090 3179 triste
1111 3138 1141 3199 p.
1158 3109 1241 3197 409.)

497 3209 654 3273 Genetiaus
675 3230 736 3292 pro
756 3212 950 3273 nominatim.
993 3208 1038 3273 M.
1058 3211 1175 3273 Tullius
1194 3210 1229 3272 de
1250 3227 1282 3271 re
1298 3208 1381 3291 publ.
1403 3207 1452 3271 lib.
1471 3206 1525 3270 VI:
1559 3211 1609 3278 ut,
1639 3215 1776 3287 quemad

410 3303 451 3368 ad
474 3303 604 3368 modum
625 3306 733 3369 scribit
754 3306 827 3380 ille,
857 3303 1018 3369 cotidiano
1048 3306 1082 3367 in
1110 3304 1216 3368 lorum
1246 3303 1333 3366 milla
1354 3302 1518 3366 bominum
1540 3321 1611 3365 cum
1632 3296 1737 3385 palliis

411 3398 580 3482 conchylio
603 3400 710 3463 tinctis
733 3398 971 3463 descenderent.
1015 3396 1178 3481 (Nonius
1201 3418 1268 3481 cap.
1284 3398 1387 3471 Vllll,
1409 3417 1440 3480 p.
1452 3392 1508 3459 eoi
1517 3392 1535 3479 )

494 3490 539 3556 M.
556 3493 672 3567 Tullius
692 3494 727 3556 de
748 3513 781 3556 re
798 3495 880 3576 pssbl.
903 3494 953 3556 lib.
972 3494 1024 3556 Vl:
1045 3495 1081 3555 ln
1104 3492 1165 3567 bis,
1187 3500 1222 3555 nt
1244 3492 1442 3564 meministis,
1464 3508 1621 3553 concursu
1643 3486 1737 3550 levis·

411 3587 509 3651 simae
543 3587 754 3650 multitudinis
786 3596 819 3651 et
851 3607 924 3651 aere
953 3595 1104 3671 congesto
1135 3587 1231 3650 funus
1260 3584 1300 3648 de
1329 3585 1435 3649 subito
1465 3592 1549 3649 esset
1577 3590 1733 3647 ornatum.

411 3681 569 3762 (Nonius
591 3701 621 3744 v.
642 3681 677 3743 de
698 3683 794 3745 subito
815 3678 942 3766 pbil.)
1743 3687 1774 3737 te

493 3773 537 3843 Μ.
556 3777 671 3839 Tullius
691 3776 726 3838 de
746 3795 780 3839 re
795 3776 877 3857 pubi.
900 3776 949 3838 lib.
965 3776 1020 3838 Vl:
1055 3772 1188 3839 firmiter
1209 3777 1293 3840 enim
1315 3774 1450 3838 maiores
1478 3772 1577 3836 nostri
1599 3769 1737 3835 stabilita

409 3871 608 3935 matrimonia
631 3890 701 3934 esse
724 3869 903 3934 voluerunt.
948 3869 1102 3953 (Nonius
1124 3891 1154 3934 v.
1173 3871 1303 3953 firmiter
1323 3889 1353 3956 p.
1365 3866 1437 3932 eit.
1461 3876 1493 3933 et
1514 3867 1735 3932 Priscianus

492 4054 538 4120 M.
557 4059 673 4122 Tullius
693 4059 728 4121 de
748 4077 782 4122 re
798 4060 879 4140 pubi.
903 4060 1027 4123 lib.l'1:
1063 4060 1172 4124 Oratio
1194 4058 1301 4133 Laeli,
1333 4078 1428 4141 quam
1450 4077 1561 4122 amnes
1581 4056 1735 4119 babemus

409 4151 442 4215 in
466 4151 626 4226 manibus,
656 4173 750 4237 quam
780 4154 915 4236 simpula
944 4150 1127 4237 pontificum
1151 4153 1212 4215 diis
1234 4152 1464 4215 immortalibus
1486 4157 1573 4233 prata
1595 4149 1658 4212 sint
1679 4148 1774 4211 Sa-ss

408 4245 567 4328 micaque,
589 4246 635 4309 uti
658 4246 777 4320 scribit,
799 4246 984 4329 cupediues.
1028 4245 1189 4326 (Nonius
1210 4268 1240 4310 v.
1261 4247 1399 4310 Samium
1419 4269 1449 4330 p.
1465 4241 1552 4326 398.)

492 4338 548 4400 ΙΙΙ.
580 4335 610 4402 3.
640 4340 811 4401 Imitatione
832 4340 969 4402 Platonis
999 4341 1102 4404 Cicero
1123 4341 1158 4403 de
1179 4342 1351 4423 republica
1371 4340 1503 4403 scribens
1530 4339 1626 4400 locam
1646 4339 1736 4399 etiosa

409 4434 444 4496 de
465 4433 543 4495 Eris
563 4433 722 4515 Pampbyli
743 4433 842 4495 reditu
863 4435 897 4495 ia
917 4436 1029 4509 missa,
1053 4435 1125 4519 qui,
1147 4443 1181 4496 at
1201 4436 1254 4505 ait,
1277 4454 1354 4517 rogo
1376 4434 1545 4517 impositus
1566 4432 1736 4495 revixisset

409 4527 569 4611 multaque
592 4528 631 4591 de
654 4527 765 4591 inieris
787 4537 907 4593 secreta
927 4539 1101 4605 narrasset,
1122 4550 1183 4593 non
1201 4531 1356 4613 sabulosa,
1379 4538 1413 4592 ut
1434 4529 1497 4603 iile,
1520 4526 1736 4591 assimilatione

473 4773 498 4822 b.
516 4770 577 4821 cibis
592 4770 687 4831 codd..
708 4772 810 4821 ciossO
838 4797 865 4808 -
897 4773 937 4822 it.
956 4772 1049 4823 adbuc
1066 4774 1119 4824 hoc
1135 4774 1314 4837 fragmentum
1336 4769 1474 4835 legebatur
1496 4772 1565 4822 iuter
1587 4783 1618 4822 ea
1641 4769 1735 4821 libriV

408 4859 468 4911 cap.
481 4846 506 4905 8,
526 4846 571 4900 aa
589 4845 638 4897 sed
657 4845 805 4911 parendum
824 4846 871 4896 init
887 4849 1036 4898 auctoritati
1054 4847 1143 4907 codd..
1162 4847 1260 4911 quibus
1277 4849 1317 4897 usi
1334 4849 1396 4897 sunt
1412 4845 1522 4897 Gerlach
1541 4850 1568 4897 et
1580 4847 1655 4906 Rath,
1674 4848 1735 4912 qui·

407 4921 459 4973 bus
476 4923 528 4972 iem
545 4920 648 4972 accedit
665 4921 869 4983 bambergensis
897 4947 922 4958 -
949 4926 1081 4986 conspexit
1096 4924 1227 4986 Sigonius:
1255 4924 1374 4985 conpetit
1390 4922 1482 4973 Bamb.
1501 4925 1529 4973 et
1544 4923 1574 4981 0,
1597 4924 1735 4986 contuperit

408 4997 487 5049 codd.
506 4995 635 5047 Geriecbii
656 5022 683 5032 -
704 4995 744 5046 ti.
760 4998 804 5058 qui
819 5010 877 5046 mm
893 4996 973 5047 codd.
992 5023 1019 5033 -
1039 4999 1066 5047 in
1082 5012 1161 5047 casua
1175 4999 1236 5061 pusi
1252 5000 1316 5047 vell.
1329 4997 1390 5047 edd.
1404 4996 1476 5048 Gellii
1493 5022 1527 5035 -
1542 4998 1637 5061 mttepa
1653 4997 1732 5049 codd.

409 5099 437 5111 -
455 5071 850 5134 sonsnodo--deprsoabaiur
867 5072 949 5123 habel
964 5074 1063 5124 Nonius
1081 5086 1108 5137 p.
1122 5074 1179 5125 290.
1207 5099 1234 5111 -
1265 5075 1305 5124 47.
1322 5076 1608 5137 aunem-optusis
1624 5075 1732 5138 scripsi:

406 5161 511 5199 numero
521 5172 558 5184 ·-
570 5147 659 5207 optulit
676 5147 755 5197 codd.
768 5148 826 5197 et0
845 5172 872 5182 -
893 5148 933 5198 48.
951 5149 1041 5210 linquit
1057 5148 1136 5199 codd.
1154 5173 1180 5187 ··
1199 5151 1241 5201 22.
1253 5152 1358 5201 concido
1374 5152 1457 5201 tinctis
1470 5152 1637 5202 clamasses
1653 5148 1732 5201 codd.

409 5250 436 5261 -
455 5221 495 5272 2³.
515 5221 557 5271 ta.
572 5221 596 5270 l'.
617 5219 676 5270 cod.
691 5219 831 5284 bamberg.
862 5248 886 5256 -
917 5219 957 5271 ai.
976 5228 1093 5286 coapata
1114 5222 1192 5274 codd.
1225 5252 1251 5261 -
1282 5226 1324 5275 29.
1348 5226 1429 5277 Talus
1450 5224 1524 5276 locus
1545 5226 1620 5276 Nonii
1643 5224 1681 5274 sic
1703 5236 1733 5275 se

406 5297 503 5349 babel:
521 5298 637 5346 Samium
653 5302 688 5345 est
704 5301 815 5346 testeum
841 5298 953 5347 Lucilius
968 5303 1115 5359 sacrorum
1131 5299 1259 5350 lib.x111:
1280 5305 1318 5350 set
1332 5314 1383 5350 non
1398 5301 1555 5363 pauperitias
1571 5300 1657 5350 Samio
1672 5312 1735 5348 our-

406 5378 481 5435 thus
495 5373 606 5422 omino.»
634 5372 670 5421 rt.
685 5371 778 5420 Tullus
793 5372 823 5421 de
839 5384 867 5422 rs
881 5371 982 5434 publica
1004 5372 1047 5423 tib.
1062 5374 1113 5422 ill:
1140 5380 1182 5424 esi
1198 5388 1248 5425 non
1261 5389 1360 5438 pauper
1375 5378 1414 5426 uti
1429 5378 1530 5426 mado·
1551 5382 1574 5426 si
1591 5377 1618 5423 in
1634 5375 1675 5424 lib.
1690 5375 1733 5424 Vt:

408 5447 502 5504 «badi,
520 5460 596 5508 ouans
612 5458 696 5495 omme
710 5445 828 5495 nummus
843 5448 871 5495 in
886 5446 1002 5496 montisc
1018 5451 1097 5497 eico.
1133 5449 1205 5499 llaec
1220 5449 1304 5500 uerba
1322 5449 1512 5502 obscurissima
1528 5452 1551 5500 si
1568 5450 1733 5511 consideres,

407 5535 490 5572 unum
508 5522 564 5571 veri
581 5519 666 5571 simile
682 5519 788 5571 uidetur
804 5521 886 5572 verba
904 5528 927 5572 st
942 5536 993 5572 non
1001 5525 1148 5585 pauperati
1166 5537 1267 5574 meram
1286 5536 1346 5575 esse
1363 5527 1547 5588 repetitionem
1564 5526 1734 5588 superiorum

407 5598 498 5649 Lucilii
514 5603 537 5648 st
553 5611 603 5646 non
617 5598 784 5659 pauperibus,
803 5610 855 5660 qua
873 5597 1048 5661 dittograpbia
1066 5599 1092 5649 in
1111 5601 1264 5650 contextum
1282 5602 1413 5650 sermonis
1431 5598 1499 5649 illata
1517 5598 1591 5649 locus
1608 5596 1682 5648 Tullii
1700 5612 1732 5649 er

406 5670 500 5723 libili
518 5672 552 5722 de
570 5685 600 5720 re
618 5669 689 5735 publ.
709 5671 814 5722 videtur
830 5672 996 5723 intercidisse
1016 5699 1043 5709 -
1062 5674 1146 5721 matio
1158 5674 1226 5724 Laeli
1242 5675 1352 5738 scripsi:
1371 5673 1642 5724 Oratiosustctiaeiii
1658 5672 1731 5731 cdd.;

407 5759 498 5798 sermo
515 5748 603 5810 potius
624 5746 663 5795 sic
680 5746 875 5798 continuandus
891 5747 1010 5797 videtur:
1037 5749 1230 5799 commissit-
1241 5774 1255 5786 ·
1272 5762 1349 5812 auom
1364 5750 1434 5813 proti
1450 5750 1498 5798 sint
1514 5773 1553 5785 ·-
1571 5748 1675 5798 ostendit
1691 5746 1732 5799 vel

406 5822 552 5884 comprobat
572 5847 598 5856 -
618 5820 658 5872 3⁰.
677 5822 784 5883 simpuio
803 5821 960 5873 Lambinus:
978 5822 1088 5885 simpuio
1104 5823 1194 5883 codd,
1211 5824 1335 5887 nmpuau
1352 5822 1414 5873 edd.
1434 5848 1461 5858 -
1480 5822 1520 5872 st.
1533 5824 1571 5872 uti
1588 5834 1650 5873 nas:
1668 5822 1734 5873 utici

406 5896 501 5957 eodo..
525 5896 602 5947 utibi
620 5895 682 5947 edd.
710 5921 737 5931 -
768 5898 921 5958 cuppedines
941 5897 1036 5959 codd..
1054 5899 1185 5961 capudines
1200 5897 1279 5959 edd.;
1303 5897 1373 5950 cont.
1392 5898 1447 5951 Cic.
1465 5895 1558 5951 rand.
1577 5896 1682 5962 1,)44.
1701 5921 1730 5936 -

405 5971 447 6026 at.
465 5970 532 6035 liris]
549 5971 621 6038 lisois
637 5970 681 6022 ed.
699 5969 809 6034 scholii,
828 5971 874 6036 qui
890 5971 958 6023 baec
973 5973 1076 6038 primus
1093 5971 1247 6039 publicarit.
