4342 7459
449 1230 512 1297 536
943 1230 998 1294 DII
1018 1227 1285 1294 DIVINATIONE

449 1415 561 1470 rerem,
583 1394 681 1460 multa
702 1394 796 1459 verbs
819 1391 921 1456 iecisti
943 1398 984 1467 te,
1007 1412 1078 1455 cum
1100 1408 1152 1453 res
1174 1388 1309 1463 videres,
1331 1389 1486 1453 rationem
1506 1407 1698 1474 causamque
1711 1409 1777 1455 noa

450 1511 621 1573 quaerere3
650 1489 725 1574 quid
749 1485 853 1561 lieret,
883 1507 947 1549 non
970 1507 1024 1549 cur
1047 1485 1137 1548 lieret
1159 1484 1198 1548 ad
1222 1504 1287 1547 rem
1309 1484 1477 1568 pertinere.
1521 1482 1619 1559 Quasi
1641 1503 1701 1567 eqo
1722 1492 1779 1549 aut

449 1582 516 1648 fieri
540 1585 764 1657 concederem,
792 1588 847 1646 aut
868 1587 954 1644 esset
974 1579 1156 1663 philosophi
1178 1598 1319 1653 caumm,
1342 1599 1398 1641 our
1420 1578 1564 1662 quidque
1585 1576 1691 1654 lieret,
1712 1598 1776 1645 non

449 1697 613 1761 quaerere.
656 1674 708 1739 ti.
730 1678 770 1739 Et
791 1696 829 1739 eo
851 1674 982 1759 quidem
1005 1675 1076 1736 loco
1099 1681 1131 1736 et
1153 1673 1357 1755 prognostica
1380 1679 1488 1735 nostra
1502 1672 1729 1757 pronuntiabas
1744 1682 1779 1738 et

425 1780 563 1855 tqenera
584 1771 770 1845 herbarum,
798 1769 1022 1832 scammoniam
1045 1766 1345 1850 aristolochiamque
1366 1764 1524 1842 radIcem,
1548 1786 1680 1851 quarum
1702 1786 1778 1832 cau·

449 1886 514 1930 sam
538 1867 717 1948 ignorares,
738 1865 802 1927 vim
825 1870 857 1925 et
878 1862 1022 1926 effectum
1046 1861 1182 1926 rideres.

535 1961 619 2022 xxi.
642 1958 801 2021 Dissimile
815 1965 926 2021 totum·
956 1957 1041 2017 Numx
1058 1962 1090 2018 et
1111 1956 1387 2037 prognosticorum
1402 1972 1516 2018 causas
1529 1956 1689 2038 persecuti
1703 1967 1779 2022 sunt

447 2054 634 2119 ethosihns
649 2054 789 2126 Stoicus,
811 2052 866 2134 qui
889 2059 937 2113 est
958 2069 977 2112 a
1000 2057 1030 2112 te
1052 2050 1251 2123 nominatus,
1274 2057 1306 2111 et
1327 2056 1436 2111 noster
1457 2048 1552 2111 etlam
1567 2049 1778 2129 Posidonium

448 2156 480 2212 et
501 2150 527 2211 si
549 2168 664 2211 causae
686 2165 749 2209 non
772 2145 969 2228 reperiantur
995 2144 1127 2206 istarum
1149 2162 1271 2217 rerum,
1302 2162 1353 2206 res
1376 2151 1481 2206 nmen
1502 2143 1591 2225 ipsae
1614 2144 1778 2211 observari

410 2241 718 2324 toanimadvertique
745 2245 927 2321 potuerunt
969 2240 1080 2300 Nattae
1103 2257 1179 2300 vero
1202 2244 1304 2300 statua
1327 2243 1382 2300 aut
1403 2256 1477 2300 aera
1499 2237 1604 2320 legum
1627 2239 1667 2301 de
1689 2240 1778 2305 caelo

446 2343 542 2407 tacta,
564 2333 642 2417 quid
668 2334 786 2396 habent
811 2332 1014 2395 observatum
1036 2350 1072 2393 ac
1095 2334 1279 2394 vetustum?
1309 2330 1428 2394 PinarIi
1452 2332 1561 2394 Nattae
1583 2331 1726 2397 nobiles:
1757 2354 1778 2399 a

446 2430 611 2492 nobilitate
633 2428 728 2510 igitur
749 2425 935 2511 periculum.
965 2425 1034 2487 Iloc
1057 2432 1121 2487 tam
1144 2422 1258 2488 csllido
1274 2424 1416 2507 luppiter
1430 2424 1598 2507 cogitaritl
1623 2426 1778 2493 llomulus

446 2521 566 2585 lactens
595 2522 726 2585 fulmina
754 2522 856 2584 ictus:
889 2520 958 2582 urbi
988 2520 1084 2601 igitur
1112 2519 1289 2601 periculum
1319 2517 1497 2582 ostenditur
1522 2518 1570 2594 ei,
1599 2539 1693 2604 quam
1721 2522 1777 2587 ille

447 2617 599 2680 condidit.
644 2615 747 2690 Quam
769 2615 848 2677 scite
869 2634 928 2696 per
949 2620 1041 2676 notas
1065 2633 1124 2676 nos
1147 2613 1297 2676 certiores
1317 2611 1393 2675 iacit
1407 2612 1565 2695 luppiter!
1599 2615 1640 2676 At
1661 2614 1776 2680 eodem

409 2718 589 2792 ittempore
611 2709 735 2791 signum
758 2708 843 2771 lovis
865 2707 1106 2781 conlocabatur,
1137 2727 1201 2790 quo
1223 2706 1400 2769 coniuratio
1426 2706 1633 2771 indicabatur.
1675 2710 1716 2773 Et
1738 2719 1773 2775 tu

447 2806 567 2868 scilicet
588 2803 686 2866 mavis
709 2802 840 2865 numine
862 2800 993 2864 deorum
1017 2801 1049 2862 id
1070 2800 1185 2864 iactum
1208 2819 1302 2883 qnam
1327 2819 1401 2863 casu
1415 2799 1582 2864 arbitrarii
1605 2808 1637 2864 et
1651 2802 1776 2869 redem-

445 2907 535 2981 ptor,
565 2899 621 2981 qui
643 2898 822 2960 columnam
844 2896 931 2958 illam
961 2894 1001 2961 de
1024 2895 1115 2958 Cotta
1137 2901 1170 2957 et
1191 2892 1232 2956 de
1253 2895 1416 2977 Torquato
1438 2893 1635 2958 conduxerat
1656 2895 1775 2963 lacien-

446 2991 528 3065 dam,
551 3012 614 3054 non
639 2990 752 3055 inertia
775 2998 829 3053 aut
850 2990 959 3071 inopia
973 2988 1093 3052 tardior
1106 2987 1182 3061 tuit,
1204 2985 1259 3050 sed
1276 3007 1294 3050 a
1310 2987 1378 3050 deis
1393 2986 1613 3051 inmortalibus
1627 2988 1668 3052 ad
1683 2990 1775 3057 istam

444 3086 553 3149 boram
580 3091 758 3148 reservatus
786 3085 855 3146 esti
899 3079 951 3145 48.
973 3085 1044 3145 Non
1067 3080 1216 3165 equidem
1238 3082 1332 3164 plane
1354 3080 1491 3163 despero
1513 3082 1575 3145 ista
1597 3102 1668 3147 esse
1690 3105 1775 3163 vera,

408 3181 501 3243 tosed
530 3180 638 3242 nescio
667 3185 699 3241 et
727 3177 851 3242 discere
878 3197 896 3240 a
925 3185 957 3240 to
986 3175 1071 3239 volo.
1114 3176 1194 3238 Nam
1216 3195 1287 3238 cum
1310 3173 1387 3238 mibi
1410 3175 1566 3258 quaedam
1589 3196 1664 3242 casu
1687 3180 1775 3244 vide·

445 3282 556 3338 rentur
579 3273 625 3335 sic
648 3274 794 3347 evenire,
817 3280 854 3335 ut
874 3271 1036 3356 praedicta
1057 3277 1166 3332 essent
1186 3289 1204 3333 a
1227 3268 1459 3343 divinantibus,
1481 3268 1593 3333 dixisti
1615 3271 1712 3337 multa
1733 3275 1775 3339 de

444 3388 529 3441 casu,
551 3376 586 3430 ut
602 3367 772 3430 Venerium
795 3366 855 3429 iaci
878 3386 973 3448 posse
995 3384 1071 3428 casu
1095 3371 1243 3447 quattuor
1263 3362 1335 3426 talis
1356 3364 1463 3437 iactis,
1487 3362 1543 3426 sed
1559 3365 1774 3451 quadringen-

443 3463 484 3526 tis
507 3469 631 3523 centum
647 3461 802 3524 Venerios
824 3480 889 3522 non
910 3479 1003 3543 posse
1027 3477 1103 3521 casu
1126 3456 1309 3520 consistere.
1340 3457 1480 3521 Primum
1502 3458 1609 3522 nescio
1632 3480 1689 3524 cur
1707 3482 1772 3528 non

444 3556 581 3639 possint,
609 3553 663 3617 sed
693 3575 756 3617 non
778 3574 903 3637 pugn03
934 3552 1077 3616 abundas
1099 3553 1183 3616 enim
1205 3552 1372 3615 similibus.
1415 3552 1520 3615 lIabes
1543 3559 1575 3616 st
1594 3556 1772 3636 respersio-

403 3667 514 3714 sanem
545 3650 775 3730 pigmentorum
806 3657 837 3710 et
865 3657 1002 3710 rostrum
1030 3648 1097 3709 suis
1124 3654 1155 3709 et
1176 3647 1237 3709 alia
1259 3645 1426 3730 permulta.
1463 3645 1552 3709 Idem
1575 3645 1771 3715 Camcadom

361 3775 366 3786 =
443 3739 560 3823 fingere
589 3743 668 3804 dicis
696 3742 863 3822 decapite
892 3740 1030 3815 Panisci,
1063 3741 1153 3823 quasi
1184 3759 1248 3803 non
1278 3742 1416 3822 potuerit
1437 3739 1469 3803 id
1492 3742 1617 3806 evenire
1640 3762 1715 3806 casu
1739 3754 1772 3809 et

441 3857 506 3899 non
528 3838 559 3899 in
583 3834 667 3897 omni
692 3854 846 3897 marmore
868 3854 998 3898 necessa
1020 3837 1062 3897 sit
1083 3836 1188 3898 inesse
1211 3833 1259 3897 vel
1275 3834 1446 3898 Praxitelia
1460 3838 1572 3919 capita.
1610 3836 1667 3901 llla
1684 3839 1770 3901 enisi

442 3932 510 4014 ipsa
532 3926 712 3993 efficiuntur
741 3927 934 3991 detractione
964 3947 1069 4011 neque
1099 3930 1266 4012 quicquam
1290 3928 1365 3990 illuc
1387 3928 1531 3992 adfertur
1552 3948 1569 3992 s
1592 3929 1769 4009 mestraim

441 4024 496 4087 sed
520 4045 591 4087 com
616 4022 712 4084 multa
734 4030 807 4084 sunt
829 4020 969 4085 detracta
998 4029 1030 4084 et
1051 4021 1090 4083 ad
1115 4022 1298 4085 liniamenta
1320 4023 1386 4085 oris
1409 4031 1591 4107 perventum
1614 4033 1680 4099 est,
1702 4034 1770 4090 tum

403 4119 606 4201 mintellegas
629 4116 724 4189 illud,
748 4117 834 4199 quod
857 4117 920 4178 iam
943 4116 1117 4198 expolitum
1141 4117 1197 4188 sit,
1218 4118 1301 4179 intus
1323 4116 1429 4180 luisse.
1473 4113 1524 4179 is.
1548 4120 1653 4180 Potest
1674 4118 1771 4201 igitur

440 4214 503 4276 tale
524 4212 645 4296 aliquid
668 4212 763 4272 etiam
786 4230 842 4272 sua
865 4219 978 4292 sponte
1005 4212 1037 4273 in
1066 4210 1246 4293 lapicidinis
1266 4210 1417 4274 Chiorum
1440 4213 1595 4275 extitisse.
1641 4214 1703 4275 Sed
1727 4215 1769 4278 sit

441 4306 500 4369 boc
522 4308 639 4369 fictum.
686 4305 793 4380 Quid‘l
824 4305 855 4366 in
879 4305 1016 4367 nubibus
1046 4324 1219 4386 numquam
1243 4305 1489 4367 animadvertIsti
1512 4305 1613 4367 leonis
1635 4304 1769 4371 sormam

440 4410 494 4464 aut
515 4399 777 4481 hippocentauri?
811 4400 918 4461 Potest
940 4398 1053 4481 igitur,
1083 4398 1168 4482 quod
1193 4398 1286 4461 modo
1308 4400 1461 4481 negabas,
1492 4401 1654 4463 veritatem
1678 4420 1770 4465 casus

440 4495 566 4558 imitari.

401 4606 430 4653 aa
526 4588 626 4650 llllll.
654 4586 715 4649 Sed
740 4587 890 4671 quoniam
914 4586 954 4649 de
977 4588 1059 4649 extis
1082 4594 1114 4649 et
1136 4587 1175 4650 de
1197 4587 1372 4669 fulgoribus
1395 4590 1471 4652 satis
1493 4597 1541 4653 est
1562 4586 1768 4671 disputatum,

441 4691 564 4744 ostenta
587 4690 723 4756 restant,
753 4689 787 4743 ut
814 4690 877 4743 tota
907 4680 1110 4762 haruspicina
1132 4681 1173 4743 sit
1194 4691 1393 4764 pertractata.
1436 4684 1541 4746 Mulae
1563 4693 1672 4766 partus
1695 4702 1769 4765 pro-

439 4775 521 4839 latus
544 4785 592 4838 est
613 4795 630 4836 a
654 4783 694 4837 ta.
729 4775 790 4837 llas
813 4775 977 4849 mirabilis,
1000 4784 1170 4856 propterea
1192 4777 1269 4859 quia
1290 4796 1356 4839 non
1377 4797 1472 4859 saepe
1496 4774 1547 4852 fit;
1571 4777 1626 4841 scd
1649 4774 1769 4843 silleri

506 5048 529 5095 t.
548 5050 627 5094 tecum
643 5057 699 5094 cum
715 5058 755 5094 res
773 5046 806 5103 B,
830 5044 877 5094 sed
896 5058 952 5093 cum
968 5058 1026 5108 sup.
1046 5043 1090 5095 lin.
1111 5071 1137 5081 -
1162 5046 1186 5096 3.
1205 5061 1255 5095 aon
1271 5047 1427 5096 comederem
1444 5046 1553 5098 Nodellii
1572 5061 1645 5111 susp.
1664 5076 1697 5087 -
1719 5063 1770 5101 essa

439 5119 509 5172 13¹-
530 5122 634 5181 quii-qus
645 5119 688 5169 ΑΗ
709 5145 735 5156 -
755 5121 779 5168 b.
791 5122 970 5168 scammoniam
983 5122 1043 5169 sii:
1061 5124 1215 5171 scamoniam
1232 5123 1260 5180 ll,
1279 5136 1464 5171 scammoneom
1482 5124 1511 5181 0,
1532 5127 1656 5186 utsupra
1675 5125 1698 5182 i.
1712 5124 1769 5188 §td

441 5195 593 5255 -ccusam1
612 5194 654 5243 liic
672 5194 769 5243 destnit
786 5195 806 5243 ll
823 5221 848 5230 -
868 5196 908 5244 t0.
926 5202 1060 5257 potuerunt
1077 5197 1112 5245 C:
1129 5204 1231 5258 possunt
1248 5198 1297 5247 cod
1322 5200 1383 5260 itaq>
1400 5200 1495 5249 Desisti
1513 5199 1533 5248 0
1553 5225 1580 5235 -
1599 5213 1662 5249 cora
1677 5199 1767 5265 byrsa]

438 5272 577 5321 simulacro
593 5271 695 5319 deorum
713 5270 731 5319 D
750 5271 775 5319 tn
793 5282 844 5319 ras.
862 5297 888 5306 -
909 5271 948 5318 tt.
967 5272 1027 5332 qiud
1043 5272 1132 5320 bohemi
1149 5273 1337 5324 observandum.
1356 5275 1386 5323 Aa
1402 5282 1480 5334 osius,
1499 5281 1552 5323 tum
1568 5275 1664 5323 pinam
1680 5277 1769 5326 llarl·

439 5346 534 5398 landus
552 5360 593 5408 ep.
610 5346 666 5395 crit.
687 5357 712 5407 p.
726 5344 757 5393 ti
778 5371 804 5381 -
822 5344 909 5406 piacet
925 5347 1037 5394 tanaitas
1054 5347 1084 5397 a¹
1100 5373 1125 5383 -
1147 5349 1187 5398 ti.
1205 5349 1257 5399 Hoc
1273 5363 1350 5411 quam
1366 5351 1456 5399 callide
1472 5351 1581 5412 luppiter
1597 5353 1769 5415 excapitavit?

437 5425 469 5474 At
487 5423 602 5472 domatus
620 5418 786 5471 tiarklandus
804 5418 820 5468 l.
839 5418 855 5470 Ι.
874 5422 899 5470 in
919 5422 994 5470 cuius
1011 5423 1142 5485 scripture
1160 5427 1311 5490 accoqtiom'i
1328 5428 1432 5476 rectum
1449 5425 1555 5475 videtur
1578 5451 1604 5463 -
1632 5425 1672 5477 ii.
1692 5432 1720 5475 at
1737 5430 1767 5489 Α,

440 5498 487 5549 sed
506 5504 515 5546 t
533 5499 557 5546 in
577 5509 629 5545 res.
655 5524 681 5532 --
710 5496 750 5546 46.
768 5497 902 5546 nominali
925 5523 950 5532 -
974 5497 1015 5548 Ἠ.
1033 5512 1155 5548 ueneram
1178 5501 1196 5549 B
1225 5527 1249 5536 -
1281 5502 1366 5560 tortis,
1384 5502 1426 5549 sad
1445 5501 1581 5551 Davisius:
1607 5502 1719 5553 tacitast
1737 5504 1767 5563 C,

438 5575 511 5622 icciie
529 5571 702 5622 Lanibinuso
717 5597 742 5607 ·-
762 5570 802 5620 23.
822 5572 960 5634 consistere]
979 5573 1040 5622 hinc
1057 5573 1146 5623 denuo
1165 5577 1254 5640 incipit
1270 5577 1293 5623 V
1312 5603 1337 5613 -
1362 5576 1403 5626 at.
1422 5576 1552 5625 habendos
1567 5576 1620 5626 AV¹
1634 5604 1660 5613 -
1679 5590 1768 5639 ciper-

437 5650 530 5697 sionem
547 5646 689 5698 Lambinus
710 5658 741 5695 ex
766 5648 788 5701 i.
808 5645 863 5708 5²³
888 5672 914 5683 -
937 5647 978 5696 ti.
996 5648 1035 5696 ort
1049 5649 1238 5698 arcasium--
1250 5652 1364 5713 adsertor
1384 5652 1409 5700 in
1431 5663 1514 5714 marg.
1533 5664 1569 5701 m.
1588 5664 1628 5716 pr.
1648 5651 1767 5705 habeta

442 5750 468 5762 -
489 5723 547 5772 tort.
567 5722 843 5772 Pasieria-uminis
865 5722 895 5769 ut
916 5723 938 5778 i.
959 5721 1018 5784 §79
1040 5735 1055 5771 a
1078 5725 1141 5773 viris
1164 5724 1324 5777 doctissimis
1347 5730 1496 5776 correctum
1515 5728 1570 5785 est,
1589 5725 1660 5789 quod
1678 5730 1708 5777 ut
1724 5727 1767 5779 bic

440 5811 546 5861 quoque
564 5796 713 5847 scribamus
730 5801 881 5860 temporum
900 5798 966 5846 ratio
983 5796 1088 5848 uidetur
1106 5812 1216 5849 munere
1235 5825 1261 5835 -
1285 5801 1325 5851 98.
1344 5814 1423 5863 nsque
1440 5802 1477 5850 C:
1494 5802 1576 5850 neco
1597 5828 1623 5839 -
1641 5804 1768 5865 omi-aiiii*

440 5873 502 5919 v-
522 5873 561 5921 29.
580 5873 767 5924 tinsomsnioo
787 5898 821 5908 —·
833 5872 872 5923 30.
892 5872 962 5935 titud]
980 5873 1050 5923 aliud
1067 5873 1088 5921 V
1108 5901 1134 5911 -
1153 5875 1307 5938 ampolicium
1324 5875 1355 5926 Ψ
1374 5902 1401 5912 -
1420 5876 1461 5927 dh.
1478 5874 1620 5943 Nstpieibas
1636 5874 1717 5928 Bll²0
1735 5902 1764 5917 -·

440 5946 480 5997 86.
498 5952 523 5996 to
539 5960 625 6010 orasp.
644 5946 673 5999 Βι
692 5974 719 5984 -
735 5948 852 6011 prointus
866 5953 889 5998 st
905 5954 944 5998 At
