4342 7459
739 1262 1421 1352 ra.1.cn.xu-x1v.ssaa-aa
1682 1258 1746 1329 aro

408 1447 465 1513 es,
486 1445 571 1512 quas
593 1425 633 1489 de
654 1425 784 1490 Platone
806 1425 954 1491 diximus.
998 1428 1084 1491 xm.
1107 1424 1160 1492 33.
1182 1427 1288 1512 Atque
1310 1429 1403 1493 etiam
1423 1426 1630 1492 Antisthenes
1651 1425 1685 1489 in
1706 1444 1746 1489 so

412 1523 510 1597 libro,
534 1521 590 1606 qui
610 1520 763 1606 Physicus
785 1521 979 1597 inscribitur,
1001 1523 1166 1608 popularis
1188 1522 1267 1588 deos
1289 1522 1421 1599 multos,
1451 1521 1627 1588 naturalem
1648 1540 1747 1584 unum

414 1636 486 1681 essa
508 1614 619 1678 dicens
640 1612 724 1679 tollit
744 1615 807 1678 rim
830 1623 862 1679 et
883 1625 1026 1681 naturam
1049 1616 1191 1683 deorum·
1222 1619 1289 1681 lieo
1311 1617 1411 1681 multo
1433 1636 1524 1681 secus
1540 1615 1747 1699 Speusippus,

414 1710 578 1775 Platonem
607 1709 802 1773 avunculum
829 1710 1028 1795 subsequens
1054 1719 1087 1777 et
1113 1713 1178 1777 rim
1200 1712 1361 1797 quandam
1386 1712 1511 1786 dicens,
1545 1730 1609 1795 qua
1641 1710 1747 1774 omnia

415 1812 573 1887 regantur,
596 1822 730 1887 eamque
751 1804 936 1879 animalem,
958 1807 1095 1872 evellere
1109 1807 1280 1871 exanimis
1295 1814 1429 1869 conatur
1443 1805 1656 1887 cognitionem
1672 1802 1772 1867 deo-o

415 1920 495 1963 nrm.
535 1894 587 1960 33.
608 1897 858 1982 Aristotelesque
885 1899 919 1962 in
949 1902 1042 1965 tertio
1065 1901 1105 1964 de
1127 1899 1331 1983 philosophia
1353 1896 1434 1964 libro
1456 1900 1555 1962 multa
1576 1900 1699 1973 turbat,
1729 1916 1749 1961 s

415 1993 566 2077 magistro
593 2011 654 2056 sno
675 1991 807 2056 Platone
828 2013 894 2057 non
916 1994 1125 2059 dissentiens:
1148 1993 1244 2058 modo
1267 1996 1352 2058 enim
1371 1993 1469 2057 menti
1490 1991 1602 2055 tribuit
1621 2010 1748 2056 omnem

415 2087 630 2161 divinitatem,
652 2085 748 2150 modo
764 2087 919 2151 mundum
934 2088 1039 2172 ipsum
1055 2089 1149 2153 deum
1164 2088 1242 2152 dicit
1257 2107 1341 2162 esse,
1363 2085 1460 2152 modo
1479 2086 1575 2150 alium
1591 2086 1748 2170 quendam

414 2178 557 2266 praeficit
578 2179 698 2244 mundo
720 2181 815 2265 eique
837 2200 892 2244 aas
914 2182 1013 2264 partis
1034 2183 1161 2257 tribuit,
1193 2190 1228 2245 nt
1247 2181 1457 2264 replicatione
1479 2178 1615 2263 quadam
1638 2177 1747 2242 mundi

415 2284 536 2341 motum
562 2281 652 2357 regat
680 2283 776 2358 atque
803 2281 943 2348 tueatur,
973 2283 1038 2339 tum
1068 2276 1148 2340 caeli
1177 2276 1325 2340 ardorem
1348 2276 1440 2338 deum
1463 2274 1542 2337 dicit
1568 2292 1653 2346 esse,
1683 2287 1786 2335 nones

413 2369 602 2453 intellegens
630 2368 753 2431 caelum
783 2369 892 2432 mnndi
920 2388 991 2433 esse
1018 2378 1155 2452 partam,
1187 2389 1284 2452 quem
1305 2369 1368 2433 alio
1391 2367 1461 2432 loco
1483 2368 1552 2453 ipse
1573 2366 1750 2449 designarit

414 2465 521 2528 deum.
557 2463 630 2539 Quo
652 2463 748 2525 modo
771 2471 877 2525 antem
899 2463 979 2525 caeli
1002 2464 1129 2526 divinus
1150 2462 1206 2525 ille
1222 2482 1335 2526 sensus
1349 2462 1381 2525 in
1396 2461 1558 2525 celeritate
1573 2468 1659 2524 tanta
1673 2478 1749 2523 con·

414 2559 532 2625 serrari
553 2559 683 2640 potent
704 2556 759 2619 ubi
782 2554 899 2619 deinde
922 2556 968 2619 illi
984 2564 1032 2620 tot
1048 2558 1098 2631 di,
1122 2557 1148 2619 si
1163 2576 1367 2622 numeramus
1382 2556 1478 2620 etiam
1493 2556 1615 2618 eaelum
1632 2555 1748 2618 deumi

414 2654 492 2717 Cum
514 2659 619 2715 antem
641 2651 711 2713 sine
734 2670 866 2733 corpore
888 2650 972 2713 idam
994 2650 1062 2714 vult
1083 2670 1153 2714 esse
1175 2649 1285 2725 deum,
1309 2650 1394 2713 omni
1416 2648 1505 2713 illum
1525 2669 1620 2712 sensu
1635 2650 1748 2730 privat,

414 2747 506 2811 etiam
529 2745 709 2830 prudentis·
746 2743 818 2819 Quo
841 2764 936 2826 porro
959 2744 1055 2806 modo
1079 2746 1201 2808 moseri
1225 2764 1334 2807 carens
1356 2763 1490 2828 corpore
1505 2748 1560 2806 aut
1574 2763 1640 2826 quo
1654 2740 1785 2806 modots

412 2859 538 2923 semper
567 2858 602 2902 se
633 2857 765 2902 movens
796 2856 867 2901 esse
896 2838 1025 2920 quietus
1055 2846 1088 2901 et
1114 2839 1227 2901 beatus
1249 2841 1377 2922 potasti
1420 2834 1471 2899 34.
1494 2839 1559 2900 Nee
1581 2857 1656 2901 vero
1678 2837 1748 2899 eius

411 2932 648 3014 condiscipulus
670 2932 868 2995 Xenocrates
896 2932 930 2995 in
960 2931 1020 2995 hoc
1040 2934 1167 3013 'genere
1190 2931 1376 3014 prudentior
1397 2940 1459 3005 est,
1482 2932 1571 2994 cuius
1593 2932 1625 2993 in
1649 2930 1748 3004 libris,

411 3026 468 3110 qui
490 3033 565 3089 sunt
585 3027 626 3089 de
647 3034 760 3088 natura
783 3026 931 3099 deorum,
954 3024 1041 3088 nulla
1062 3026 1187 3108 species
1208 3023 1315 3088 divina
1338 3024 1543 3087 describitur:
1566 3024 1641 3087 deos
1663 3024 1748 3086 enim

411 3128 483 3184 octo
505 3138 576 3183 esse
598 3120 694 3195 dicit:
720 3120 862 3203 quinque
878 3139 950 3192 eos,
974 3120 1029 3201 qui
1054 3121 1087 3182 in
1103 3118 1204 3181 stellis
1221 3120 1306 3200 vagis
1320 3118 1537 3192 nominantur,
1559 3140 1669 3192 unum,
1692 3116 1747 3199 qui

411 3233 452 3276 er
474 3214 622 3277 omnibus
643 3213 817 3286 sideribus,
840 3232 922 3295 quae
942 3213 1040 3275 infixa
1055 3212 1144 3275 caelo
1159 3219 1248 3285 sunt,
1270 3231 1311 3275 ax
1327 3211 1478 3295 dispersis
1491 3218 1582 3296 quasi
1598 3211 1785 3275 membrisst

410 3306 548 3390 simplex
569 3309 612 3371 sit
631 3307 792 3389 putandus
808 3306 904 3380 deus;
928 3308 1096 3389 septimum
1114 3306 1219 3368 Solem
1236 3306 1379 3389 adiungit
1394 3314 1600 3390 octavamque
1615 3306 1747 3380 Lunam,

413 3400 469 3483 qui
491 3419 558 3483 quo
582 3419 678 3464 sensu
700 3401 785 3464 beati
807 3420 878 3463 esse
901 3401 1042 3483 possint,
1070 3400 1213 3482 intellegi
1235 3420 1299 3463 non
1323 3408 1438 3483 potest.
1474 3402 1522 3463 Ex
1544 3401 1655 3463 eadem
1677 3399 1747 3462 Pla·

411 3493 497 3556 tonis
518 3492 628 3557 schola
650 3496 799 3557 Ponticus
822 3494 1008 3557 Heraclides
1029 3493 1205 3578 puerilibus
1227 3494 1344 3557 sabulis
1360 3493 1485 3557 refersit
1500 3494 1612 3567 libros,
1635 3501 1666 3556 et
1680 3500 1746 3556 tum

411 3587 582 3659 mundum,
604 3595 671 3651 tum
693 3596 831 3651 mentam
854 3588 992 3651 divinam
1016 3607 1085 3650 essa
1108 3595 1214 3670 putat,
1237 3588 1416 3651 errantibus
1439 3589 1533 3650 etiam
1550 3588 1650 3652 stellis
1666 3587 1747 3652 diri·

411 3680 542 3744 nitatem
573 3681 682 3744 tribuit
709 3701 870 3765 sensuque
898 3684 992 3745 deum
1021 3681 1126 3763 privat
1154 3690 1187 3744 et
1208 3683 1279 3745 eius
1306 3681 1441 3745 sormam
1468 3682 1651 3746 numbttem
1674 3695 1784 3745 essert

409 3772 494 3847 rult,
516 3774 695 3858 eodemque
717 3775 751 3838 in
773 3775 856 3839 libro
877 3796 987 3839 rursus
1009 3782 1125 3838 terram
1147 3783 1180 3838 et
1200 3775 1323 3840 caelum
1336 3776 1434 3839 refert
1449 3777 1481 3838 in
1496 3775 1582 3839 deos.
1615 3770 1667 3837 35.
1682 3776 1747 3837 Nec

409 3886 485 3930 raro
515 3868 726 3952 Theophrasti
756 3870 965 3934 inconstantia
993 3867 1124 3933 serenda
1153 3875 1219 3932 est:
1248 3870 1343 3933 modo
1373 3870 1455 3933 enim
1482 3860 1579 3931 rhenti
1603 3868 1746 3931 divinum

408 3959 520 4025 tribuit
540 3962 772 4046 principatum,
795 3962 892 4026 modo
914 3964 1021 4037 caelo,
1044 3972 1110 4033 turn
1132 3971 1237 4027 antem
1252 3964 1351 4045 signis
1366 3963 1586 4045 sideribusque
1601 3963 1747 4027 caelesti·

408 4054 477 4118 bus.
511 4056 576 4122 Nec
599 4056 778 4120 audiendus
799 4060 868 4120 eius
889 4057 1015 4121 auditor
1037 4059 1159 4131 Strato,
1180 4058 1207 4120 is
1229 4058 1285 4141 qui
1309 4057 1459 4141 physicus
1479 4058 1667 4140 appellatur,
1689 4058 1746 4141 qui

409 4166 535 4211 omnem
558 4148 622 4212 vim
645 4149 784 4212 divinam
807 4151 839 4212 in
863 4161 975 4213 natura
998 4152 1091 4213 sitam
1114 4169 1184 4213 essa
1207 4159 1329 4223 censet,
1353 4170 1434 4232 quae
1451 4171 1561 4213 causas
1584 4151 1782 4233 pinguendine

409 4242 557 4324 angendi,
580 4243 742 4306 minuendi
760 4244 884 4319 habeat,
901 4244 956 4307 sed
974 4254 1079 4308 careat
1094 4246 1181 4308 omni
1198 4265 1293 4308 sensu
1309 4254 1341 4308 et
1355 4243 1464 4327 figura.
1494 4245 1577 4306 XIV.
1594 4241 1644 4305 36.
1659 4247 1744 4305 Zeno

408 4346 530 4408 sutem,
553 4345 588 4398 ut
609 4336 670 4399 iam
694 4338 892 4412 adnostros,
916 4338 1027 4411 balbe,
1051 4341 1190 4412 veniam,
1213 4339 1389 4402 naturalem
1406 4341 1505 4421 legem
1522 4338 1659 4401 divinam
1673 4357 1745 4401 esse

408 4436 517 4492 censet
539 4447 673 4511 eamque
695 4432 759 4493 sim
776 4433 920 4494 obtinere
944 4441 1029 4495 recta
1051 4432 1259 4514 imperantem
1277 4433 1563 4515 prohibentemque
1578 4431 1744 4494 contraris.

409 4524 513 4599 Quam
541 4522 642 4605 legem
672 4544 737 4606 quo
767 4527 862 4587 modo
893 4524 1007 4589 efficiat
1028 4528 1238 4601 animantem,
1266 4526 1450 4609 intellegere
1471 4546 1536 4589 non
1559 4546 1744 4609 possumus:

474 4832 498 4881 4.
522 4832 633 4881 diximus
654 4832 714 4881 cod.
738 4833 923 4882 Monacensis:
951 4832 1093 4884 dicimasit
1119 4860 1143 4869 -
1169 4834 1315 4882 antisthenis
1331 4834 1440 4886 ACEP
1464 4860 1490 4870 -
1516 4836 1539 4885 6.
1560 4835 1744 4897 aristotelesque

408 4905 516 4956 sace
535 4907 571 4966 (tu
589 4907 608 4956 B
627 4920 696 4956 corr.
715 4922 748 4958 er
765 4909 902 4957 aristoteles
922 4923 1000 4970 quae:
1026 4910 1051 4958 iu
1070 4911 1090 4960 C
1108 4922 1156 4971 que
1172 4906 1290 4957 deletum
1309 4911 1379 4968 esttt
1403 4909 1544 4958 Arhtotstes
1560 4923 1658 4972 qnoque
1674 4909 1694 4959 0
1714 4936 1741 4946 -

407 4981 432 5029 ’4.
450 4981 572 5044 machere
588 4994 634 5031 csso
650 4983 710 5031 cod.
728 4983 953 5045 ltehdtgerianus;
971 4987 1093 5047 mapistro
1110 4999 1160 5034 ano
1172 4982 1213 5041 tt:
1232 4984 1353 5045 mapistro
1373 5007 1400 5019 -
1419 4998 1469 5033 non
1487 4985 1633 5034 Manutius:
1653 4981 1742 5042 cmii

409 5080 437 5091 -
451 5054 475 5105 8.
495 5056 619 5117 quendam
635 5058 714 5105 atium
730 5058 751 5106 0
766 5084 792 5093 -
814 5059 854 5109 44.
874 5060 939 5107 Ante
958 5072 1007 5120 quo
1022 5062 1095 5109 moda
1112 5057 1280 5124 popularium
1298 5057 1410 5108 deorum
1429 5061 1591 5109 mentionem
1613 5058 1742 5108 excidisse

407 5131 509 5193 putavit
532 5131 715 5189 heimardus:
739 5136 872 5182 astrorum
895 5132 1038 5184 divinitatis
1063 5137 1226 5184 mentionem
1250 5133 1384 5183 desiderat
1407 5135 1616 5185 schoemanuus.
1638 5146 1744 5181 -cae-

406 5205 505 5254 ter-itote
525 5205 575 5254 ΑΒ
596 5231 623 5242 -
649 5207 688 5255 43.
707 5212 742 5256 tut
765 5220 819 5256 om.
839 5210 857 5257 Ρ
879 5235 906 5244 -
933 5210 972 5257 45.
992 5216 1017 5259 et
1038 5211 1125 5260 iaml’
1149 5235 1174 5245 -
1193 5210 1290 5257 moveri
1309 5208 1493 5259 Heindortius:
1520 5211 1628 5258 mundns
1646 5210 1744 5258 moueri

407 5277 448 5336 lt:
472 5281 531 5329 deses
552 5283 646 5329 moueri
668 5283 840 5340 semetrius:
865 5284 987 5333 mundum
1009 5298 1108 5333 movere
1125 5285 1275 5343 Emeritos,
1296 5284 1324 5334 0.
1352 5287 1477 5334 umnndss
1498 5284 1676 5349 interpolatori
1693 5284 1743 5334 de·

407 5354 494 5405 betur.
515 5357 598 5406 Deum
618 5356 731 5408 Velleius
750 5363 829 5420 negat
846 5362 947 5409 moveri
966 5365 1082 5421 (movere
1101 5361 1138 5419 se)
1158 5371 1237 5422 posse
1259 5363 1318 5418 aut,
1338 5360 1360 5410 si
1382 5362 1482 5409 moveri
1500 5363 1595 5423 possit,
1623 5362 1742 5424 quietum

407 5432 435 5479 et
458 5428 567 5481 beatum
588 5443 648 5481 esse
673 5445 778 5496 posse·
797 5434 906 5483 Mnnvrc.
930 5461 956 5470 -
983 5435 1022 5483 46.
1042 5448 1068 5483 se
1084 5447 1137 5483 om.
1157 5437 1175 5484 Ρ
1196 5459 1222 5468 -
1246 5437 1298 5483 sias
1315 5447 1368 5484 om.
1389 5437 1409 5483 C
1430 5462 1457 5471 -
1486 5437 1525 5485 tt.
1545 5442 1578 5485 est
1596 5438 1644 5485 AC
1664 5437 1742 5493 (int

407 5517 518 5555 rasurae
541 5518 675 5568 superscr.
695 5520 731 5556 m.
751 5512 830 5568 sect:
856 5522 910 5558 nm.
930 5509 1006 5559 REO
1027 5536 1053 5545 -
1077 5508 1103 5556 in
1120 5509 1228 5558 cataro
1249 5536 1273 5545 -
1294 5509 1333 5558 48.
1353 5515 1410 5559 sant
1431 5509 1457 5558 tn
1474 5516 1569 5558 notura
1586 5510 1694 5560 ACEP
1712 5534 1740 5545 -·

407 5581 450 5631 2⁰.
468 5582 518 5630 nst
534 5582 643 5632 saca
662 5606 688 5617 -
709 5584 750 5632 tt.
768 5587 936 5645 octauamqtse
952 5584 993 5636 il:
1017 5590 1182 5645 somnumque
1198 5583 1249 5635 alii.
1272 5612 1296 5621 —
1322 5587 1363 5635 22.
1382 5591 1485 5646 possunt
1501 5590 1520 5635 Α
1543 5612 1567 5621 -
1590 5587 1629 5635 33.
1649 5590 1673 5633 et
1689 5589 1742 5634 tum

407 5656 529 5705 mundun
541 5657 687 5707 ltsnutius:
707 5663 731 5706 et
747 5663 830 5707 tamen
846 5660 920 5708 modo
935 5662 1056 5709 mundum
1074 5661 1196 5714 anca:
1215 5668 1239 5710 et
1256 5661 1357 5725 [tamen]
1375 5663 1450 5710 modo
1466 5660 1587 5708 mundum
1599 5660 1632 5713 0:
1650 5664 1674 5707 et
1689 5665 1742 5708 tam

407 5733 482 5782 storto
498 5734 619 5782 mundun
636 5734 673 5790 E:
698 5741 720 5784 et
738 5743 791 5784 tren
810 5772 881 5786 ....
899 5738 972 5785 modo
988 5737 1109 5786 mundum
1127 5733 1250 5787 Klotzius.
1273 5763 1297 5772 -
1323 5738 1364 5787 44.
1383 5739 1460 5786 etiam
1476 5746 1610 5798 superscr.
1629 5746 1684 5783 sec.
1704 5747 1742 5785 m.

409 5806 458 5857 sed
481 5810 573 5857 vetere
594 5811 633 5866 A:
658 5816 742 5859 amen
765 5810 890 5861 s-:a
911 5811 1226 5873 monasterienses
1247 5808 1741 5867 -sa.ns13:tnsc,sednb

408 5880 495 5933 littera
511 5882 539 5942 4,
563 5884 588 5933 tn
606 5884 626 5935 C
645 5887 699 5934 tota
716 5898 768 5935 vor
784 5889 916 5950 expuncta
933 5888 983 5937 est.
1004 5913 1030 5923 -
1048 5886 1089 5935 34.
1107 5886 1235 5934 minuendi
1252 5884 1291 5936 a:
1315 5886 1442 5935 minuendi
1458 5884 1656 5946 immolandique
1672 5886 1692 5936 0
1711 5911 1739 5925 -

409 5957 477 6007 esest
493 5962 516 6008 et
532 5969 603 6007 sessa
619 5961 644 6009 et
657 5960 744 6025 flaura
760 5959 779 6009 Β
798 5985 826 5996 -
846 5959 887 6011 34.
905 5962 1003 6010 ulnam
1018 5960 1053 6010 od
1069 5961 1088 6010 Ρ
1108 5986 1135 5996 -
1155 5958 1195 6011 34.
1211 5961 1380 6024 prottbentem
1397 5964 1460 6025 (om.
1478 5964 1534 6023 csse)
1552 5960 1581 6011 E.
