4342 7459
734 1253 803 1318 Lm.
817 1253 842 1316 1.
872 1252 945 1318 Car.
960 1251 1173 1319 xm-xtv.
1198 1249 1246 1336 §s
1267 1247 1413 1316 39-t5.
1671 1248 1734 1316 6443

406 1412 510 1489 culae,
531 1413 580 1477 ris
601 1411 705 1476 leonis
726 1412 869 1476 ridetur:
891 1422 1063 1498 utrumque
1084 1412 1213 1477 bomine
1234 1413 1473 1487 alienissimum,
1489 1410 1546 1475 sed
1560 1411 1645 1477 fraus
1660 1411 1736 1476 odio

407 1507 503 1592 digna
525 1508 654 1573 maiore.
703 1508 815 1572 Totius
845 1517 951 1572 autem
980 1509 1153 1573 iniustitiae
1181 1508 1270 1571 nulla
1297 1506 1465 1590 capitalior
1490 1526 1587 1589 quam
1615 1525 1734 1581 eornm,

407 1604 463 1684 qui
490 1610 575 1677 tum,
605 1622 677 1666 cum
705 1604 842 1666 maxime
868 1602 998 1679 fallunt,
1028 1603 1061 1666 id
1089 1612 1203 1685 agunt,
1230 1610 1267 1666 ut
1288 1601 1347 1666 viri
1369 1600 1445 1664 boni
1467 1618 1537 1664 esse
1558 1599 1734 1665 videantur.

407 1697 455 1761 De
475 1698 597 1762 iustitia
619 1696 696 1759 satis
718 1696 847 1760 dictum.

494 1791 578 1855 XIV.
600 1785 651 1854 la.
672 1792 906 1874 Deinceps,'ut
926 1798 994 1855 erat
1015 1791 1225 1875 propositum,
1247 1789 1288 1853 de
1309 1784 1517 1853 beneficentia
1537 1809 1575 1853 ac
1595 1789 1636 1852 de
1657 1788 1761 1852 isne-c

408 1886 534 1949 ralitate
556 1884 697 1959 dicatur,
728 1906 794 1969 qua
821 1888 951 1970 quidem
981 1883 1059 1949 nibil
1081 1892 1131 1949 est
1151 1893 1282 1948 naturae
1303 1883 1441 1947 hominis
1462 1884 1737 1957 accommodatius,

409 1978 466 2044 sed
487 1979 585 2044 babet
604 1980 721 2045 multas
742 1982 917 2045 cautiones.
962 1979 1140 2043 Videndum
1162 1986 1212 2043 est
1233 1979 1318 2042 enim
1341 1980 1494 2061 primu'm,
1516 1998 1558 2042 ne
1580 1978 1663 2042 obsit
1682 1978 1739 2041 be·

408 2077 545 2160 nignitas
573 2082 606 2138 et
626 2076 667 2137 iis
688 2075 786 2158 ipsis,
818 2076 933 2158 quibus
954 2076 1093 2158 benigne
1116 2074 1277 2138 videbitur
1298 2069 1382 2148 fieri,
1411 2081 1442 2137 et
1464 2072 1587 2148 ceteris,
1610 2069 1738 2145 deinde,

408 2190 449 2233 ne
471 2170 572 2233 maior
592 2169 770 2252 benignitas
792 2170 833 2233 sit
861 2189 955 2253 quam
977 2168 1162 2243 facultates,
1194 2175 1279 2243 tum,
1309 2176 1345 2231 ut
1366 2186 1424 2249 pro
1446 2166 1600 2250 dignitate
1622 2165 1738 2249 cuique

309 2263 316 2277 “
408 2264 574 2328 tribuatur.
618 2262 653 2326 Id
676 2264 761 2327 enim
783 2269 833 2327 est
854 2264 992 2328 iustitiae
1013 2262 1268 2338 fundamentum,
1290 2259 1331 2325 ad
1355 2280 1451 2344 quam
1472 2260 1553 2325 baec
1570 2258 1776 2324 reserendall

409 2365 484 2421 sunt
504 2358 620 2422 omnir.
664 2360 743 2421 Nam
766 2365 799 2421 et
821 2358 877 2443 qui
899 2356 1116 2441 gratificantur
1136 2357 1275 2439 cuipiam
1298 2354 1386 2441 quod
1408 2355 1491 2420 obsit
1512 2355 1570 2429 illi,
1591 2354 1643 2418 cni
1665 2374 1739 2437 pro·

410 2451 503 2516 desse
524 2451 606 2515 relle
627 2450 812 2527 rideantur,
839 2472 906 2516 non
927 2450 1061 2516 benefici
1084 2469 1192 2535 neque
1214 2450 1381 2525 liberales,
1412 2449 1469 2514 sed
1491 2447 1661 2533 perniciosi
1683 2447 1740 2511 ad·

409 2553 586 2610 sentatores
608 2545 772 2609 iudicandi
793 2555 883 2622 sunt,
905 2554 938 2610 et
960 2547 1015 2629 qui
1036 2547 1107 2610 aliis
1128 2552 1260 2620 nocent,
1283 2554 1320 2608 ut
1339 2546 1373 2608 in
1395 2545 1475 2608 alios
1497 2543 1644 2607 liberales
1664 2543 1739 2617 sint,

408 2640 443 2704 in
466 2638 578 2704 eadem
599 2648 675 2704 sunt
693 2640 858 2716 iniustitia,
880 2648 917 2705 ut
937 2642 965 2704 si
987 2642 1020 2704 in
1043 2661 1132 2705 suam
1153 2661 1219 2703 rem
1242 2640 1348 2704 aliena
1361 2645 1556 2703 convertant.
1591 2633 1642 2701 43.
1659 2639 1740 2703 Sunt

410 2741 517 2798 autem
545 2734 636 2797 multi
665 2740 697 2797 et
723 2734 853 2817 quidem
881 2734 988 2818 cupidi
1010 2734 1189 2819 splendoris
1211 2741 1245 2797 ct
1265 2733 1399 2817 gloriae,
1428 2731 1484 2818 qui
1506 2732 1648 2817 eripiunt
1667 2730 1778 2797 aliis⁴⁸

412 2826 499 2912 quod
522 2827 594 2891 aliis
616 2827 807 2910 largiantur,
835 2829 924 2913 iique
946 2829 1139 2892 arbitrantur
1166 2848 1201 2891 se
1222 2824 1381 2891 beneficos
1402 2827 1437 2889 in
1458 2846 1533 2891 suos
1555 2827 1672 2892 amicos
1693 2828 1742 2892 ri·

412 2941 483 2986 sum
503 2920 555 2995 iri,
578 2921 605 2984 si
628 2921 823 3005 locupletent
845 2928 900 2987 eos
922 2942 1124 3007 quacumque
1146 2922 1280 2985 ratione.
1322 2921 1359 2983 Id
1380 2927 1486 2985 autem
1506 2928 1629 2985 tantum
1650 2922 1742 2987 abest

412 3014 452 3079 ab
473 3011 596 3089 officio,
623 3024 660 3080 ut
680 3016 760 3080 nibil
783 3018 883 3100 magis
905 3014 1011 3080 ollicio
1033 3016 1133 3100 possit
1153 3035 1225 3080 esse
1246 3016 1448 3080 contrarium.
1490 3014 1670 3079 Videndum
1692 3021 1741 3079 est

410 3108 522 3191 igitur,
551 3117 586 3173 ut
613 3128 652 3173 ea
679 3110 869 3175 liberalitate
898 3120 1040 3186 utamur,
1070 3130 1154 3194 quae
1183 3110 1285 3192 prosit
1313 3108 1439 3184 amicis,
1466 3116 1580 3173 noceat
1609 3109 1740 3174 nemini.

412 3202 520 3278 Quare
541 3202 577 3265 L.
599 3203 722 3278 Sullae,
751 3204 784 3268 C.
809 3205 952 3269 Caesaris
973 3205 1179 3288 pecuniarum
1200 3202 1364 3267 trandatio
1385 3222 1405 3266 a
1426 3203 1518 3266 iustis
1539 3202 1677 3267 dominis
1699 3200 1779 3267 ad¹⁰

412 3297 533 3361 alienos
561 3316 626 3361 non
654 3298 750 3363 debet
777 3299 917 3362 liberalis
946 3298 1062 3373 vidori;
1106 3298 1187 3361 nibil
1215 3305 1263 3362 est
1289 3298 1373 3361 enim
1395 3294 1543 3372 liberale,
1566 3296 1651 3381 quod
1674 3317 1739 3361 non

410 3389 497 3455 idem
520 3390 650 3455 iustum·
691 3390 743 3456 ii.
766 3394 855 3456 Alter
875 3394 964 3456 locus
987 3398 1055 3455 crat
1075 3392 1247 3466 cautionis,
1269 3410 1310 3455 ne
1332 3390 1512 3474 benignitas
1534 3392 1635 3455 maior
1655 3399 1741 3456 essct

411 3504 508 3568 quam
538 3484 721 3562 facultates,
752 3487 838 3570 quod
869 3488 924 3571 qui
954 3487 1156 3571 benigniores
1185 3486 1296 3550 volunt
1325 3505 1395 3549 esse
1423 3504 1518 3569 quam
1546 3507 1599 3550 res
1620 3486 1741 3568 patitur

411 3580 548 3663 primum
570 3578 603 3641 in
626 3599 664 3643 eo
688 3590 830 3664 peccant,
853 3581 1107 3665 quod'ininriosi
1129 3581 1256 3644 suntin
1278 3580 1459 3662 proximos3
1482 3598 1560 3662 quas
1579 3580 1664 3644 enim
1686 3599 1740 3644 co-

411 3676 482 3760 pias
504 3674 554 3737 bis
575 3681 608 3738 et
629 3675 822 3760 suppeditari
846 3677 980 3760 aequius
1002 3684 1049 3740 est
1070 3684 1103 3739 et
1123 3676 1280 3759 relinqui,
1311 3694 1364 3738 eas
1386 3673 1581 3739 translerunt
1601 3676 1641 3739 ad
1663 3674 1778 3740 alic-¹⁸

413 3787 483 3832 nos.
526 3769 612 3831 luest
640 3777 744 3834 autem
777 3771 811 3831 in
840 3770 895 3833 tali
926 3770 1114 3834 liberalitate
1144 3769 1303 3853 cupiditas
1332 3769 1522 3852 plerumque
1543 3769 1686 3852 rapiendi
1708 3778 1740 3834 et

412 3860 578 3927 anlerendi
606 3882 664 3946 per
694 3862 859 3937 iniuriam,
889 3872 925 3926 ut
953 3864 992 3927 ad
1021 3863 1220 3946 largiendum
1250 3870 1422 3946 suppetant
1450 3862 1572 3945 copiae.
1623 3864 1740 3929 Videre

413 3957 509 4020 etiam
539 3957 612 4020 licet
641 3957 810 4039 plerosque
838 3977 905 4021 uon
933 3964 995 4021 tam
1029 3965 1142 4021 natura
1174 3957 1322 4021 liberales
1352 3975 1447 4040 quam
1475 3956 1610 4038 quadam
1639 3956 1740 4041 gloria

413 4049 543 4126 ductos,
573 4058 609 4113 ut
632 4048 765 4114 benefici
787 4050 970 4127 videantur,
991 4052 1095 4114 lacere
1118 4050 1231 4125 multa,
1254 4070 1337 4134 quae
1360 4046 1516 4132 proficisci
1539 4050 1579 4115 ab
1601 4059 1741 4116 ostenta·

413 4144 500 4208 tione
522 4146 623 4227 magis
645 4165 741 4227 quam
763 4164 780 4207 a
803 4145 965 4208 voluntate
988 4147 1166 4208 videantur.
1202 4145 1288 4207 Talis
1309 4154 1414 4207 autem
1434 4143 1593 4209 simulatio
1608 4145 1777 4211 venitatil⁰
1886 4208 1901 4232 ι

413 4245 462 4301 cst
491 4240 690 4302 coniunctior
719 4260 813 4321 quam
843 4249 898 4304 aut
926 4240 1109 4303 liberalitati
1137 4246 1192 4301 aut
1218 4238 1388 4301 honestati.
1439 4234 1490 4300 45.
1519 4241 1661 4304 Tertium
1692 4248 1741 4306 eet

414 4333 622 4416 propositum,
646 4342 681 4397 nt
703 4336 736 4396 in
758 4333 967 4397 beneficentia
989 4336 1123 4397 dilectus
1147 4340 1230 4395 esset
1252 4332 1431 4415 dignitatis:
1460 4332 1494 4395 in
1510 4354 1574 4416 quo
1591 4342 1622 4397 et
1636 4355 1739 4399 mores

413 4426 483 4489 eius
511 4436 607 4489 erunt
633 4428 813 4510 spectandi,
843 4428 995 4511 inquom
1022 4424 1210 4490 beneficium
1239 4425 1437 4500 conseretur,
1466 4435 1498 4490 et
1519 4428 1644 4493 animus
1665 4417 1751 4513 erga‘

414 4539 473 4584 nos
496 4529 528 4584 et
550 4523 758 4585 communitas
781 4541 817 4583 ac
839 4522 972 4585 societas
994 4523 1078 4585 vitae
1108 4519 1202 4584 etad
1224 4529 1348 4583 nostras
1369 4521 1519 4584 utilitates
1542 4519 1646 4585 officia
1667 4532 1739 4587 ante

325 4608 330 4616 ’
414 4614 551 4678 conlata:
575 4634 657 4699 quae
680 4624 715 4677 ut
736 4622 926 4679 concurrant
946 4616 1062 4691 omnia,
1085 4615 1224 4698 optabile
1246 4621 1310 4691 est3
1332 4615 1359 4679 ei
1375 4614 1490 4691 minus,
1503 4614 1611 4700 plures
1627 4620 1778 4683 04444044

414 4709 615 4793 maioresque
637 4708 790 4793 ponderis
811 4710 882 4793 plus
903 4710 1074 4774 habebunt.

480 4991 504 5039 4.
524 4988 702 5039 oibobrimum
718 4995 760 5040 cst.
779 4989 828 5039 Sed
848 5001 863 5039 0
888 5017 915 5027 -
941 4992 966 5039 b.
985 4992 1123 5042 inirotitioc
1138 4990 1274 5054 capitalior
1289 5002 1366 5052 quma
1382 4986 1428 5048 11¹3
1454 4990 1591 5041 4444444444
1606 4991 1742 5055 oopltolior

413 5064 630 5126 collocutorium
648 5064 679 5114 ll·
705 5090 733 5101 -
761 5076 950 5115 4044040440
977 5091 1004 5102 -
1038 5067 1062 5117 3.
1082 5073 1135 5116 tum
1152 5065 1171 5117 C
1189 5067 1225 5128 (in
1244 5067 1263 5117 B
1280 5077 1414 5131 superscr.
1433 5064 1499 5127 est):
1518 5076 1571 5115 om.
1589 5079 1632 5130 po
1659 5093 1686 5104 -
1714 5066 1739 5120 4.

413 5140 648 5191 44444ωεὶ0400
674 5166 700 5174 -
729 5138 993 5192 dictumbl3¹llcb:
1020 5144 1114 5193 dictum
1131 5139 1235 5192 cstB²o
1262 5167 1289 5177 -
1322 5143 1346 5191 5.
1365 5140 1532 5205 bcucfldontio
1548 5135 1739 5207 A²Bll¹cop;

414 5214 645 5280 44444040444444)
671 5243 703 5252 -
729 5217 752 5266 6.
771 5217 1015 5267 bominunotnrco
1042 5243 1069 5253 -
1097 5218 1121 5267 8.
1140 5216 1280 5268 lisano:
1310 5216 1522 5277 biclinium
1549 5242 1575 5252 -
1603 5218 1643 5269 44.
1662 5230 1741 5280 044404

415 5303 484 5341 corr.
504 5290 663 5352 incpedit:
688 5291 792 5351 quemn
820 5316 847 5326 -
875 5291 914 5341 44.
932 5292 1062 5354 penitiori
1079 5291 1156 5341 ΑΒι
1183 5318 1210 5328 -
1238 5291 1280 5341 43.
1299 5294 1322 5340 44
1339 5291 1590 5355 gub-conuertunt
1610 5293 1636 5343 in
1655 5303 1739 5354 marg.

414 5365 536 5431 suppleta
553 5364 635 5414 babet
652 5365 671 5413 B
689 5392 722 5401 —
739 5364 778 5415 44.
798 5367 925 5418 iniustitia
942 5372 999 5416 sunt
1015 5378 1030 5416 o
1049 5392 1075 5402 -
1097 5362 1182 5415 olienis
1195 5378 1288 5415 rasura
1306 5378 1375 5416 corr.
1389 5366 1414 5416 in
1432 5364 1516 5414 alieno
1532 5377 1549 5415 4
1568 5391 1594 5401 -
1614 5367 1655 5416 ib.
1667 5363 1742 5414 multi

414 5442 557 5502 4444444440
585 5466 611 5476 -
640 5440 679 5489 44.
698 5440 872 5502 440444444ε
900 5442 1035 5503 44404444,
1058 5441 1337 5503 nequeuntem
1366 5468 1392 5477 -
1426 5440 1691 5503 amieosilcritilb
1711 5464 1738 5474 -

415 5515 455 5565 48.
473 5515 506 5563 ub
523 5526 550 5564 o:
575 5527 628 5563 om.
648 5515 807 5565 44444440.
832 5516 870 5567 ct.
884 5511 1218 5582 WesenbergEmcudett.
1238 5516 1271 5565 bi.
1284 5516 1312 5566 Τ.
1326 5516 1355 5566 C.
1375 5513 1547 5580 epistolarum
1564 5527 1591 5579 p.
1605 5515 1646 5564 64.
1667 5539 1694 5550 -
1712 5517 1742 5563 ut

414 5590 574 5653 nibilmupis
590 5590 672 5651 officio
695 5603 785 5641 omo
810 5589 879 5653 (sola
898 5579 1083 5642 coniunctione
1104 5597 1132 5642 ot
1155 5591 1243 5642 addita
1267 5591 1292 5641 in
1311 5591 1403 5654 marg.)
1430 5615 1457 5626 -
1484 5590 1568 5652 0444040
1584 5591 1644 5654 post
1659 5589 1742 5653 040044

415 5677 470 5715 om.
488 5676 503 5712 o
522 5688 548 5699 -
573 5664 614 5713 20.
634 5664 865 5726 riltoeABch,
884 5666 975 5727 culleo
998 5693 1025 5703 -
1051 5666 1077 5717 C.
1093 5667 1193 5731 (g.Ao)
1207 5665 1376 5717 00440444οε
1395 5669 1418 5715 44
1434 5664 1460 5715 C.
1475 5663 1590 5714 04404444
1606 5675 1631 5713 0.
1660 5662 1699 5713 ct.
1718 5663 1740 5713 11

416 5738 484 5803 549.
504 5762 531 5774 -
555 5738 595 5786 tl.
614 5739 699 5789 uidere
717 5740 762 5790 Ab
781 5763 808 5775 -
827 5742 938 5791 ostentm
956 5743 1069 5793 lllnb:
1090 5744 1202 5792 44404444
1218 5741 1280 5802 Bo;
1299 5742 1364 5793 onim
1382 5739 1503 5803 (omasi)
1520 5749 1536 5790 o
1555 5764 1582 5773 -
1600 5735 1742 5801 44400444

415 5813 794 5877 stroppeditortcisequiuro
815 5841 848 5860 «-
873 5816 915 5867 25.
934 5817 1051 5868 hisllc:
1070 5817 1209 5877 tolno,
1227 5818 1294 5868 oisc
1319 5844 1346 5854 -
1372 5816 1414 5866 46.
1433 5812 1740 5878 ropieodipierumpueo

418 5912 447 5923 -
465 5888 917 5954 no.cenescec-oo.aom.11
943 5915 970 5929 -
998 5892 1262 5951 interimendae
1288 5892 1444 5944 -uuectss
1459 5895 1520 5944 44444
1535 5888 1655 5941 lillob:
1674 5887 1741 5940 (4444-

416 5966 472 6015 0444
487 5969 547 6015 44444
563 5967 624 6026 Αος
650 5969 710 6017 44444
726 5964 831 6017 44444444
846 5975 871 6017 0.
