4342 7459
735 1262 802 1325 m.
824 1262 848 1324 r.
879 1260 951 1327 css.
973 1262 1117 1325 u-nn.
1145 1258 1191 1344 ες
1215 1256 1405 1325 iio-ns.
1677 1260 1740 1328 sir

495 1425 545 1488 LI.
578 1424 683 1507 htque
704 1423 783 1487 haec
804 1422 935 1505 quidem
957 1423 1076 1486 vatium
1099 1422 1180 1485 ratio
1203 1431 1268 1496 est,
1291 1443 1350 1487 nec
1372 1423 1536 1488 dissimilis
1557 1444 1634 1488 sane
1657 1445 1740 1489 som·

409 1520 546 1584 nicrum.
584 1520 663 1580 Nam
685 1537 767 1602 quae
790 1517 992 1600 vigilantibus
1014 1515 1163 1581 accidunt
1184 1518 1322 1591 vatibus,
1346 1518 1457 1581 eadem
1472 1519 1565 1582 uobis
1582 1519 1740 1583 dormien-

409 1614 505 1677 tibus.
542 1613 637 1695 Viget
658 1612 742 1676 enim
765 1613 889 1676 animus
911 1612 944 1674 in
968 1612 1087 1673 somnis
1109 1611 1189 1674 liber
1217 1612 1257 1674 ab
1280 1611 1426 1675 sensibus
1448 1614 1597 1694 omnique
1619 1614 1740 1697 inpedi-

409 1709 494 1771 tione
518 1727 674 1781 curarum,
696 1707 821 1770 iacente
843 1714 875 1770 et
897 1714 1022 1768 mortuo
1045 1725 1147 1787 paene
1162 1725 1306 1789 corpore.
1335 1704 1396 1779 Qui
1411 1707 1487 1789 quia
1502 1708 1583 1771 vixit
1596 1709 1637 1771 ab
1653 1708 1739 1771 omni

408 1800 594 1866 aeternitate
616 1809 821 1885 versatusque
844 1807 892 1863 cst
914 1820 984 1862 cum
1007 1799 1291 1862 innumerabilibus
1313 1800 1442 1872 animis,
1464 1801 1587 1877 omnia,
1610 1823 1690 1885 quae
1707 1803 1763 1872 ius

408 1904 521 1960 natura
542 1916 646 1958 rerum
671 1904 759 1968 sunt,
782 1895 883 1970 videt,
906 1894 932 1956 si
957 1894 1053 1957 modo
1076 1893 1256 1978 temperatis
1279 1894 1360 1955 escis
1383 1892 1581 1979 modicisque
1603 1897 1741 1979 potioni-

407 1990 468 2053 bus
490 1989 534 2051 ita
556 1996 604 2052 est
623 1986 777 2062 adlectus,
802 1998 837 2050 ut
858 1990 963 2071 sopito
985 2008 1119 2070 corpore
1142 1988 1211 2069 ipse
1234 1987 1352 2070 vigilet.
1385 1987 1470 2049 Haec
1488 1989 1672 2052 somniantis
1692 1999 1741 2053 est

408 2082 574 2147 divinatio.
619 2079 690 2145 ll6.
722 2084 783 2145 llic
813 2102 924 2165 magna
954 2084 1110 2164 quaedam
1133 2082 1273 2145 exoritur
1298 2101 1403 2161 neque
1426 2100 1463 2143 ea
1486 2082 1654 2157 naturalis,
1684 2084 1740 2147 sed

408 2176 579 2241 artificiosa
601 2177 797 2241 somniorum
813 2176 1017 2258 Antiphontis
1040 2177 1275 2259 interpretatio,
1298 2174 1477 2259 eodemque
1498 2176 1594 2239 modo
1617 2185 1650 2240 et
1670 2198 1741 2242 ora·

409 2273 532 2336 clorum
562 2279 593 2335 et
619 2271 879 2334 vaticinationum
910 2280 984 2334 sunt
1014 2272 1237 2353 explanatores
1267 2266 1313 2354 [ut
1336 2270 1528 2352 grammatici
1552 2267 1778 2354 poetarum].ao

407 2367 486 2428 Nam
511 2374 546 2427 ut
566 2384 678 2427 aurum
702 2374 734 2426 et
755 2373 936 2446 argentum,
959 2386 1023 2439 aes,
1046 2365 1164 2428 serrum
1187 2364 1303 2427 frustra
1318 2372 1430 2427 natura
1445 2364 1551 2427 divina
1565 2365 1739 2447 genuisset,

408 2461 470 2524 nisi
493 2460 602 2523 eadem
626 2458 787 2521 docuisset
809 2479 904 2542 quem
926 2461 966 2522 ad
988 2459 1116 2522 modum
1139 2460 1179 2522 ad
1202 2478 1312 2522 eorum
1327 2478 1423 2522 venas
1440 2460 1666 2540 perveniretur,
1681 2480 1740 2523 nec

408 2555 515 2637 fruges
542 2562 644 2616 terrae
670 2553 803 2615 bacasve
829 2554 977 2615 arborum
1000 2575 1072 2617 cum
1096 2555 1233 2618 utilitate
1256 2552 1321 2615 ulla
1342 2554 1450 2635 generi
1472 2552 1612 2615 humano
1636 2553 1741 2616 dedis·

409 2657 467 2721 set,
489 2647 551 2711 nisi
574 2667 681 2709 earum
704 2647 806 2709 cultus
830 2654 861 2709 et
883 2645 1080 2717 conditiones
1104 2648 1295 2720 tradidisset,
1319 2647 1490 2709 materiave
1513 2646 1590 2727 quid
1607 2647 1740 2722 iuvaret,

408 2743 469 2806 nisi
484 2742 695 2805 consectionis
718 2741 787 2803 eius
809 2740 959 2804 fabricam
979 2741 1185 2804 haberemus:
1208 2742 1253 2804 sic
1276 2761 1345 2804 cum
1369 2741 1453 2803 omni
1476 2740 1622 2812 utilitate,
1645 2759 1779 2822 quamn

411 2834 443 2898 di
466 2834 650 2898 hominibus
673 2833 847 2908 dederuut,
869 2854 920 2897 ars
942 2835 1050 2917 aliqua
1071 2837 1241 2898 coniuncta
1264 2843 1327 2910 est,
1349 2854 1523 2918 perquam
1546 2832 1602 2895 illa
1623 2832 1741 2897 utilitas

410 2929 529 3013 percipi
552 2930 661 3011 possit.
696 2930 773 2991 Item
796 2928 892 3011 igitur
914 2930 1059 3001 somniis,
1081 2929 1376 3003 vaticinationibus,
1398 2928 1522 2999 oraclis,
1545 2927 1629 3009 qnod
1652 2935 1743 2991 erant

409 3022 508 3086 multa
530 3022 673 3096 obscura,
696 3023 795 3086 multa
816 3024 974 3105 ambigua,
998 3023 1240 3106 explanationes
1256 3022 1416 3086 adhibitae
1431 3029 1507 3083 sunt
1525 3021 1741 3104 interpretum.

412 3113 482 3178 itt.
513 3116 585 3190 Quo
608 3116 701 3179 modo
723 3126 828 3180 autem
851 3125 906 3179 aut
930 3126 1016 3179 vates
1038 3126 1095 3179 aut
1115 3116 1310 3180 somniantes
1334 3136 1372 3179 ea
1394 3115 1538 3188 videant,
1561 3133 1644 3197 quae
1666 3134 1742 3177 nus·

411 3230 506 3296 quam
529 3211 621 3273 etiam
645 3219 720 3273 tunc
743 3212 821 3285 sint,
852 3229 967 3293 magna
996 3212 1141 3294 quaestio
1171 3219 1229 3274 est.
1274 3210 1337 3273 Sed
1359 3209 1523 3292 explorata
1553 3208 1579 3270 si
1608 3207 1672 3269 sint
1694 3227 1779 3284 eam

410 3325 492 3388 quae
514 3312 588 3367 ante
611 3306 718 3388 quaeri
742 3305 895 3377 debeant,
925 3305 989 3367 sint
1010 3306 1106 3378 haec,
1131 3324 1214 3389 quae
1237 3305 1438 3388 quaerimus,
1461 3302 1615 3365 faciliora.
1662 3302 1743 3365 Con·

411 3401 491 3462 tinet
512 3399 598 3461 enirn
621 3406 718 3461 totam
740 3398 822 3461 hanc
846 3400 1064 3482 quaestionem
1088 3419 1126 3463 ea
1147 3399 1249 3471 ratio,
1278 3417 1361 3482 quae
1391 3405 1439 3460 est
1467 3397 1507 3459 de
1533 3405 1645 3460 natura
1667 3396 1744 3461 deo·

411 3512 491 3566 rum,
514 3511 598 3573 quae
621 3512 639 3554 a
661 3502 692 3554 te
714 3493 854 3555 secundo
876 3492 957 3555 libro
974 3502 1022 3556 est
1035 3493 1193 3575 explicata
1210 3491 1358 3555 dilucide.
1393 3491 1496 3566 Quam
1511 3490 1538 3554 si
1554 3492 1744 3573 optinemus,

412 3585 506 3650 stabit
527 3584 624 3659 illud,
659 3585 746 3669 quod
768 3585 854 3648 hunc
876 3586 983 3649 locum
1005 3588 1163 3659 continet,
1197 3586 1237 3650 de
1259 3607 1324 3669 qno
1345 3586 1487 3667 agimus:
1520 3605 1590 3649 esse
1613 3585 1691 3649 deos
1713 3594 1745 3649 et

412 3700 521 3743 eornm
557 3680 754 3762 providentia
789 3679 940 3742 mundum
974 3680 1185 3744 administrari
1223 3678 1417 3762 eosdemque
1449 3679 1616 3742 consulere
1650 3679 1783 3750 rebusis

412 3774 578 3847 humanis,
601 3794 659 3836 nec
680 3774 783 3835 solum
805 3773 981 3847 universis,
1004 3794 1112 3837 verum
1136 3774 1230 3837 etiam
1253 3773 1396 3855 singulis.
1432 3773 1519 3836 llaec
1541 3774 1567 3835 si
1590 3781 1745 3848 tenemus,

412 3887 494 3950 quae
524 3867 600 3929 mibi
630 3866 758 3949 quidem
788 3887 851 3928 non
880 3866 1027 3930 videntur
1054 3889 1148 3950 posse
1171 3868 1324 3941 convelli,
1357 3866 1499 3950 prolecto
1521 3867 1745 3930 bominibusa

412 3962 461 4023 dis
483 3961 587 4026 lutura
610 3958 782 4041 significari
805 3980 936 4023 necesse
958 3969 1017 4024 est.
1041 4037 1044 4045 Ι
1069 3960 1133 4022 Lll.
1157 3957 1228 4022 ll8.
1252 3961 1314 4024 Sed
1339 3960 1596 4040 distinguendum
1621 3960 1745 4024 videtur

413 4076 550 4139 quonam
567 4054 672 4117 modo.
704 4056 781 4117 Nam
802 4074 867 4117 non
891 4055 994 4137 placet
1009 4054 1124 4117 Stoicis
1146 4055 1280 4137 singulis
1302 4055 1442 4117 iecorum
1465 4051 1547 4116 fissis
1569 4063 1624 4118 aut
1638 4055 1744 4118 avium

411 4151 557 4214 cantibus
579 4150 732 4211 interesse
756 4148 866 4222 deum;
897 4167 1001 4231 neque
1024 4148 1107 4211 enirn
1130 4148 1280 4210 decorum
1304 4157 1353 4210 est
1381 4167 1439 4209 nec
1462 4147 1510 4212 dis
1533 4149 1663 4229 dignum
1688 4168 1785 4217 necso

413 4242 480 4306 fieri
504 4243 570 4305 ullo
594 4250 684 4325 pacto
707 4249 831 4324 potest:
861 4242 916 4303 sed
940 4242 982 4303 ita
1006 4261 1022 4302 a
1045 4242 1202 4323 principio
1226 4241 1408 4304 inchoatum
1431 4262 1501 4304 esse
1519 4240 1689 4315 muudum,
1712 4248 1747 4303 ut

413 4338 506 4399 certis
530 4336 624 4398 rebus
646 4344 732 4398 certa
755 4336 843 4416 signa
866 4343 1122 4416 praecurrerent,
1144 4333 1207 4396 alia
1230 4335 1262 4396 in
1286 4335 1380 4407 extis,
1402 4335 1463 4397 alia
1486 4335 1518 4397 in
1541 4335 1661 4408 avibus,
1684 4334 1746 4398 alia

412 4431 444 4493 in
465 4430 661 4512 fulgoribus,
684 4429 746 4491 alia
768 4429 801 4489 in
825 4428 975 4499 ostentis,
998 4427 1061 4490 alia
1082 4428 1115 4490 in
1138 4426 1248 4502 stellis,
1270 4428 1332 4491 alia
1354 4428 1385 4490 in
1410 4429 1634 4491 somniantium
1657 4428 1750 4503 visis,

478 4702 501 4751 t.
521 4700 620 4761 quidem
637 4700 656 4747 B
675 4712 732 4762 sup.
753 4698 796 4747 lin.
817 4725 843 4733 -
868 4700 965 4747 notiam
984 4699 1019 4746 C:
1038 4703 1125 4746 emtam
1143 4695 1200 4746 v²0
1222 4724 1249 4734 —
1273 4699 1296 4746 3.
1315 4699 1380 4747 enim
1397 4711 1451 4747 oni.
1470 4698 1492 4747 Η
1512 4723 1539 4731 -
1563 4698 1625 4747 tiber
1641 4697 1673 4746 ab
1690 4711 1744 4747 sen-

413 4777 478 4827 sibus
495 4777 610 4836 omnique
631 4775 739 4837 scripsi:
763 4774 873 4834 tiberqae
895 4773 1011 4836 (libetque
1029 4774 1062 4834 ll)
1086 4772 1197 4822 sensibus
1218 4772 1250 4821 ab
1271 4776 1338 4822 omni
1363 4775 1396 4829 C,
1421 4774 1531 4834 liberque
1548 4778 1582 4822 est
1599 4773 1708 4821 sensibus
1723 4780 1747 4823 st

414 4855 480 4903 omni
498 4854 643 4915 praeeunte
662 4864 693 4897 es
712 4852 787 4911 parte
806 4850 909 4898 Davisio
928 4849 1111 4907 timorato,
1131 4848 1164 4897 cl.
1183 4849 1214 4907 tl,
1229 4848 1285 4910 §il
1305 4873 1331 4883 —
1352 4849 1375 4899 l.
1395 4849 1538 4898 omiiibnsv
1559 4875 1584 4884 -
1604 4850 1628 4897 5.
1648 4851 1673 4896 in
1691 4862 1744 4899 oni.

414 4930 435 4978 Η
455 4954 480 4963 -
501 4927 525 4976 6,
544 4925 696 4985 modicisque
713 4925 731 4972 B
750 4937 818 4972 corr.
838 4937 874 4972 m.
893 4924 908 4971 2
926 4924 1110 4984 armandique
1128 4949 1155 4958 -
1175 4924 1199 4972 7.
1218 4924 1318 4986 caipilet
1336 4924 1356 4972 ll
1377 4951 1403 4959 -
1427 4925 1451 4973 8.
1470 4924 1509 4971 hic
1527 4924 1592 4972 CO:
1613 4923 1671 4973 tort.
1690 4924 1747 4973 hinc

416 5030 442 5040 —
461 5003 485 5053 9.
500 5000 641 5062 antiphonis
657 4999 690 5058 C,
710 4998 757 5048 sed
776 5012 857 5062 supra
873 4999 928 5059 §39
945 4999 1098 5061 antiphontis
1116 5024 1143 5036 -
1162 5000 1324 5048 oraculorum
1335 5000 1383 5048 Ao
1395 5025 1423 5034 -
1443 5001 1483 5048 t0.
1497 5003 1554 5047 sant
1570 4999 1747 5061 explanatores

414 5079 528 5129 Ernesti:
548 5081 604 5125 siant
621 5074 686 5123 enim
703 5075 879 5135 explanatores
891 5075 924 5129 (ῖς
943 5079 1000 5123 sant
1016 5076 1081 5123 enim
1097 5074 1188 5123 haram
1204 5088 1291 5123 rernm
1307 5075 1411 5137 capion.
1430 5073 1584 5134 Lambinus,
1598 5074 1670 5137 quod
1683 5088 1747 5137 pro-

413 5152 477 5202 bare
496 5149 591 5210 nolim,
615 5163 676 5199 cunr
694 5151 825 5214 Antiphon
848 5151 1014 5199 somniorum
1035 5149 1267 5212 interpretationes
1285 5152 1434 5213 scripserit,
1459 5151 1674 5200 vaticinationum
1693 5165 1746 5201 non

414 5230 492 5286 item;
518 5229 543 5277 in
563 5228 669 5288 recepta
689 5229 778 5274 autent
796 5223 911 5274 lectione
934 5224 1018 5273 verba
1042 5226 1173 5285 eodemque
1189 5226 1262 5273 mado
1282 5225 1316 5274 ad
1334 5238 1380 5286 ea,
1404 5239 1473 5288 quae
1491 5225 1668 5289 praecedunt,
1693 5240 1745 5276 non

414 5302 446 5351 ad
464 5316 510 5359 ea,
529 5313 597 5363 quoe
615 5304 772 5362 sequuntur,
792 5299 873 5351 relata
892 5312 952 5349 esse
970 5299 1043 5357 volo,
1062 5313 1113 5362 qua
1132 5298 1166 5348 de
1184 5312 1264 5349 causa
1282 5313 1325 5349 vv.
1344 5305 1371 5348 nt
1387 5302 1550 5363 grammatici
1564 5308 1696 5363 poetaram
1713 5314 1746 5351 ex

414 5377 469 5440 §at
487 5374 642 5439 interpolata
661 5378 733 5424 ratus
752 5377 826 5425 uncis
843 5374 945 5424 inclusi.
967 5402 994 5411 -
1022 5377 1060 5424 tt.
1079 5380 1103 5424 at
1124 5387 1178 5424 om.
1197 5374 1306 5434 lamb..
1325 5377 1354 5424 ut
1371 5377 1484 5425 lortinns
1502 5379 1609 5426 monuit.
1630 5403 1657 5412 -
1682 5391 1707 5426 es
1723 5382 1747 5427 et

413 5454 508 5515 [mam
527 5451 548 5500 ll
574 5476 601 5484 -
627 5451 666 5499 ii.
685 5452 733 5500 nist
750 5452 836 5500 eadem
852 5452 972 5500 docuisset
989 5464 1042 5499 nm.
1063 5451 1084 5499 Η
1108 5476 1134 5485 -
1162 5449 1200 5500 43.
1219 5452 1353 5513 nonnique
1370 5452 1390 5500 ll
1417 5477 1441 5485 -
1473 5451 1511 5502 tl.
1530 5453 1670 5501 mannans
1686 5454 1746 5513 qaid

414 5529 468 5578 AB:
487 5528 629 5576 materians
639 5526 700 5586 qaid
718 5527 752 5584 Η,
766 5527 890 5576 madreia
901 5527 930 5575 de
942 5527 1002 5588 qaid
1014 5526 1045 5585 V,
1063 5526 1172 5575 materia
1189 5527 1275 5575 dnnde
1292 5527 1352 5589 qaid
1370 5524 1434 5586 ΨΟ,
1452 5528 1590 5576 materiave
1607 5528 1745 5591 quidquam

415 5602 517 5665 iladvig
541 5628 565 5637 -
593 5603 632 5649 t5.
651 5604 811 5651 consectionis
829 5603 899 5651 Bi't:
923 5602 1084 5663 confectiones
1101 5602 1161 5663 hV,
1185 5602 1343 5664 consectionis
1361 5602 1396 5660 ll,
1421 5603 1612 5652 consectionibus
1628 5602 1745 5653 malebat

415 5679 575 5728 Davisius-
596 5676 760 5727 habeamus?
777 5679 796 5726 0
813 5704 834 5712 -
859 5678 898 5726 ia.
912 5678 937 5725 di
949 5673 990 5725 ΑΗ
1011 5678 1046 5725 dii
1058 5678 1105 5727 (ΣΟ
1120 5701 1145 5710 -
1168 5677 1207 5726 tv.
1223 5679 1333 5727 oraculis
1344 5679 1389 5727 lit)
1404 5704 1430 5711 -
1451 5678 1490 5728 ⁴9.
1504 5682 1588 5727 autem
1598 5683 1668 5726 antes
1679 5678 1741 5737 (orn.

416 5753 467 5813 aut)
481 5753 501 5801 Η
523 5778 547 5786 -
568 5753 608 5800 tt.
628 5757 684 5800 sant
700 5752 760 5800 hoec
773 5756 801 5801 nt
817 5779 842 5787 -
862 5752 903 5801 Ἠ.
923 5753 1025 5801 deam
1041 5767 1059 5801 c
1076 5758 1099 5801 te
1115 5753 1221 5801 secando
1237 5754 1301 5802 libro
1317 5753 1409 5813 eapite.
1428 5754 1448 5802 0
1466 5766 1526 5803 cum
1547 5754 1700 5815 llottingero
1715 5779 1740 5788 —

416 5827 456 5877 2³.
476 5828 625 5876 insecundo
643 5829 663 5876 ll
685 5853 710 5863 -
732 5827 771 5877 at.
792 5827 884 5876 sunta
904 5852 930 5862 -
951 5833 1014 5877 tenet
1032 5828 1053 5877 H
1073 5853 1100 5865 -
1121 5827 1162 5877 26.
1181 5830 1313 5878 uniuersas
1331 5830 1360 5877 V¹
1375 5854 1401 5864 -
1422 5829 1461 5878 27.
1481 5841 1553 5889 quem
1569 5829 1593 5876 iti
1611 5827 1742 5888 quidenill

418 5928 444 5938 -
463 5903 504 5953 29.
523 5901 641 5965 iecorum]
658 5916 745 5952 eoram
762 5903 782 5951 lt
803 5926 831 5938 -
851 5902 892 5954 st.
910 5904 1031 5953 saudan
1047 5915 1098 5955 erse
1115 5903 1136 5955 Η
1155 5928 1183 5940 -
1205 5904 1247 5955 ³2.
1261 5908 1488 5967 praecucurrerant
1505 5903 1527 5955 ii
1544 5929 1576 5941 -
1597 5902 1638 5954 33.
1655 5902 1743 5969 Μαυ-

416 5977 520 6030 sibero
540 6005 566 6017 -
584 5979 639 6030 atta
654 5979 681 6027 in
696 5978 772 6029 anuis
788 5978 887 6029 omit.
