4342 7459
270 1117 289 1164 b

275 1302 278 1312 .
367 1245 429 1312 558
858 1249 913 1314 uti
936 1245 1202 1314 DIVINATIONE

366 1410 486 1473 Tamen
511 1427 605 1471 nemo
636 1415 701 1484 est,
732 1409 810 1491 quin
838 1428 934 1493 suepe
962 1410 1083 1475 iactans
1106 1410 1275 1475 Venerium
1296 1412 1391 1477 iaciat
1412 1410 1602 1498 aliquando,
1630 1427 1698 1478 non

365 1520 538 1586 numquam
569 1503 663 1565 etiam
691 1502 807 1565 iterum
835 1520 872 1566 ac
898 1505 1036 1567 tertium.
1080 1506 1162 1568 Num
1184 1505 1293 1588 igitur,
1316 1514 1350 1570 ut
1370 1506 1485 1591 inepti,
1507 1508 1640 1572 Veneris
1662 1508 1697 1573 id

364 1596 493 1680 inpulsu
522 1595 591 1659 lieri
620 1596 776 1659 malumus
805 1616 902 1680 quam
924 1617 999 1660 casu
1021 1596 1149 1662 diceret
1194 1597 1337 1674 Quodsi
1360 1602 1474 1665 ceteris
1497 1601 1696 1687 temporibus

363 1690 452 1755 falsis
473 1690 551 1753 visis
573 1688 768 1753 eredendum
790 1710 855 1754 nun
879 1698 937 1765 est,
959 1710 1023 1754 non
1045 1692 1139 1755 video
1154 1693 1231 1775 quid
1246 1694 1412 1777 praecipui
1428 1713 1556 1761 somnus
1571 1692 1697 1771 habeat,

342 1786 396 1849 ein
419 1804 483 1868 qnu
504 1783 629 1848 valeant
650 1783 730 1848 falsa
753 1804 811 1867 pro
834 1785 928 1848 cerie.
972 1781 1044 1848 444.
1069 1784 1163 1861 Quod
1186 1786 1213 1849 si
1235 1786 1280 1850 ita
1300 1794 1414 1852 natura
1434 1795 1578 1872 paratum
1600 1794 1697 1864 esset,

363 1888 399 1944 ut
420 1899 458 1943 ea
480 1877 673 1943 dormientes
694 1888 840 1962 agerent,
863 1897 946 1963 quae
968 1880 1178 1953 somniarent,
1200 1878 1351 1962 alligandi
1372 1901 1483 1947 omues
1500 1890 1622 1958 essent,
1638 1882 1695 1968 qui

363 1975 502 2039 cubitum
531 1972 623 2035 irent.
671 1973 806 2037 Maiores
836 1975 919 2036 euim
950 1993 1045 2056 quam
1075 1972 1133 2036 ulli
1163 1974 1268 2036 insani
1297 1970 1459 2040 efficerent
1481 1984 1586 2041 mutus
1609 1994 1695 2040 som·

361 2072 497 2135 uiantes.
527 2065 621 2143 Quod
644 2066 671 2129 si
693 2069 875 2131 insanumm
900 2066 976 2130 visis
998 2063 1077 2130 fides
1098 2086 1162 2131 nou
1182 2074 1231 2130 est
1245 2067 1407 2145 habenda,
1422 2070 1500 2154 quia
1513 2067 1594 2135 lalsa
1608 2077 1695 2146 sunt,

362 2183 421 2229 eur
447 2161 595 2226 credatur
622 2160 848 2223 somniantium
877 2160 971 2235 visis,
999 2180 1083 2245 quae
1113 2160 1211 2225 multo
1238 2163 1332 2225 etiam
1355 2164 1588 2247 perturbatiora
1609 2172 1695 2241 sunt,

325 2273 428 2325 eonon
448 2256 609 2337 intellego.
639 2255 687 2331 An
711 2253 799 2338 quod
819 2254 923 2318 insani
946 2273 1004 2318 sua
1024 2254 1093 2317 risa
1115 2255 1291 2319 coniectori
1313 2275 1378 2321 non
1400 2265 1543 2335 narrant,
1565 2266 1695 2323 nmrant

362 2354 419 2439 qni
441 2349 703 2417 somniaverunt?
740 2349 867 2424 Quaero
890 2348 1002 2423 etiam,
1025 2350 1052 2412 si
1074 2348 1168 2412 velim
1192 2349 1332 2413 scribere
1354 2352 1432 2436 quid
1448 2360 1503 2417 aut
1516 2353 1623 2438 legere
1639 2362 1697 2418 ant

362 2466 476 2513 canere
490 2444 540 2508 vel
557 2462 634 2507 voce
649 2443 700 2506 cel
722 2439 855 2517 fidibus,
877 2451 933 2506 aut
954 2442 1181 2525 geometricum
1203 2442 1355 2527 quiddam
1378 2452 1433 2509 aut
1453 2448 1621 2533 physicum
1638 2456 1696 2512 ant

362 2540 563 2607 dialecticum
585 2537 760 2621 explicare,
786 2538 986 2601 somniumne
1007 2533 1255 2621 exspectandum
1289 2538 1331 2601 sit
1358 2558 1399 2602 nn
1429 2558 1480 2605 ars
1502 2540 1694 2616 adhibenda,

362 2637 432 2701 sine
453 2653 519 2719 qua
539 2630 619 2695 nibil
641 2649 750 2693 earum
773 2649 877 2693 rerum
887 2648 959 2702 mec
981 2627 1048 2693 fieri
1071 2650 1132 2694 neo
1157 2631 1302 2713 expediri
1324 2636 1449 2718 potestl
1482 2635 1580 2720 Atqui
1602 2634 1694 2698 nesi

324 2743 353 2793 ta
361 2729 510 2812 navigare
533 2723 663 2811 quidem
686 2724 794 2798 velim,
824 2724 866 2787 ita
888 2723 1080 2807 gubernem,
1111 2730 1146 2786 ut
1166 2725 1409 2804 somniaverim
1439 2743 1591 2811 praesens
1608 2728 1693 2791 enim

361 2841 468 2908 poene
498 2821 548 2884 sit.
598 2813 670 2881 443.
700 2818 763 2894 Qui
792 2818 891 2901 igitur
916 2819 1064 2881 convenit
1093 2833 1204 2901 aegros
1236 2837 1254 2881 a
1286 2820 1466 2885 coniectore
1494 2822 1693 2886 somniorum

361 2916 586 3002 potiusquam
608 2931 627 2975 a
649 2911 772 2975 medico
794 2919 901 2996 petere
923 2912 1136 2976 medicinam?
1172 2914 1222 2973 An
1243 2912 1471 2998 Aesculapius,
1500 2934 1541 2980 an
1564 2914 1694 2999 Serapis

361 3015 467 3095 potest
486 3007 580 3071 nobie
601 3005 817 3090 praescribere
839 3025 899 3088 per
920 3007 1077 3070 somnium
1094 3006 1290 3071 curationem
1306 3007 1513 3083 valetudinis,
1527 3010 1693 3094 Neptunus

361 3101 610 3187 gubernantibus
639 3118 704 3163 uon
734 3102 864 3183 potent
900 3106 932 3163 et
962 3100 1030 3163 sine
1059 3099 1181 3163 medico
1212 3097 1402 3164 medicinam
1432 3101 1519 3166 dabit
1540 3104 1692 3178 biiuerva,

321 3199 469 3262 ”Musae
491 3193 668 3268 scribendi,
690 3194 836 3275 legendi,
859 3202 1031 3257 ceterarum
1053 3194 1169 3256 artium
1188 3193 1352 3258 scientiam
1374 3196 1605 3261 somniantibus
1626 3215 1692 3260 non

361 3289 505 3355 dabuutl
533 3290 574 3351 at
595 3289 622 3352 si
645 3289 765 3351 curatio
787 3288 915 3351 daretur
936 3286 1142 3361 valetudinis,
1164 3287 1244 3351 baec
1263 3307 1402 3373 quoque,
1425 3301 1507 3373 quae
1530 3287 1613 3366 dixi,
1635 3290 1692 3354 da·

360 3392 489 3459 rentur3
523 3400 607 3467 quae
634 3381 784 3463 quoniam
812 3400 877 3444 nou
906 3381 1037 3455 dantur,
1068 3380 1226 3445 medicina
1250 3401 1316 3446 non
1344 3384 1453 3459 datur,
1484 3396 1547 3470 qua
1568 3382 1692 3449 sublata

359 3477 483 3541 tollitur
503 3476 607 3539 omnis
629 3476 799 3539 auotoritas
821 3475 1026 3538 somniorum.

445 3570 511 3632 Lx.
534 3565 606 3631 444.
629 3568 692 3632 Sed
711 3572 790 3632 haee
804 3569 828 3650 †
843 3587 972 3653 quoque
993 3569 1027 3631 in
1048 3576 1198 3651 promptu
1220 3565 1359 3634 fuerint:
1380 3590 1465 3635 nunc
1479 3572 1629 3637 interiora
1643 3571 1691 3637 ei·

323 3661 500 3731 sedeamus.
529 3664 593 3725 Aut
614 3663 698 3726 enim
721 3662 826 3726 divina
848 3664 897 3726 vis
919 3663 1074 3746 quaedam
1090 3661 1258 3726 consulens
1273 3663 1366 3727 nubis
1381 3664 1577 3729 somniorum
1592 3663 1690 3749 signi·

360 3757 525 3821 ficationes
546 3755 637 3831 lacit,
659 3764 715 3820 aut
736 3758 931 3820 coniectores
954 3775 995 3818 ex
1010 3756 1156 3840 quadam
1179 3758 1401 3822 convenientia
1417 3767 1449 3823 et
1464 3757 1688 3823 coniunctione

359 3860 499 3924 naturae,
520 3869 616 3934 quam
631 3858 745 3913 vocant
764 3851 982 3933 συμπάθειαν,
998 3850 1075 3934 quid
1091 3849 1208 3932 cuique
1223 3849 1268 3913 rei
1284 3853 1450 3916 conveniat
1475 3850 1529 3937 [ex
1544 3848 1688 3936 somniis]

360 3945 490 4030 etquid
514 3962 674 4027 quamque
696 3961 762 4007 rem
785 3950 937 4027 sequatur
958 3942 1157 4025 intellegunt,
1179 3951 1234 4006 aut
1255 3962 1364 4007 eornm
1386 3954 1534 4010 neutrum
1551 3954 1615 4023 est,
1631 3945 1688 4010 sed

360 4037 516 4123 quaedam
539 4038 715 4101 observatio
738 4046 884 4101 constans
907 4044 1003 4121 atque
1025 4036 1176 4100 diuturna
1199 4045 1263 4112 est,
1279 4058 1351 4101 cum
1367 4039 1444 4122 quid
1460 4040 1562 4102 risum
1577 4060 1691 4104 seeun-

321 4135 436 4202 sodum
458 4133 596 4216 quietem
619 4132 675 4205 sit,
698 4131 776 4214 quid
799 4132 926 4194 evenire
948 4139 979 4193 et
1001 4130 1079 4213 quid
1102 4132 1195 4213 sequi
1219 4132 1327 4195 soleat.
1364 4134 1502 4195 Primum
1526 4134 1622 4216 igitur
1642 4136 1691 4196 in·

358 4225 573 4311 teilegendum
597 4234 646 4287 est
666 4225 786 4287 nullam
810 4226 871 4288 vim
895 4243 966 4288 esse
988 4224 1127 4287 divinam
1143 4226 1333 4289 effectricem
1349 4228 1554 4290 somniorum.
1583 4230 1689 4311 Atque

358 4322 439 4385 illud
462 4318 588 4403 quidem
611 4319 815 4401 perspicuum
838 4326 900 4393 est,
922 4318 1010 4381 nulla
1032 4318 1101 4380 visa
1123 4319 1316 4383 somniorum
1338 4318 1495 4403 proficisci
1518 4338 1537 4384 a
1558 4323 1689 4385 numine

359 4415 514 4489 deomm3
549 4421 656 4477 nostra
679 4413 764 4476 enim
787 4432 882 4476 causa
904 4413 935 4476 di
958 4413 992 4475 id
1020 4411 1177 4486 iacerent,
1205 4421 1240 4475 ut
1261 4413 1428 4497 providere
1450 4414 1555 4479 futura
1578 4433 1688 4498 posse·

359 4529 439 4572 mus.
484 4504 555 4570 tto.
579 4508 702 4581 Quotus
722 4508 885 4592 igiturest
906 4507 1061 4590 quisque,
1077 4506 1132 4588 qui
1149 4507 1283 4570 somniis
1298 4515 1424 4590 pareat,
1446 4509 1501 4592 qui
1516 4509 1689 4593 intellegat,

318 4605 414 4686 sequi
438 4602 633 4666 meminerit?
656 4621 753 4685 quum
768 4601 859 4664 multi
876 4621 965 4675 vero,
983 4602 1038 4681 qui
1059 4607 1260 4662 contemnant
1279 4621 1411 4685 eamque
1431 4600 1688 4684 superstitionem

358 4696 498 4759 inbecilli
519 4694 617 4757 animi
640 4702 735 4778 alque
757 4695 850 4758 anilis
873 4695 1006 4777 putenti
1046 4693 1132 4766 Quid
1156 4706 1202 4759 est
1223 4696 1336 4777 igitur,
1359 4716 1415 4759 cur
1437 4696 1485 4759 his
1507 4695 1688 4759 bominibus

358 4789 528 4853 consulens
552 4788 630 4852 deus
653 4790 783 4853 somniis
806 4796 935 4851 moneat
955 4807 1024 4861 eos,
1047 4788 1103 4870 qui
1125 4787 1180 4850 illa
1198 4807 1261 4851 uon
1278 4788 1373 4851 modo
1389 4809 1480 4862 cura,
1496 4790 1552 4853 sed
1568 4812 1609 4854 ne
1623 4809 1690 4853 me·

358 4885 458 4947 moria
481 4882 610 4965 quidem
633 4883 727 4964 digna
748 4882 888 4945 ducaut‘l
919 4885 984 4944 Nec
1005 4882 1091 4943 enim
1113 4883 1258 4963 ignorare
1273 4882 1352 4945 deus
1368 4890 1487 4964 potest,
1503 4904 1567 4967 qua
1582 4891 1688 4947 mente

358 4978 497 5062 quisque
519 4977 580 5050 sit,
603 4996 661 5038 nee
682 4975 798 5038 trustra
822 4995 858 5038 ac
881 4976 950 5039 siue
973 4995 1068 5039 eausa
1084 4976 1161 5059 quid
1177 4975 1282 5038 lacere
1298 4975 1427 5059 dignum
1444 4978 1503 5040 deo
1519 4984 1581 5052 est,
1600 4976 1686 5062 quod

357 5069 508 5135 abhorret
530 5070 623 5133 etiam
646 5069 685 5132 ab
707 5069 845 5133 hominis
868 5071 1054 5133 constantia.
1085 5070 1132 5132 lta
1155 5069 1182 5133 si
1204 5069 1357 5153 pleraque
1380 5068 1505 5135 somnia'
1524 5077 1578 5136 aut
1599 5072 1689 5156 igno·

423 5285 447 5335 l.
466 5285 619 5334 tonctcasA
639 5308 667 5319 ·-
692 5283 716 5332 4.
734 5297 815 5334 cuneo
831 5281 863 5333 Al
881 5309 907 5319 -
937 5286 961 5335 6.
980 5290 1080 5349 egerent
1096 5286 1127 5335 ΑΙ
1146 5310 1173 5321 -
1199 5285 1223 5334 9.
1242 5285 1286 5348 qut
1303 5286 1335 5332 V²
1353 5309 1380 5321 -
1402 5284 1601 5348 perturbatores
1615 5286 1639 5335 V
1657 5310 1685 5322 -

356 5362 396 5412 48.
415 5361 549 5425 manen
564 5359 733 5423 Wesenberg
755 5360 789 5410 ed
811 5362 878 5411 sest.
898 5374 924 5425 p.
935 5359 981 5411 ts:
1007 5360 1174 5424 godemarem
1191 5361 1238 5411 CO
1265 5384 1292 5396 -·
1320 5361 1361 5410 to.
1380 5362 1441 5423 quid
1455 5362 1573 5425 igiturv
1593 5388 1620 5399 -
1645 5361 1685 5412 48.

354 5436 500 5486 4484484444
515 5435 572 5490 sz
591 5435 625 5485 cl.
645 5436 654 5484 Ι
672 5435 726 5498 584
749 5460 776 5471 -
801 5438 841 5486 ts.
854 5441 878 5486 et
895 5438 947 5485 eine
964 5435 1024 5487 eod.
1044 5434 1143 5486 baillol.
1162 5436 1273 5485 Davisii:
1297 5440 1320 5485 et
1331 5436 1351 5483 st
1362 5436 1415 5485 eise
1431 5436 1450 5485 C
1476 5460 1503 5472 -
1530 5436 1571 5486 ao.
1589 5442 1687 5487 444444·

354 5524 461 5574 rumque
478 5511 508 5571 V,
527 5510 576 5560 sed
593 5523 640 5572 que
656 5522 715 5575 sup.
729 5509 773 5560 liu.
793 5535 820 5546 -
840 5512 1017 5562 squalentibus
1033 5516 1052 5561 Α
1071 5539 1103 5548 -
1120 5510 1162 5562 st.
1181 5523 1279 5575 quoque
1297 5511 1330 5561 C:
1350 5512 1440 5574 meique
1456 5508 1585 5571 Herelius,
1604 5523 1686 5574 quem

355 5586 478 5638 relutavit
495 5585 642 5649 Madvigius
659 5584 693 5635 ad
711 5588 764 5636 Cic.
785 5586 818 5636 de
837 5588 900 5636 tinn.
919 5599 945 5650 p.
959 5587 1004 5647 48,
1023 5586 1081 5636 tort
1101 5586 1199 5646 quidem
1223 5611 1249 5620 -
1273 5591 1417 5649 promptum
1433 5587 1463 5636 B¹
1482 5612 1509 5621 -
1533 5586 1628 5647 suniat
1646 5588 1684 5637 C:

355 5661 458 5712 unctuls
475 5659 580 5711 inclusit
596 5662 629 5720 Ο,
652 5666 710 5710 sant
727 5660 805 5710 codd.
824 5663 920 5725 interp.
940 5661 1035 5711 Moneri
1060 5686 1087 5695 -
1112 5661 1152 5709 47.
1171 5661 1330 5721 4444444444
1347 5661 1410 5722 AV,
1432 5660 1600 5723 sympathiam
1618 5661 1636 5711 B
1655 5684 1683 5695 -

355 5735 462 5797 quicque
478 5746 546 5784 corr.
560 5736 585 5784 in
603 5736 662 5797 quid
678 5736 767 5797 estque
784 5736 803 5785 B
823 5762 850 5771 -
868 5748 902 5785 ec
917 5736 1019 5783 somniis
1035 5732 1143 5782 delebat
1155 5735 1275 5785 Davisius
1295 5761 1322 5771 -
1341 5735 1382 5785 48.
1401 5736 1536 5797 qusquam
1552 5746 1600 5797 que
1616 5733 1645 5783 n*
1656 5758 1683 5769 -

357 5809 397 5860 30.
415 5811 447 5859 stt
463 5811 497 5860 C:
517 5814 554 5860 est
569 5810 645 5860 tisim
664 5836 692 5846 -
711 5814 735 5860 et
754 5822 808 5860 om.
826 5808 855 5860 B¹
874 5836 900 5845 -
920 5810 961 5860 34.
980 5811 1076 5860 nullm
1092 5810 1145 5860 uim
1160 5812 1315 5861 somntcratm
1332 5812 1363 5859 V¹
1381 5834 1409 5848 -·
1427 5810 1593 5874 pmsctwsut
1608 5810 1641 5857 Αι
1654 5831 1683 5844 -

357 5883 664 5949 48444444444441-
684 5883 1104 5951 mosell,sedqsesup.lln.
1126 5910 1152 5922 —
1176 5885 1394 5938 ttcsrotv-
1414 5883 1616 5947 8844444444,
1634 5880 1685 5932 sed

358 5959 418 6010 oin
434 5971 488 6010 ras.
