4342 7459
742 1282 810 1346 ns.
832 1280 886 1345 m.
917 1279 991 1346 cn.
1011 1277 1153 1345 x-xr.
1179 1278 1225 1365 §t
1247 1276 1392 1345 ar-es.
1667 1269 1723 1340 rrr

407 1473 472 1517 non
495 1452 729 1536 comparatione
751 1473 822 1515 cnm
844 1451 928 1527 aliis,
951 1450 1045 1516 dulce
1067 1471 1137 1516 esse
1152 1452 1298 1527 sentitur,
1320 1451 1367 1516 sic
1381 1451 1499 1514 bonum
1514 1450 1588 1525 boc,
1610 1450 1650 1513 de
1664 1469 1729 1533 quo

408 1549 544 1631 agimus,
567 1555 616 1610 est
636 1547 714 1610 illud
737 1546 865 1630 quidem
887 1547 1014 1628 plurimi
1032 1546 1276 1622 aestimandum,
1299 1546 1354 1610 sed
1370 1567 1408 1610 ea
1425 1546 1600 1610 aestimatio
1614 1564 1729 1628 genere

407 1642 506 1716 valet,
528 1662 591 1705 non
607 1640 831 1724 magnitudine.
863 1641 941 1702 Nam
964 1660 1035 1703 cum
1058 1640 1249 1715 aestimatio,
1272 1660 1355 1724 quae
1377 1636 1452 1719 ἀξία
1474 1640 1601 1714 dicitur,
1624 1659 1730 1722 neque

408 1737 441 1800 in
464 1737 557 1800 bonis
579 1743 744 1799 numerata
766 1736 805 1797 sit
826 1753 884 1796 nec
906 1754 1016 1797 rursus
1033 1736 1065 1797 in
1083 1735 1184 1810 malis,
1201 1743 1491 1819 quantumcumque
1507 1754 1545 1797 eo
1560 1732 1731 1808 addideris,

408 1832 442 1894 in
465 1852 523 1895 suo
545 1850 661 1914 genere
683 1828 832 1892 manebit
869 1828 940 1890 Alia
962 1838 1010 1892 est
1031 1830 1129 1912 igitur
1149 1830 1275 1913 propria
1297 1829 1473 1892 aestimatio
1487 1829 1625 1903 vinulis,
1647 1834 1753 1911 quael

409 1947 538 2009 genere,
564 1946 629 1990 non
660 1923 832 1988 crescendo
858 1924 952 1985 valet
995 1920 1046 1985 35.
1073 1925 1138 1986 Nec
1163 1943 1238 1986 vero
1268 1922 1521 2005 perturbationes
1542 1922 1730 1994 animorum,

410 2040 492 2105 qnae
510 2022 605 2083 vitam
624 2017 842 2101 insipientium
857 2017 1001 2080 miserem
1017 2015 1228 2100 acerbamque
1241 2015 1392 2089 reddunt,
1415 2036 1494 2100 quas
1508 2015 1619 2079 Graeci
1632 2007 1730 2091 πάθη

409 2113 583 2198 appellant,
605 2120 747 2195 poteram
770 2130 829 2193 ego
843 2110 973 2173 verbum
996 2111 1101 2193 ipsum
1118 2111 1327 2193 interpretans
1341 2109 1468 2172 morbos
1483 2108 1653 2193 appellare,
1675 2106 1731 2171 sed

408 2227 473 2271 non
496 2207 679 2270 conveniret
700 2205 739 2267 ad
761 2204 883 2267 omniur
908 2204 979 2287 quis
995 2205 1079 2266 enim
1095 2203 1341 2267 misericordiam
1355 2211 1411 2266 aut
1425 2204 1525 2285 ipsam
1539 2201 1732 2265 iracundiam

410 2301 551 2364 morbum
575 2299 657 2364 solet
679 2300 808 2363 dicere‘l
830 2298 931 2361 atilli
955 2298 1065 2361 dicunt
1085 2293 1219 2373 πάθοςτ
1246 2297 1288 2360 sit
1309 2297 1404 2380 igitur
1424 2296 1628 2380 perturbatio,
1650 2303 1769 2378 quae⁴⁰

409 2395 538 2457 nomine
564 2396 634 2475 ipso
655 2394 770 2456 vitiosa
792 2391 945 2455 declarari
968 2390 1093 2455 videtur
1121 2388 1191 2475 [nec
1213 2410 1270 2454 eae
1296 2392 1551 2474 perturbationes
1571 2392 1603 2454 vi
1624 2388 1733 2472 aliqua

409 2487 544 2551 naturali
567 2482 763 2568 moventur],
786 2504 961 2569 omnesque
983 2504 1040 2548 eae
1058 2494 1132 2548 sunt
1146 2504 1262 2568 genere
1277 2493 1438 2570 quattuor,
1459 2484 1601 2568 partibus
1614 2483 1732 2565 plures,

411 2581 589 2664 aegritudo,
611 2580 763 2653 formido,
785 2579 900 2653 libido,
923 2599 1081 2663 quamque
1105 2579 1202 2643 Stoici
1224 2580 1380 2643 communi
1402 2580 1530 2643 nomine
1545 2575 1686 2659 corporis
1700 2583 1733 2638 et

411 2675 506 2738 animi
533 2669 658 2759 ἡδονήν
683 2674 857 2758 appeliant,
888 2691 948 2754 ego
970 2674 1053 2736 malo
1079 2673 1231 2736 laetitiam
1251 2673 1427 2757 appellare,
1456 2672 1547 2757 quasi
1568 2668 1732 2753 gestientis

411 2771 506 2832 animi
540 2770 708 2847 elationem
740 2767 966 2851 voluptariam:
1000 2768 1249 2849 perturbationes
1282 2776 1387 2832 autem
1419 2768 1508 2830 nulla
1537 2773 1669 2829 naturae
1700 2762 1769 2826 vin

412 2871 663 2937 commoventur,
692 2862 862 2945 omniaque
891 2880 930 2924 ee
959 2869 1033 2925 sunt
1062 2862 1230 2943 opiniones
1251 2882 1288 2925 ac
1310 2861 1425 2925 iudicia
1447 2860 1598 2925 levitatis:
1624 2859 1732 2940 itaque

411 2955 459 3018 bis
483 2957 611 3039 sapiens
633 2976 758 3038 semper
778 2954 911 3022 vacabit

495 3050 550 3111 xi.
572 3047 623 3112 36.
646 3050 747 3113 Omne
770 3058 889 3124 autem,
913 3049 997 3132 qnod
1018 3048 1185 3113 bonestum
1208 3050 1264 3125 sit,
1289 3049 1321 3111 id
1344 3069 1412 3112 esse
1434 3055 1562 3134 propter
1583 3068 1616 3112 se
1638 3069 1734 3133 expe·

414 3143 558 3218 tendum,
581 3162 747 3207 commune
769 3143 861 3206 nobis
884 3151 933 3207 est
954 3161 1025 3205 cum
1048 3143 1219 3207 multomm
1240 3144 1373 3207 aliorum
1388 3143 1647 3227 pbilosophorum
1662 3165 1734 3207 sen·

414 3239 529 3301 tentiis.
579 3239 707 3301 Praeter
735 3238 820 3300 enim
850 3244 914 3300 tres
943 3235 1139 3320 disciplinas,
1169 3258 1251 3322 quae
1277 3238 1426 3301 virtutem
1452 3257 1470 3301 a
1497 3258 1619 3301 summo
1647 3239 1771 3302 bono²⁰

413 3332 599 3407 excludunt,
628 3332 740 3395 ceteris
769 3330 915 3393 omnibns
947 3330 1147 3413 pbilosophis
1169 3332 1248 3396 baec
1270 3340 1318 3395 est
1338 3332 1455 3395 tuenda
1476 3332 1648 3408 sententia,
1670 3352 1735 3397 ma·

412 3426 496 3487 xime
511 3432 617 3488 tamen
631 3425 754 3499 Stoicis,
770 3425 824 3508 qui
841 3423 919 3486 nibil
935 3424 1021 3487 aliud
1037 3426 1069 3488 in
1085 3425 1240 3489 bonorum
1255 3446 1387 3489 numero
1402 3426 1463 3489 nisi
1480 3426 1647 3490 honestum
1664 3447 1734 3491 esse

412 3520 588 3582 voluerunt
626 3519 688 3581 Sed
709 3520 789 3582 haec
812 3519 939 3603 quidem
963 3526 1012 3580 est
1026 3517 1185 3600 perfacilis
1202 3527 1233 3582 et
1246 3520 1453 3603 perexpedita
1468 3519 1621 3584 defensio.
1654 3521 1734 3597 Quis

413 3620 460 3676 est
482 3613 566 3675 enim
593 3621 648 3676 aut
670 3613 742 3696 quis
773 3632 923 3695 umquam
946 3611 1006 3674 luit
1026 3618 1079 3673 aut
1100 3612 1230 3675 avaritia
1252 3620 1314 3675 tarn
1337 3612 1460 3676 ardenti
1482 3619 1536 3676 aut
1557 3622 1620 3677 tam
1643 3616 1735 3679 elfre-

412 3708 495 3769 natis
517 3706 758 3790 cupiditatibus,
784 3714 819 3767 ut
840 3704 972 3768 eandem
995 3706 1082 3768 illam
1103 3728 1184 3782 rem,
1206 3726 1301 3789 qnam
1322 3706 1456 3790 adipisci
1478 3708 1598 3771 scelere
1620 3708 1771 3791 quovislti

412 3801 503 3874 velit,
526 3822 588 3864 non
612 3800 717 3863 multis
740 3801 882 3884 partibus
906 3800 993 3862 malit
1014 3800 1054 3862 ad
1077 3820 1161 3874 sese,
1191 3802 1283 3864 etiarn
1306 3803 1391 3864 omni
1412 3802 1596 3885 impunitate
1617 3820 1734 3885 propo-

413 3895 486 3969 sita,
508 3896 576 3957 sine
597 3894 735 3957 facinore
759 3914 851 3977 quam
875 3892 931 3955 illo
953 3893 1047 3957 modo
1067 3894 1257 3976 perveniret
1293 3891 1344 3957 37.
1360 3894 1461 3970 Quam
1476 3915 1551 3958 vero
1566 3894 1733 3958 utilitatem

413 3997 467 4051 ant
489 4008 584 4072 quem
607 3988 743 4051 lmctum
766 3995 908 4070 petentes
930 3989 1012 4051 scire
1035 3989 1179 4070 cupimus
1200 3989 1270 4062 illa,
1292 4008 1373 4071 qnae
1395 3988 1519 4052 occulta
1539 3988 1632 4051 nobis
1650 3994 1733 4062 sunt,

413 4103 477 4167 qno
500 4081 594 4146 modo
617 4088 802 4144 moveantur
823 4082 1003 4164 quibusque
1026 4080 1065 4145 de
1089 4082 1192 4145 causis
1215 4101 1253 4144 ea
1274 4088 1438 4145 versentur
1458 4082 1492 4145 in
1514 4082 1626 4145 caelo‘t
1653 4082 1733 4158 Quis

414 4185 516 4240 autem
539 4186 601 4238 tam
624 4176 799 4258 agrestibus
822 4175 975 4237 institutis
997 4175 1088 4250 vivit,
1111 4184 1165 4238 aut
1186 4176 1258 4259 quis
1280 4184 1388 4239 contra
1407 4176 1511 4258 studia
1525 4185 1655 4239 naturae
1670 4184 1771 4238 tam³⁰

415 4271 614 4334 vehementer
635 4269 799 4342 obduruit,
822 4276 857 4330 ut
879 4290 897 4331 a
919 4268 1012 4331 rebus
1035 4269 1212 4352 cognitione
1228 4270 1331 4352 dignis
1353 4270 1519 4333 abhorreat
1532 4290 1651 4353 easque
1665 4271 1734 4333 sine

414 4365 576 4448 voluptate
600 4373 654 4426 aut
675 4364 808 4426 utilitate
832 4364 939 4445 aliqua
961 4383 1024 4425 non
1047 4365 1190 4448 requirat
1211 4373 1242 4426 et
1263 4384 1321 4446 pro
1343 4364 1442 4427 nibilo
1460 4368 1571 4448 putett
1594 4370 1647 4427 ant
1662 4366 1733 4448 quis

415 4467 462 4521 est
483 4461 537 4541 qni
561 4460 713 4521 maiorum
737 4465 791 4520 aut
805 4458 1022 4520 Africanorum
1037 4466 1092 4521 aut
1105 4460 1187 4533 eius,
1212 4478 1306 4541 quem
1324 4465 1356 4521 tu
1372 4461 1403 4522 in
1420 4479 1474 4521 ore
1489 4479 1614 4541 semper
1626 4458 1734 4531 babes,

414 4552 520 4640 proavi
546 4553 622 4626 mei,
646 4561 884 4636 ceterorumque
907 4552 1041 4614 virorum
1063 4552 1190 4615 fortium
1214 4559 1309 4636 atque
1332 4554 1416 4615 omni
1436 4553 1551 4615 virtute
1573 4561 1735 4636 praestan·

415 4646 491 4707 tium
514 4645 609 4719 lacta,
640 4647 741 4720 dicta,
771 4647 902 4708 consilia
924 4664 1118 4727 cognoscens
1140 4647 1227 4710 nulla
1248 4646 1353 4709 animo
1375 4643 1531 4710 afficiatur
1551 4647 1771 4730 voluptatctts

415 4736 464 4799 38.
489 4740 568 4813 Quis
597 4748 702 4802 autem
731 4740 865 4802 honesta
895 4740 927 4801 in
959 4738 1075 4802 familia
1100 4741 1263 4804 institutus
1285 4749 1317 4803 et
1338 4742 1488 4804 educatus
1510 4741 1647 4823 ingenue
1669 4758 1735 4802 non

479 4938 504 4986 Β.
523 4950 553 4986 eu
570 4937 766 4999 estimccioucq.
785 4935 805 4985 E
824 4963 851 4972 -
876 4935 900 4984 3.
919 4937 983 4985 acie
1000 4936 1049 4986 ΑΒ
1070 4963 1097 4973 -
1116 4936 1174 4985 dicit
1191 4938 1210 4986 Β
1230 4963 1256 4973 -
1275 4934 1299 4987 i.
1318 4937 1440 4987 necAB:
1458 4937 1619 4999 acqueo-
1636 4936 1734 5000 mseras]

415 5015 479 5061 risus
496 5015 585 5062 ΑΒ-
606 5014 629 5061 6.
647 5014 697 5062 Nec
712 5026 771 5061 vero
783 5010 844 5075 cet]
862 5011 955 5060 Totum
973 5012 1043 5061 irunc
1060 5009 1147 5061 locum
1160 5012 1193 5060 de
1211 5010 1290 5060 animi
1302 5010 1545 5074 perturbationibus
1557 5012 1644 5077 inepte
1656 5013 1735 5062 inter—

416 5089 531 5151 positum
554 5092 646 5138 censet
667 5087 824 5150 Madvigius,
850 5086 998 5136 eiciendum
1021 5086 1089 5135 Bake
1114 5085 1149 5134 ad
1166 5086 1220 5135 Cic.
1240 5084 1273 5135 de
1292 5086 1368 5148 Legg.
1388 5099 1413 5149 p.
1432 5086 1490 5137 262.
1515 5111 1542 5124 -
1568 5088 1592 5138 i.
1610 5088 1733 5138 redduci:

416 5162 536 5225 (quesn
548 5164 673 5212 declarari
689 5161 813 5225 eiecturi
830 5174 874 5211 nec
891 5162 910 5210 0
930 5188 957 5198 -
980 5174 1052 5225 grece
1065 5161 1139 5223 poibe
1159 5160 1237 5210 ΑΒΕ
1256 5186 1283 5196 -
1308 5160 1331 5208 9.
1349 5162 1489 5210 conueniret
1505 5162 1650 5213 Manutius:
1675 5177 1736 5213 corr-

415 5239 494 5287 uenici
512 5237 589 5288 codd.
612 5266 637 5275 -
656 5238 854 5287 mirericordiam
870 5250 923 5286 orn.
943 5236 976 5297 Β,
995 5237 1080 5299 spatio
1097 5248 1189 5284 vacuo.
1211 5261 1238 5271 -
1262 5235 1302 5284 to.
1318 5236 1408 5298 potitos
1423 5236 1471 5285 ΑΒ
1491 5262 1517 5272 -
1536 5238 1622 5303 igitur]
1640 5252 1699 5302 crgo
1715 5239 1734 5288 Β

418 5315 476 5372 [non
495 5312 522 5373 E)
543 5339 569 5348 -
590 5314 629 5362 ii.
648 5315 700 5375 ipso
716 5314 805 5361 oiibrc
822 5326 875 5362 om.
891 5314 909 5361 Β
928 5337 955 5347 -
975 5324 1019 5360 nec
1030 5337 1043 5348 -
1054 5337 1068 5347 -
1080 5316 1210 5361 mormius·
1225 5310 1314 5373 spuria
1331 5324 1391 5360 esse
1404 5311 1504 5374 primus
1517 5313 1580 5361 vidit
1592 5313 1735 5375 Madvigius

418 5411 445 5421 -
463 5400 508 5435 nec
528 5399 559 5434 cc
579 5400 592 5436 c
611 5387 797 5449 pe'riurbciioce
819 5388 857 5435 sui
878 5386 969 5444 ΑΒΕ;
994 5400 1037 5435 nec
1053 5387 1100 5436 boe
1117 5386 1314 5450 perturbationes
1329 5388 1354 5435 oi
1371 5388 1397 5437 0·
1410 5413 1437 5421 —
1457 5388 1497 5437 ta.
1516 5401 1559 5437 ece
1575 5387 1733 5449 Madvigius:

416 5461 458 5511 bec
469 5466 503 5520 G,
521 5462 568 5511 boc
579 5462 655 5511 codd.
670 5462 734 5512 deti.
749 5465 776 5510 et
787 5461 848 5510 cdd.
862 5463 922 5510 anie
935 5461 1081 5517 norisium:
1101 5462 1144 5511 tec
1155 5463 1214 5519 ΒΒ;
1233 5475 1287 5511 om.
1300 5464 1320 5511 Α
1334 5463 1367 5524 (in
1380 5474 1471 5512 rasura
1484 5464 1561 5511 unius
1573 5460 1701 5520 vocabuli)
1715 5462 1734 5511 0

419 5563 445 5573 -
461 5537 499 5585 43.
512 5538 610 5598 firmido
626 5537 673 5585 ΒΒ
689 5564 715 5572 -
736 5535 775 5586 ii.
788 5534 882 5584 bodoni
894 5537 927 5587 A:
946 5535 1053 5585 ledones
1071 5538 1089 5585 Β
1104 5564 1130 5574 -
1151 5538 1189 5586 iu.
1204 5538 1305 5587 Omnem
1321 5540 1434 5587 cutem
1449 5564 1477 5575 -
1497 5538 1538 5586 22.
1551 5536 1640 5585 Stoicis
1652 5535 1736 5585 becb-

418 5614 531 5651 mannus
550 5603 594 5663 [ad
612 5604 716 5652 Lucret.
736 5615 760 5665 p.
779 5603 848 5663 iiii:
870 5601 990 5650 bintoicis
1011 5606 1091 5662 (unus
1107 5603 1226 5666 issioicisi
1245 5603 1339 5659 codd:
1362 5605 1399 5653 iris
1415 5616 1476 5654 curn
1494 5601 1621 5653 lumbino
1637 5603 1676 5659 υς
1699 5602 1737 5650 bis

418 5676 521 5740 [Stoicis]
540 5679 600 5727 0-
620 5678 659 5726 23.
678 5678 738 5725 boec
755 5689 808 5725 om.
823 5678 841 5726 Β
861 5702 887 5712 -
904 5678 1113 5738 perexpediiuit:
1132 5680 1248 5740 cupediae
1265 5680 1314 5729 ΒΜ
1332 5704 1359 5715 -
1378 5680 1419 5729 25.
1437 5678 1474 5741 ut]
1492 5683 1515 5727 et
1532 5677 1580 5726 ΒΒ
1599 5702 1626 5713 -
1650 5676 1735 5741 quom]

418 5763 493 5810 quom
510 5765 586 5814 quam
604 5754 653 5802 ΑΒ
673 5777 699 5787 -
723 5752 763 5799 26.
781 5753 840 5812 imp.
858 5753 994 5814 postposito
1009 5754 1028 5802 Β
1049 5779 1075 5789 -
1099 5753 1140 5802 aa.
1159 5768 1207 5815 quo
1222 5755 1295 5803 modo
1311 5758 1458 5803 moueantur
1474 5764 1527 5801 orn.
1546 5752 1564 5800 Β
1584 5777 1611 5789 -
1632 5764 1663 5800 eo
1678 5765 1737 5800 oer-

417 5833 505 5876 coniur
522 5834 555 5886 Λ;
579 5842 623 5889 ca,
643 5840 708 5890 quac
723 5834 856 5877 causamur
872 5829 898 5891 (i.
918 5842 942 5878 e.
961 5840 1072 5892 corpore
1090 5825 1223 5889 caelestia)
1240 5827 1384 5889 Madvigius
1401 5827 1427 5876 in
1444 5824 1533 5875 ednot.
1553 5851 1580 5861 -·
1599 5824 1640 5874 31.
1658 5824 1737 5874 obdu·

417 5904 485 5951 rouit
501 5904 580 5953 Alie
600 5931 627 5939 -
646 5904 686 5953 32.
705 5903 736 5966 et]
754 5908 799 5952 out
815 5904 833 5952 Β
856 5929 884 5940 -
908 5904 948 5955 33.
969 5909 1013 5953 nui
1029 5902 1095 5967 Ain]
1114 5908 1142 5952 ut
1161 5904 1214 5966 Asi.
1236 5904 1395 5954 Goerenzius
1412 5900 1541 5966 probante
1558 5900 1686 5963 Madvigio
1706 5923 1733 5936 -

417 5976 489 6027 tuoe
505 5992 558 6029 om.
577 5980 598 6028 Α
614 6004 647 6017 -
664 5976 705 6029 si.
724 5991 771 6040 quc
786 5990 839 6028 om.
858 5980 888 6028 Α.
