<?xml version="1.0" encoding="UTF-8"?>
<!DOCTYPE html PUBLIC "-//W3C//DTD XHTML 1.0 Transitional//EN"
    "http://www.w3.org/TR/xhtml1/DTD/xhtml1-transitional.dtd">
<html xmlns="http://www.w3.org/1999/xhtml" xml:lang="en" lang="en">
 <head>
  <title>
</title>
<meta http-equiv="Content-Type" content="text/html;charset=utf-8" />
  <meta name='ocr-system' content='tesseract 3.04.00' />
  <meta name='ocr-capabilities' content='ocr_page ocr_carea ocr_par ocr_line ocrx_word'/>
</head>
<body>
  <div class='ocr_page' id='page_1' title='image "./operaquaesupers00halmgoog/operaquaesupers00halmgoog_0466.png"; bbox 0 0 4342 7459; ppageno 0'>
   <div class='ocr_carea' id='block_1_1' title="bbox 639 1729 1581 2086">
    <p class='ocr_par' dir='ltr' id='par_1_1' title="bbox 639 1729 1581 2086">
     <span class='ocr_line' id='line_1_1' title="bbox 874 1729 1347 1860; baseline 0.008 -4"><span class='ocrx_word' id='word_1_1' title='bbox 874 1766 919 1857; x_wconf 86' lang='lat' dir='ltr'><strong>n.</strong></span> <span class='ocrx_word' id='word_1_2' title='bbox 945 1764 1089 1858; x_wconf 82' lang='lat' dir='ltr'><strong>lum</strong></span> <span class='ocrx_word' id='word_1_3' title='bbox 1115 1729 1347 1860; x_wconf 81' lang='lat' dir='ltr'><strong>orcuaons</strong></span> 
     </span>
     <span class='ocr_line' id='line_1_2' title="bbox 639 1933 1581 2086; baseline 0.003 -6"><span class='ocrx_word' id='word_1_4' title='bbox 639 1933 1163 2086; x_wconf 78' lang='lat' dir='ltr'><strong>pannonum</strong></span> <span class='ocrx_word' id='word_1_5' title='bbox 1220 1998 1581 2086; x_wconf 77' lang='lat' dir='ltr'><strong>Narona</strong></span> 
     </span>
    </p>
   </div>
   <div class='ocr_carea' id='block_1_2' title="bbox 901 2215 1336 2313">
    <p class='ocr_par' dir='ltr' id='par_1_2' title="bbox 901 2215 1336 2313">
     <span class='ocr_line' id='line_1_3' title="bbox 901 2215 1336 2313; baseline 0.007 -3"><span class='ocrx_word' id='word_1_6' title='bbox 901 2239 1057 2311; x_wconf 75' lang='lat' dir='ltr'><strong>mun</strong></span> <span class='ocrx_word' id='word_1_7' title='bbox 1077 2240 1313 2313; x_wconf 78' lang='lat' dir='ltr'><strong>unnnms</strong></span> <span class='ocrx_word' id='word_1_8' title='bbox 1333 2215 1336 2220; x_wconf 83' lang='grc'><strong>’</strong></span> 
     </span>
    </p>
   </div>
   <div class='ocr_carea' id='block_1_3' title="bbox 998 2501 1205 2518">
    <p class='ocr_par' dir='ltr' id='par_1_3' title="bbox 998 2501 1205 2518">
     <span class='ocr_line' id='line_1_4' title="bbox 998 2501 1205 2518; baseline -0.005 -2"><span class='ocrx_word' id='word_1_9' title='bbox 998 2501 1205 2518; x_wconf 52' lang='lat' dir='ltr'><strong>m</strong></span> 
     </span>
    </p>
   </div>
   <div class='ocr_carea' id='block_1_4' title="bbox 399 2713 1770 5142">
    <p class='ocr_par' dir='ltr' id='par_1_4' title="bbox 441 2713 1770 3083">
     <span class='ocr_line' id='line_1_5' title="bbox 526 2713 1770 2802; baseline -0.001 -21"><span class='ocrx_word' id='word_1_10' title='bbox 526 2719 551 2781; x_wconf 92' lang='lat' dir='ltr'><strong>l.</strong></span> <span class='ocrx_word' id='word_1_11' title='bbox 573 2713 604 2779; x_wconf 81' lang='lat' dir='ltr'><strong>l.</strong></span> <span class='ocrx_word' id='word_1_12' title='bbox 626 2715 716 2793; x_wconf 87' lang='lat' dir='ltr'><strong>Quae</strong></span> <span class='ocrx_word' id='word_1_13' title='bbox 738 2738 809 2780; x_wconf 92' lang='lat' dir='ltr'><strong>cum</strong></span> <span class='ocrx_word' id='word_1_14' title='bbox 833 2718 947 2781; x_wconf 81' lang='lat' dir='ltr'>Balbus</span> <span class='ocrx_word' id='word_1_15' title='bbox 969 2719 1117 2792; x_wconf 83' lang='lat' dir='ltr'><strong>dixisset,</strong></span> <span class='ocrx_word' id='word_1_16' title='bbox 1143 2726 1209 2781; x_wconf 93' lang='lat' dir='ltr'><strong>tum</strong></span> <span class='ocrx_word' id='word_1_17' title='bbox 1231 2718 1379 2782; x_wconf 78' lang='lat' dir='ltr'><strong>adridens</strong></span> <span class='ocrx_word' id='word_1_18' title='bbox 1403 2717 1510 2791; x_wconf 86' lang='lat' dir='ltr'><strong>Cotta,</strong></span> <span class='ocrx_word' id='word_1_19' title='bbox 1537 2718 1631 2791; x_wconf 88' lang='lat' dir='ltr'><strong>Sero,</strong></span> <span class='ocrx_word' id='word_1_20' title='bbox 1653 2716 1770 2802; x_wconf 86' lang='lat' dir='ltr'><strong>inquit,</strong></span> 
     </span>
     <span class='ocr_line' id='line_1_6' title="bbox 441 2809 1769 2895; baseline -0.002 -21"><span class='ocrx_word' id='word_1_21' title='bbox 441 2812 533 2884; x_wconf 90' lang='lat' dir='ltr'><strong>mibi,</strong></span> <span class='ocrx_word' id='word_1_22' title='bbox 563 2811 674 2885; x_wconf 81' lang='lat' dir='ltr'><strong>balbe,</strong></span> <span class='ocrx_word' id='word_1_23' title='bbox 696 2811 868 2894; x_wconf 79' lang='lat' dir='ltr'><strong>praecipis,</strong></span> <span class='ocrx_word' id='word_1_24' title='bbox 899 2812 977 2895; x_wconf 94' lang='lat' dir='ltr'><strong>quid</strong></span> <span class='ocrx_word' id='word_1_25' title='bbox 1000 2813 1179 2876; x_wconf 80' lang='lat' dir='ltr'><strong>defendam.</strong></span> <span class='ocrx_word' id='word_1_26' title='bbox 1215 2813 1283 2893; x_wconf 80' lang='lat' dir='ltr'><strong>ligo</strong></span> <span class='ocrx_word' id='word_1_27' title='bbox 1305 2813 1390 2874; x_wconf 92' lang='lat' dir='ltr'><strong>enim</strong></span> <span class='ocrx_word' id='word_1_28' title='bbox 1412 2818 1444 2873; x_wconf 90' lang='lat' dir='ltr'><strong>te</strong></span> <span class='ocrx_word' id='word_1_29' title='bbox 1466 2810 1662 2893; x_wconf 76' lang='lat' dir='ltr'><strong>disputante,</strong></span> <span class='ocrx_word' id='word_1_30' title='bbox 1692 2809 1769 2895; x_wconf 93' lang='lat' dir='ltr'><strong>quid</strong></span> 
     </span>
     <span class='ocr_line' id='line_1_7' title="bbox 441 2903 1770 2989; baseline 0.003 -24"><span class='ocrx_word' id='word_1_31' title='bbox 441 2903 727 2980; x_wconf 91' lang='lat' dir='ltr'><strong>contradicerem,</strong></span> <span class='ocrx_word' id='word_1_32' title='bbox 756 2924 879 2968; x_wconf 88' lang='lat' dir='ltr'><strong>mecum</strong></span> <span class='ocrx_word' id='word_1_33' title='bbox 902 2907 969 2989; x_wconf 90' lang='lat' dir='ltr'><strong>ipse</strong></span> <span class='ocrx_word' id='word_1_34' title='bbox 992 2907 1181 2981; x_wconf 86' lang='lat' dir='ltr'><strong>meditabar,</strong></span> <span class='ocrx_word' id='word_1_35' title='bbox 1204 2925 1309 2988; x_wconf 90' lang='lat' dir='ltr'><strong>neque</strong></span> <span class='ocrx_word' id='word_1_36' title='bbox 1332 2913 1396 2968; x_wconf 89' lang='lat' dir='ltr'><strong>tam</strong></span> <span class='ocrx_word' id='word_1_37' title='bbox 1418 2904 1583 2968; x_wconf 80' lang='lat' dir='ltr'><strong>refellendi</strong></span> <span class='ocrx_word' id='word_1_38' title='bbox 1606 2904 1652 2967; x_wconf 92' lang='lat' dir='ltr'><strong>tui</strong></span> <span class='ocrx_word' id='word_1_39' title='bbox 1675 2924 1770 2969; x_wconf 78' lang='lat' dir='ltr'><strong>cansa</strong></span> 
     </span>
     <span class='ocr_line' id='line_1_8' title="bbox 441 2999 1769 3083; baseline 0.001 -23"><span class='ocrx_word' id='word_1_40' title='bbox 441 3018 534 3079; x_wconf 89' lang='lat' dir='ltr'><strong>quam</strong></span> <span class='ocrx_word' id='word_1_41' title='bbox 558 3018 611 3073; x_wconf 91' lang='lat' dir='ltr'><strong>ea,</strong></span> <span class='ocrx_word' id='word_1_42' title='bbox 635 3018 717 3081; x_wconf 91' lang='lat' dir='ltr'><strong>quae</strong></span> <span class='ocrx_word' id='word_1_43' title='bbox 740 3000 843 3063; x_wconf 91' lang='lat' dir='ltr'><strong>minus</strong></span> <span class='ocrx_word' id='word_1_44' title='bbox 866 2999 1105 3082; x_wconf 80' lang='lat' dir='ltr'><strong>intellegebam,</strong></span> <span class='ocrx_word' id='word_1_45' title='bbox 1127 2999 1322 3083; x_wconf 92' lang='lat' dir='ltr'><strong>requirendi.</strong></span> <span class='ocrx_word' id='word_1_46' title='bbox 1360 2999 1437 3061; x_wconf 92' lang='lat' dir='ltr'><strong>Cum</strong></span> <span class='ocrx_word' id='word_1_47' title='bbox 1457 3007 1563 3061; x_wconf 92' lang='lat' dir='ltr'><strong>autem</strong></span> <span class='ocrx_word' id='word_1_48' title='bbox 1578 3019 1636 3061; x_wconf 91' lang='lat' dir='ltr'><strong>suo</strong></span> <span class='ocrx_word' id='word_1_49' title='bbox 1650 3000 1769 3083; x_wconf 89' lang='lat' dir='ltr'><strong>cuique</strong></span> 
     </span>
    </p>

    <p class='ocr_par' dir='ltr' id='par_1_5' title="bbox 399 3091 1770 5142">
     <span class='ocr_line' id='line_1_9' title="bbox 415 3091 1770 3174; baseline 0.001 -22"><span class='ocrx_word' id='word_1_50' title='bbox 415 3091 558 3155; x_wconf 83' lang='lat' dir='ltr'><strong>tiudicio</strong></span> <span class='ocrx_word' id='word_1_51' title='bbox 592 3093 633 3155; x_wconf 85' lang='lat' dir='ltr'><strong>sit</strong></span> <span class='ocrx_word' id='word_1_52' title='bbox 661 3092 830 3168; x_wconf 92' lang='lat' dir='ltr'><strong>utendum,</strong></span> <span class='ocrx_word' id='word_1_53' title='bbox 864 3091 991 3157; x_wconf 86' lang='lat' dir='ltr'><strong>dillicile</strong></span> <span class='ocrx_word' id='word_1_54' title='bbox 1020 3095 1104 3158; x_wconf 87' lang='lat' dir='ltr'><strong>lactu</strong></span> <span class='ocrx_word' id='word_1_55' title='bbox 1133 3101 1181 3157; x_wconf 90' lang='lat' dir='ltr'><strong>est</strong></span> <span class='ocrx_word' id='word_1_56' title='bbox 1209 3114 1259 3156; x_wconf 92' lang='lat' dir='ltr'><strong>me</strong></span> <span class='ocrx_word' id='word_1_57' title='bbox 1289 3093 1320 3154; x_wconf 94' lang='lat' dir='ltr'><strong>id</strong></span> <span class='ocrx_word' id='word_1_58' title='bbox 1344 3094 1479 3166; x_wconf 89' lang='lat' dir='ltr'><strong>sentire,</strong></span> <span class='ocrx_word' id='word_1_59' title='bbox 1512 3091 1597 3174; x_wconf 91' lang='lat' dir='ltr'><strong>quod</strong></span> <span class='ocrx_word' id='word_1_60' title='bbox 1620 3100 1654 3155; x_wconf 92' lang='lat' dir='ltr'><strong>tu</strong></span> <span class='ocrx_word' id='word_1_61' title='bbox 1678 3092 1770 3155; x_wconf 86' lang='lat' dir='ltr'><strong>velis.</strong></span> 
     </span>
     <span class='ocr_line' id='line_1_10' title="bbox 439 3180 1769 3271; baseline 0.002 -25"><span class='ocrx_word' id='word_1_62' title='bbox 439 3180 470 3246; x_wconf 75' lang='lat'><strong>2.</strong></span> <span class='ocrx_word' id='word_1_63' title='bbox 491 3185 551 3248; x_wconf 85' lang='lat' dir='ltr'><strong>Hic</strong></span> <span class='ocrx_word' id='word_1_64' title='bbox 572 3185 729 3259; x_wconf 84' lang='lat' dir='ltr'><strong>Velleius,</strong></span> <span class='ocrx_word' id='word_1_65' title='bbox 755 3186 880 3260; x_wconf 88' lang='lat' dir='ltr'><strong>Nescis,</strong></span> <span class='ocrx_word' id='word_1_66' title='bbox 909 3188 1029 3270; x_wconf 91' lang='lat' dir='ltr'><strong>inquil,</strong></span> <span class='ocrx_word' id='word_1_67' title='bbox 1059 3196 1176 3271; x_wconf 92' lang='lat' dir='ltr'><strong>quanta</strong></span> <span class='ocrx_word' id='word_1_68' title='bbox 1198 3207 1268 3250; x_wconf 92' lang='lat' dir='ltr'><strong>cum</strong></span> <span class='ocrx_word' id='word_1_69' title='bbox 1292 3187 1541 3270; x_wconf 84' lang='lat' dir='ltr'><strong>exspectatione,</strong></span> <span class='ocrx_word' id='word_1_70' title='bbox 1574 3186 1681 3259; x_wconf 91' lang='lat' dir='ltr'><strong>Cotta,</strong></span> <span class='ocrx_word' id='word_1_71' title='bbox 1709 3186 1769 3249; x_wconf 90' lang='lat' dir='ltr'><strong>sim</strong></span> 
     </span>
     <span class='ocr_line' id='line_1_11' title="bbox 438 3279 1768 3363; baseline 0.001 -21"><span class='ocrx_word' id='word_1_72' title='bbox 438 3287 470 3342; x_wconf 89' lang='lat' dir='ltr'><strong>te</strong></span> <span class='ocrx_word' id='word_1_73' title='bbox 492 3279 670 3343; x_wconf 84' lang='lat' dir='ltr'><strong>auditurus.</strong></span> <span class='ocrx_word' id='word_1_74' title='bbox 708 3280 869 3343; x_wconf 88' lang='lat' dir='ltr'><strong>iucundus</strong></span> <span class='ocrx_word' id='word_1_75' title='bbox 892 3283 975 3343; x_wconf 92' lang='lat' dir='ltr'><strong>enim</strong></span> <span class='ocrx_word' id='word_1_76' title='bbox 999 3280 1096 3343; x_wconf 89' lang='lat' dir='ltr'><strong>Balbo</strong></span> <span class='ocrx_word' id='word_1_77' title='bbox 1118 3288 1227 3343; x_wconf 92' lang='lat' dir='ltr'><strong>nostro</strong></span> <span class='ocrx_word' id='word_1_78' title='bbox 1249 3299 1354 3343; x_wconf 90' lang='lat' dir='ltr'><strong>sermo</strong></span> <span class='ocrx_word' id='word_1_79' title='bbox 1376 3288 1448 3342; x_wconf 87' lang='lat' dir='ltr'><strong>tuus</strong></span> <span class='ocrx_word' id='word_1_80' title='bbox 1471 3287 1581 3343; x_wconf 92' lang='lat' dir='ltr'><strong>contra</strong></span> <span class='ocrx_word' id='word_1_81' title='bbox 1599 3280 1768 3363; x_wconf 85' lang='lat' dir='ltr'><strong>Epicurum</strong></span> 
     </span>
     <span class='ocr_line' id='line_1_12' title="bbox 437 3372 1770 3455; baseline 0.001 -20"><span class='ocrx_word' id='word_1_82' title='bbox 437 3372 517 3436; x_wconf 82' lang='lat' dir='ltr'><strong>tuit:</strong></span> <span class='ocrx_word' id='word_1_83' title='bbox 540 3372 699 3455; x_wconf 90' lang='lat' dir='ltr'><strong>praebebo</strong></span> <span class='ocrx_word' id='word_1_84' title='bbox 721 3374 816 3455; x_wconf 88' lang='lat' dir='ltr'><strong>igitur</strong></span> <span class='ocrx_word' id='word_1_85' title='bbox 837 3393 897 3455; x_wconf 80' lang='lat' dir='ltr'><strong>ego</strong></span> <span class='ocrx_word' id='word_1_86' title='bbox 920 3394 970 3436; x_wconf 91' lang='lat' dir='ltr'><strong>me</strong></span> <span class='ocrx_word' id='word_1_87' title='bbox 992 3375 1048 3437; x_wconf 91' lang='lat' dir='ltr'><strong>tibi</strong></span> <span class='ocrx_word' id='word_1_88' title='bbox 1067 3376 1206 3437; x_wconf 82' lang='lat' dir='ltr'><strong>vicissim</strong></span> <span class='ocrx_word' id='word_1_89' title='bbox 1230 3382 1383 3437; x_wconf 91' lang='lat' dir='ltr'><strong>attentum</strong></span> <span class='ocrx_word' id='word_1_90' title='bbox 1405 3380 1513 3436; x_wconf 89' lang='lat' dir='ltr'><strong>contra</strong></span> <span class='ocrx_word' id='word_1_91' title='bbox 1537 3373 1659 3435; x_wconf 87' lang='lat' dir='ltr'><strong>Stoicos</strong></span> <span class='ocrx_word' id='word_1_92' title='bbox 1680 3372 1770 3436; x_wconf 92' lang='lat' dir='ltr'><strong>audi·</strong></span> 
     </span>
     <span class='ocr_line' id='line_1_13' title="bbox 437 3462 1767 3551; baseline 0 -22"><span class='ocrx_word' id='word_1_93' title='bbox 437 3475 559 3542; x_wconf 88' lang='lat' dir='ltr'><strong>torem;</strong></span> <span class='ocrx_word' id='word_1_94' title='bbox 589 3486 683 3549; x_wconf 88' lang='lat' dir='ltr'><strong>spero</strong></span> <span class='ocrx_word' id='word_1_95' title='bbox 707 3468 790 3530; x_wconf 92' lang='lat' dir='ltr'><strong>enim</strong></span> <span class='ocrx_word' id='word_1_96' title='bbox 814 3475 859 3540; x_wconf 95' lang='lat' dir='ltr'><strong>te,</strong></span> <span class='ocrx_word' id='word_1_97' title='bbox 888 3475 923 3530; x_wconf 94' lang='lat' dir='ltr'><strong>ut</strong></span> <span class='ocrx_word' id='word_1_98' title='bbox 945 3468 1046 3542; x_wconf 91' lang='lat' dir='ltr'><strong>soles,</strong></span> <span class='ocrx_word' id='word_1_99' title='bbox 1073 3467 1155 3530; x_wconf 91' lang='lat' dir='ltr'><strong>bene</strong></span> <span class='ocrx_word' id='word_1_100' title='bbox 1182 3476 1321 3551; x_wconf 88' lang='lat' dir='ltr'><strong>paratum</strong></span> <span class='ocrx_word' id='word_1_101' title='bbox 1345 3468 1463 3529; x_wconf 89' lang='lat' dir='ltr'><strong>venire.</strong></span> <span class='ocrx_word' id='word_1_102' title='bbox 1508 3462 1538 3528; x_wconf 88' lang='lat'><strong>3.</strong></span> <span class='ocrx_word' id='word_1_103' title='bbox 1561 3467 1642 3528; x_wconf 89' lang='lat' dir='ltr'><strong>Tum</strong></span> <span class='ocrx_word' id='word_1_104' title='bbox 1667 3466 1767 3542; x_wconf 83' lang='lat' dir='ltr'><strong>Cotta,</strong></span> 
     </span>
     <span class='ocr_line' id='line_1_14' title="bbox 399 3560 1768 3647; baseline 0.002 -28"><span class='ocrx_word' id='word_1_105' title='bbox 399 3574 428 3620; x_wconf 79' lang='lat' dir='ltr'><strong>to</strong></span> <span class='ocrx_word' id='word_1_106' title='bbox 438 3560 490 3624; x_wconf 91' lang='lat' dir='ltr'><strong>Sic</strong></span> <span class='ocrx_word' id='word_1_107' title='bbox 512 3580 562 3623; x_wconf 92' lang='lat' dir='ltr'><strong>me</strong></span> <span class='ocrx_word' id='word_1_108' title='bbox 584 3560 729 3634; x_wconf 91' lang='lat' dir='ltr'><strong>hercule,</strong></span> <span class='ocrx_word' id='word_1_109' title='bbox 751 3560 872 3643; x_wconf 92' lang='lat' dir='ltr'><strong>inquit,</strong></span> <span class='ocrx_word' id='word_1_110' title='bbox 894 3562 1017 3637; x_wconf 85' lang='lat' dir='ltr'><strong>Vellei;</strong></span> <span class='ocrx_word' id='word_1_111' title='bbox 1042 3562 1256 3647; x_wconf 87' lang='lat' dir='ltr'><strong>nequeenim</strong></span> <span class='ocrx_word' id='word_1_112' title='bbox 1279 3560 1355 3623; x_wconf 89' lang='lat' dir='ltr'><strong>mibi</strong></span> <span class='ocrx_word' id='word_1_113' title='bbox 1378 3580 1435 3642; x_wconf 93' lang='lat' dir='ltr'><strong>par</strong></span> <span class='ocrx_word' id='word_1_114' title='bbox 1455 3560 1535 3622; x_wconf 92' lang='lat' dir='ltr'><strong>ratio</strong></span> <span class='ocrx_word' id='word_1_115' title='bbox 1551 3580 1622 3623; x_wconf 95' lang='lat' dir='ltr'><strong>cum</strong></span> <span class='ocrx_word' id='word_1_116' title='bbox 1645 3560 1768 3623; x_wconf 93' lang='lat' dir='ltr'><strong>Lucilio</strong></span> 
     </span>
     <span class='ocr_line' id='line_1_15' title="bbox 438 3652 1768 3737; baseline 0 -22"><span class='ocrx_word' id='word_1_117' title='bbox 438 3661 485 3717; x_wconf 91' lang='lat' dir='ltr'><strong>est</strong></span> <span class='ocrx_word' id='word_1_118' title='bbox 507 3674 543 3717; x_wconf 92' lang='lat' dir='ltr'><strong>ac</strong></span> <span class='ocrx_word' id='word_1_119' title='bbox 564 3663 668 3716; x_wconf 91' lang='lat' dir='ltr'><strong>tecum</strong></span> <span class='ocrx_word' id='word_1_120' title='bbox 690 3653 760 3714; x_wconf 88' lang='lat' dir='ltr'><strong>luit.</strong></span> <span class='ocrx_word' id='word_1_121' title='bbox 797 3653 857 3727; x_wconf 92' lang='lat' dir='ltr'><strong>Qui</strong></span> <span class='ocrx_word' id='word_1_122' title='bbox 882 3654 1034 3717; x_wconf 76' lang='lat' dir='ltr'><strong>tandem?</strong></span> <span class='ocrx_word' id='word_1_123' title='bbox 1056 3656 1161 3737; x_wconf 93' lang='lat' dir='ltr'><strong>iuquit</strong></span> <span class='ocrx_word' id='word_1_124' title='bbox 1182 3654 1247 3717; x_wconf 90' lang='lat' dir='ltr'><strong>ille.</strong></span> <span class='ocrx_word' id='word_1_125' title='bbox 1284 3654 1363 3728; x_wconf 90' lang='lat' dir='ltr'><strong>Quia</strong></span> <span class='ocrx_word' id='word_1_126' title='bbox 1382 3653 1458 3714; x_wconf 88' lang='lat' dir='ltr'><strong>mibi</strong></span> <span class='ocrx_word' id='word_1_127' title='bbox 1474 3652 1598 3715; x_wconf 88' lang='lat' dir='ltr'><strong>videtur</strong></span> <span class='ocrx_word' id='word_1_128' title='bbox 1612 3653 1768 3735; x_wconf 85' lang='lat' dir='ltr'><strong>Epicurus</strong></span> 
     </span>
     <span class='ocr_line' id='line_1_16' title="bbox 438 3746 1769 3830; baseline 0.001 -23"><span class='ocrx_word' id='word_1_129' title='bbox 438 3755 541 3810; x_wconf 83' lang='lat' dir='ltr'><strong>vester</strong></span> <span class='ocrx_word' id='word_1_130' title='bbox 562 3747 601 3809; x_wconf 93' lang='lat' dir='ltr'><strong>de</strong></span> <span class='ocrx_word' id='word_1_131' title='bbox 623 3747 672 3808; x_wconf 91' lang='lat' dir='ltr'><strong>dis</strong></span> <span class='ocrx_word' id='word_1_132' title='bbox 695 3747 916 3811; x_wconf 84' lang='lat' dir='ltr'><strong>inmortalibus</strong></span> <span class='ocrx_word' id='word_1_133' title='bbox 939 3767 1003 3810; x_wconf 92' lang='lat' dir='ltr'><strong>non</strong></span> <span class='ocrx_word' id='word_1_134' title='bbox 1027 3768 1140 3829; x_wconf 84' lang='lat' dir='ltr'><strong>magno</strong></span> <span class='ocrx_word' id='word_1_135' title='bbox 1163 3767 1259 3830; x_wconf 89' lang='lat' dir='ltr'><strong>opere</strong></span> <span class='ocrx_word' id='word_1_136' title='bbox 1281 3767 1437 3829; x_wconf 75' lang='lat' dir='ltr'><strong>pugnare3</strong></span> <span class='ocrx_word' id='word_1_137' title='bbox 1462 3754 1584 3808; x_wconf 91' lang='lat' dir='ltr'><strong>tantum</strong></span> <span class='ocrx_word' id='word_1_138' title='bbox 1600 3746 1697 3809; x_wconf 92' lang='lat' dir='ltr'><strong>modo</strong></span> <span class='ocrx_word' id='word_1_139' title='bbox 1713 3764 1769 3808; x_wconf 91' lang='lat' dir='ltr'><strong>ne-</strong></span> 
     </span>
     <span class='ocr_line' id='line_1_17' title="bbox 436 3839 1768 3925; baseline -0.002 -21"><span class='ocrx_word' id='word_1_140' title='bbox 436 3860 510 3924; x_wconf 79' lang='lat' dir='ltr'><strong>gare</strong></span> <span class='ocrx_word' id='word_1_141' title='bbox 533 3840 609 3903; x_wconf 87' lang='lat' dir='ltr'><strong>deos</strong></span> <span class='ocrx_word' id='word_1_142' title='bbox 632 3859 702 3903; x_wconf 90' lang='lat' dir='ltr'><strong>esse</strong></span> <span class='ocrx_word' id='word_1_143' title='bbox 724 3861 789 3903; x_wconf 93' lang='lat' dir='ltr'><strong>non</strong></span> <span class='ocrx_word' id='word_1_144' title='bbox 810 3842 923 3915; x_wconf 92' lang='lat' dir='ltr'><strong>audet,</strong></span> <span class='ocrx_word' id='word_1_145' title='bbox 955 3842 1094 3925; x_wconf 92' lang='lat' dir='ltr'><strong>nequid</strong></span> <span class='ocrx_word' id='word_1_146' title='bbox 1125 3842 1263 3905; x_wconf 88' lang='lat' dir='ltr'><strong>invidiae</strong></span> <span class='ocrx_word' id='word_1_147' title='bbox 1285 3842 1397 3903; x_wconf 92' lang='lat' dir='ltr'><strong>subeat</strong></span> <span class='ocrx_word' id='word_1_148' title='bbox 1418 3849 1473 3903; x_wconf 88' lang='lat' dir='ltr'><strong>aut</strong></span> <span class='ocrx_word' id='word_1_149' title='bbox 1493 3840 1644 3903; x_wconf 83' lang='lat' dir='ltr'><strong>criminis.</strong></span> <span class='ocrx_word' id='word_1_150' title='bbox 1689 3839 1768 3903; x_wconf 89' lang='lat' dir='ltr'><strong>Cum</strong></span> 
     </span>
     <span class='ocr_line' id='line_1_18' title="bbox 436 3933 1768 4017; baseline -0.001 -19"><span class='ocrx_word' id='word_1_151' title='bbox 436 3953 512 3998; x_wconf 85' lang='lat' dir='ltr'><strong>vero</strong></span> <span class='ocrx_word' id='word_1_152' title='bbox 535 3934 611 3996; x_wconf 89' lang='lat' dir='ltr'><strong>deos</strong></span> <span class='ocrx_word' id='word_1_153' title='bbox 632 3934 713 3996; x_wconf 93' lang='lat' dir='ltr'><strong>nibil</strong></span> <span class='ocrx_word' id='word_1_154' title='bbox 734 3954 845 4016; x_wconf 76' lang='lat' dir='ltr'><strong>agere,</strong></span> <span class='ocrx_word' id='word_1_155' title='bbox 868 3935 946 3998; x_wconf 94' lang='lat' dir='ltr'><strong>nibil</strong></span> <span class='ocrx_word' id='word_1_156' title='bbox 969 3956 1081 3999; x_wconf 91' lang='lat' dir='ltr'><strong>curare</strong></span> <span class='ocrx_word' id='word_1_157' title='bbox 1108 3933 1271 3998; x_wconf 83' lang='lat' dir='ltr'><strong>confirmat</strong></span> <span class='ocrx_word' id='word_1_158' title='bbox 1294 3936 1507 4017; x_wconf 90' lang='lat' dir='ltr'><strong>membrisque</strong></span> <span class='ocrx_word' id='word_1_159' title='bbox 1529 3934 1675 3997; x_wconf 85' lang='lat' dir='ltr'><strong>humanis</strong></span> <span class='ocrx_word' id='word_1_160' title='bbox 1697 3952 1768 3997; x_wconf 86' lang='lat' dir='ltr'><strong>esse</strong></span> 
     </span>
     <span class='ocr_line' id='line_1_19' title="bbox 399 4027 1769 4112; baseline 0.002 -26"><span class='ocrx_word' id='word_1_161' title='bbox 399 4028 612 4112; x_wconf 78' lang='lat' dir='ltr'><strong>topraeditos,</strong></span> <span class='ocrx_word' id='word_1_162' title='bbox 641 4027 696 4090; x_wconf 92' lang='lat' dir='ltr'><strong>sed</strong></span> <span class='ocrx_word' id='word_1_163' title='bbox 727 4046 837 4090; x_wconf 92' lang='lat' dir='ltr'><strong>eorum</strong></span> <span class='ocrx_word' id='word_1_164' title='bbox 860 4028 1070 4093; x_wconf 86' lang='lat' dir='ltr'><strong>membrorum</strong></span> <span class='ocrx_word' id='word_1_165' title='bbox 1094 4050 1184 4091; x_wconf 91' lang='lat' dir='ltr'><strong>usum</strong></span> <span class='ocrx_word' id='word_1_166' title='bbox 1207 4028 1328 4091; x_wconf 92' lang='lat' dir='ltr'><strong>nullum</strong></span> <span class='ocrx_word' id='word_1_167' title='bbox 1350 4028 1480 4100; x_wconf 93' lang='lat' dir='ltr'><strong>babere,</strong></span> <span class='ocrx_word' id='word_1_168' title='bbox 1507 4027 1618 4089; x_wconf 91' lang='lat' dir='ltr'><strong>ludere</strong></span> <span class='ocrx_word' id='word_1_169' title='bbox 1640 4027 1769 4091; x_wconf 86' lang='lat' dir='ltr'><strong>videtur</strong></span> 
     </span>
     <span class='ocr_line' id='line_1_20' title="bbox 436 4121 1768 4206; baseline -0.004 -19"><span class='ocrx_word' id='word_1_170' title='bbox 436 4126 580 4206; x_wconf 91' lang='lat' dir='ltr'><strong>satisque</strong></span> <span class='ocrx_word' id='word_1_171' title='bbox 609 4130 738 4206; x_wconf 90' lang='lat' dir='ltr'><strong>putare,</strong></span> <span class='ocrx_word' id='word_1_172' title='bbox 772 4123 797 4184; x_wconf 91' lang='lat' dir='ltr'><strong>si</strong></span> <span class='ocrx_word' id='word_1_173' title='bbox 821 4121 938 4186; x_wconf 84' lang='lat' dir='ltr'><strong>dixerit</strong></span> <span class='ocrx_word' id='word_1_174' title='bbox 959 4144 1029 4186; x_wconf 91' lang='lat' dir='ltr'><strong>esse</strong></span> <span class='ocrx_word' id='word_1_175' title='bbox 1051 4123 1210 4205; x_wconf 89' lang='lat' dir='ltr'><strong>quandam</strong></span> <span class='ocrx_word' id='word_1_176' title='bbox 1232 4122 1356 4184; x_wconf 90' lang='lat' dir='ltr'><strong>beatam</strong></span> <span class='ocrx_word' id='word_1_177' title='bbox 1381 4132 1522 4186; x_wconf 90' lang='lat' dir='ltr'><strong>naturam</strong></span> <span class='ocrx_word' id='word_1_178' title='bbox 1545 4129 1577 4183; x_wconf 88' lang='lat' dir='ltr'><strong>et</strong></span> <span class='ocrx_word' id='word_1_179' title='bbox 1597 4130 1768 4183; x_wconf 90' lang='lat' dir='ltr'><strong>aeternam.</strong></span> 
     </span>
     <span class='ocr_line' id='line_1_21' title="bbox 436 4214 1768 4298; baseline -0.002 -21"><span class='ocrx_word' id='word_1_180' title='bbox 436 4214 466 4279; x_wconf 83' lang='lat' dir='ltr'><strong>l.</strong></span> <span class='ocrx_word' id='word_1_181' title='bbox 489 4220 515 4279; x_wconf 99' lang='lat' dir='ltr'>A</span> <span class='ocrx_word' id='word_1_182' title='bbox 537 4216 635 4280; x_wconf 92' lang='lat' dir='ltr'><strong>Balbo</strong></span> <span class='ocrx_word' id='word_1_183' title='bbox 654 4224 757 4278; x_wconf 89' lang='lat' dir='ltr'><strong>autem</strong></span> <span class='ocrx_word' id='word_1_184' title='bbox 774 4216 1040 4288; x_wconf 87' lang='lat' dir='ltr'><strong>animadvertisti,</strong></span> <span class='ocrx_word' id='word_1_185' title='bbox 1064 4218 1173 4289; x_wconf 89' lang='lat' dir='ltr'><strong>credo,</strong></span> <span class='ocrx_word' id='word_1_186' title='bbox 1198 4236 1292 4298; x_wconf 91' lang='lat' dir='ltr'><strong>quam</strong></span> <span class='ocrx_word' id='word_1_187' title='bbox 1308 4217 1406 4277; x_wconf 92' lang='lat' dir='ltr'><strong>multa</strong></span> <span class='ocrx_word' id='word_1_188' title='bbox 1422 4214 1506 4278; x_wconf 90' lang='lat' dir='ltr'><strong>dicta</strong></span> <span class='ocrx_word' id='word_1_189' title='bbox 1521 4216 1583 4277; x_wconf 88' lang='lat' dir='ltr'><strong>sint</strong></span> <span class='ocrx_word' id='word_1_190' title='bbox 1598 4233 1768 4296; x_wconf 92' lang='lat' dir='ltr'><strong>quamque,</strong></span> 
     </span>
     <span class='ocr_line' id='line_1_22' title="bbox 437 4309 1768 4394; baseline -0.004 -20"><span class='ocrx_word' id='word_1_191' title='bbox 437 4312 530 4374; x_wconf 89' lang='lat' dir='ltr'><strong>etiam</strong></span> <span class='ocrx_word' id='word_1_192' title='bbox 553 4311 580 4373; x_wconf 90' lang='lat' dir='ltr'><strong>si</strong></span> <span class='ocrx_word' id='word_1_193' title='bbox 603 4311 706 4372; x_wconf 92' lang='lat' dir='ltr'><strong>minus</strong></span> <span class='ocrx_word' id='word_1_194' title='bbox 730 4329 818 4383; x_wconf 83' lang='lat' dir='ltr'><strong>vera,</strong></span> <span class='ocrx_word' id='word_1_195' title='bbox 842 4319 946 4372; x_wconf 90' lang='lat' dir='ltr'><strong>tamen</strong></span> <span class='ocrx_word' id='word_1_196' title='bbox 969 4319 1041 4394; x_wconf 91' lang='lat' dir='ltr'><strong>apta</strong></span> <span class='ocrx_word' id='word_1_197' title='bbox 1062 4312 1145 4374; x_wconf 91' lang='lat' dir='ltr'><strong>inter</strong></span> <span class='ocrx_word' id='word_1_198' title='bbox 1167 4330 1201 4372; x_wconf 90' lang='lat' dir='ltr'><strong>se</strong></span> <span class='ocrx_word' id='word_1_199' title='bbox 1224 4318 1255 4372; x_wconf 91' lang='lat' dir='ltr'><strong>et</strong></span> <span class='ocrx_word' id='word_1_200' title='bbox 1277 4310 1489 4372; x_wconf 90' lang='lat' dir='ltr'><strong>cohaerentia.</strong></span> <span class='ocrx_word' id='word_1_201' title='bbox 1521 4309 1630 4392; x_wconf 92' lang='lat' dir='ltr'><strong>ltaque</strong></span> <span class='ocrx_word' id='word_1_202' title='bbox 1652 4309 1768 4390; x_wconf 87' lang='lat' dir='ltr'><strong>cogito,</strong></span> 
     </span>
     <span class='ocr_line' id='line_1_23' title="bbox 436 4401 1768 4486; baseline -0.004 -19"><span class='ocrx_word' id='word_1_203' title='bbox 436 4413 473 4467; x_wconf 87' lang='lat' dir='ltr'><strong>ut</strong></span> <span class='ocrx_word' id='word_1_204' title='bbox 495 4405 575 4477; x_wconf 79' lang='lat' dir='ltr'><strong>dixi,</strong></span> <span class='ocrx_word' id='word_1_205' title='bbox 599 4424 663 4466; x_wconf 94' lang='lat' dir='ltr'><strong>non</strong></span> <span class='ocrx_word' id='word_1_206' title='bbox 685 4412 749 4466; x_wconf 91' lang='lat' dir='ltr'><strong>tam</strong></span> <span class='ocrx_word' id='word_1_207' title='bbox 772 4403 915 4466; x_wconf 82' lang='lat' dir='ltr'><strong>refellere</strong></span> <span class='ocrx_word' id='word_1_208' title='bbox 935 4404 1003 4466; x_wconf 91' lang='lat' dir='ltr'><strong>eins</strong></span> <span class='ocrx_word' id='word_1_209' title='bbox 1020 4406 1193 4466; x_wconf 91' lang='lat' dir='ltr'><strong>orationem</strong></span> <span class='ocrx_word' id='word_1_210' title='bbox 1209 4424 1302 4486; x_wconf 91' lang='lat' dir='ltr'><strong>quam</strong></span> <span class='ocrx_word' id='word_1_211' title='bbox 1319 4424 1369 4477; x_wconf 91' lang='lat' dir='ltr'><strong>ea,</strong></span> <span class='ocrx_word' id='word_1_212' title='bbox 1393 4423 1474 4486; x_wconf 94' lang='lat' dir='ltr'><strong>quae</strong></span> <span class='ocrx_word' id='word_1_213' title='bbox 1489 4403 1593 4465; x_wconf 92' lang='lat' dir='ltr'><strong>minus</strong></span> <span class='ocrx_word' id='word_1_214' title='bbox 1614 4401 1768 4475; x_wconf 83' lang='lat' dir='ltr'><strong>intellexi,</strong></span> 
     </span>
     <span class='ocr_line' id='line_1_24' title="bbox 399 4495 1769 4587; baseline -0.001 -30"><span class='ocrx_word' id='word_1_215' title='bbox 399 4498 608 4581; x_wconf 72' lang='lat' dir='ltr'><strong>sorequirere.</strong></span> <span class='ocrx_word' id='word_1_216' title='bbox 642 4497 762 4571; x_wconf 89' lang='lat' dir='ltr'><strong>Quare,</strong></span> <span class='ocrx_word' id='word_1_217' title='bbox 785 4496 895 4571; x_wconf 90' lang='lat' dir='ltr'><strong>Balbe,</strong></span> <span class='ocrx_word' id='word_1_218' title='bbox 919 4498 975 4559; x_wconf 91' lang='lat' dir='ltr'><strong>tibi</strong></span> <span class='ocrx_word' id='word_1_219' title='bbox 997 4499 1161 4580; x_wconf 86' lang='lat' dir='ltr'><strong>permitto,</strong></span> <span class='ocrx_word' id='word_1_220' title='bbox 1184 4497 1419 4587; x_wconf 75' lang='lat' dir='ltr'><strong>responderene</strong></span> <span class='ocrx_word' id='word_1_221' title='bbox 1441 4496 1518 4558; x_wconf 94' lang='lat' dir='ltr'><strong>mibi</strong></span> <span class='ocrx_word' id='word_1_222' title='bbox 1542 4497 1629 4559; x_wconf 90' lang='lat' dir='ltr'><strong>malis</strong></span> <span class='ocrx_word' id='word_1_223' title='bbox 1645 4497 1684 4558; x_wconf 93' lang='lat' dir='ltr'><strong>de</strong></span> <span class='ocrx_word' id='word_1_224' title='bbox 1705 4495 1769 4557; x_wconf 91' lang='lat' dir='ltr'><strong>sin·</strong></span> 
     </span>
     <span class='ocr_line' id='line_1_25' title="bbox 437 4591 1769 4674; baseline -0.003 -21"><span class='ocrx_word' id='word_1_225' title='bbox 437 4592 519 4674; x_wconf 81' lang='lat' dir='ltr'><strong>gulis</strong></span> <span class='ocrx_word' id='word_1_226' title='bbox 541 4591 636 4654; x_wconf 92' lang='lat' dir='ltr'><strong>rebus</strong></span> <span class='ocrx_word' id='word_1_227' title='bbox 659 4592 825 4672; x_wconf 90' lang='lat' dir='ltr'><strong>quaerenti</strong></span> <span class='ocrx_word' id='word_1_228' title='bbox 856 4612 896 4653; x_wconf 81' lang='lat' dir='ltr'><strong>ex</strong></span> <span class='ocrx_word' id='word_1_229' title='bbox 924 4600 952 4653; x_wconf 92' lang='lat' dir='ltr'><strong>te</strong></span> <span class='ocrx_word' id='word_1_230' title='bbox 976 4611 1031 4663; x_wconf 91' lang='lat' dir='ltr'><strong>ea,</strong></span> <span class='ocrx_word' id='word_1_231' title='bbox 1061 4612 1143 4674; x_wconf 90' lang='lat' dir='ltr'><strong>quae</strong></span> <span class='ocrx_word' id='word_1_232' title='bbox 1167 4611 1275 4673; x_wconf 90' lang='lat' dir='ltr'><strong>parurn</strong></span> <span class='ocrx_word' id='word_1_233' title='bbox 1301 4594 1425 4674; x_wconf 90' lang='lat' dir='ltr'><strong>accepi,</strong></span> <span class='ocrx_word' id='word_1_234' title='bbox 1449 4611 1488 4652; x_wconf 91' lang='lat' dir='ltr'><strong>an</strong></span> <span class='ocrx_word' id='word_1_235' title='bbox 1512 4592 1689 4653; x_wconf 88' lang='lat' dir='ltr'><strong>universam</strong></span> <span class='ocrx_word' id='word_1_236' title='bbox 1713 4607 1769 4649; x_wconf 89' lang='lat' dir='ltr'><strong>au·</strong></span> 
     </span>
     <span class='ocr_line' id='line_1_26' title="bbox 438 4679 1767 4767; baseline -0.003 -21"><span class='ocrx_word' id='word_1_237' title='bbox 438 4685 506 4747; x_wconf 91' lang='lat' dir='ltr'><strong>dire</strong></span> <span class='ocrx_word' id='word_1_238' title='bbox 536 4686 710 4746; x_wconf 89' lang='lat' dir='ltr'><strong>orationem</strong></span> <span class='ocrx_word' id='word_1_239' title='bbox 738 4705 850 4747; x_wconf 91' lang='lat' dir='ltr'><strong>meam.</strong></span> <span class='ocrx_word' id='word_1_240' title='bbox 895 4687 975 4746; x_wconf 90' lang='lat' dir='ltr'><strong>Tum</strong></span> <span class='ocrx_word' id='word_1_241' title='bbox 998 4685 1135 4746; x_wconf 80' lang='lat' dir='ltr'><strong>balbus:</strong></span> <span class='ocrx_word' id='word_1_242' title='bbox 1163 4688 1231 4767; x_wconf 78' lang='lat' dir='ltr'><strong>Ego</strong></span> <span class='ocrx_word' id='word_1_243' title='bbox 1256 4706 1345 4759; x_wconf 87' lang='lat' dir='ltr'><strong>vero,</strong></span> <span class='ocrx_word' id='word_1_244' title='bbox 1376 4683 1500 4767; x_wconf 89' lang='lat' dir='ltr'><strong>siquid</strong></span> <span class='ocrx_word' id='word_1_245' title='bbox 1525 4682 1687 4765; x_wconf 84' lang='lat' dir='ltr'><strong>explanari</strong></span> <span class='ocrx_word' id='word_1_246' title='bbox 1711 4679 1767 4743; x_wconf 91' lang='lat' dir='ltr'><strong>tibi</strong></span> 
     </span>
     <span class='ocr_line' id='line_1_27' title="bbox 437 4775 1768 4860; baseline -0.003 -20"><span class='ocrx_word' id='word_1_247' title='bbox 437 4777 539 4851; x_wconf 83' lang='lat' dir='ltr'><strong>voles,</strong></span> <span class='ocrx_word' id='word_1_248' title='bbox 568 4777 761 4859; x_wconf 89' lang='lat' dir='ltr'><strong>respondere</strong></span> <span class='ocrx_word' id='word_1_249' title='bbox 784 4779 884 4854; x_wconf 91' lang='lat' dir='ltr'><strong>malo;</strong></span> <span class='ocrx_word' id='word_1_250' title='bbox 914 4781 962 4841; x_wconf 91' lang='lat' dir='ltr'><strong>sin</strong></span> <span class='ocrx_word' id='word_1_251' title='bbox 985 4799 1035 4839; x_wconf 90' lang='lat' dir='ltr'><strong>me</strong></span> <span class='ocrx_word' id='word_1_252' title='bbox 1057 4780 1249 4860; x_wconf 79' lang='lat' dir='ltr'><strong>interrogare</strong></span> <span class='ocrx_word' id='word_1_253' title='bbox 1273 4800 1336 4841; x_wconf 93' lang='lat' dir='ltr'><strong>uon</strong></span> <span class='ocrx_word' id='word_1_254' title='bbox 1360 4786 1421 4840; x_wconf 92' lang='lat' dir='ltr'><strong>tam</strong></span> <span class='ocrx_word' id='word_1_255' title='bbox 1444 4775 1649 4859; x_wconf 86' lang='lat' dir='ltr'><strong>intellegendi</strong></span> <span class='ocrx_word' id='word_1_256' title='bbox 1673 4793 1768 4838; x_wconf 89' lang='lat' dir='ltr'><strong>causa</strong></span> 
     </span>
     <span class='ocr_line' id='line_1_28' title="bbox 438 4870 1767 4954; baseline -0.001 -22"><span class='ocrx_word' id='word_1_257' title='bbox 438 4891 533 4954; x_wconf 92' lang='lat' dir='ltr'><strong>quam</strong></span> <span class='ocrx_word' id='word_1_258' title='bbox 564 4870 743 4945; x_wconf 82' lang='lat' dir='ltr'><strong>refellendi,</strong></span> <span class='ocrx_word' id='word_1_259' title='bbox 771 4880 876 4934; x_wconf 90' lang='lat' dir='ltr'><strong>utrum</strong></span> <span class='ocrx_word' id='word_1_260' title='bbox 908 4872 995 4934; x_wconf 85' lang='lat' dir='ltr'><strong>voles</strong></span> <span class='ocrx_word' id='word_1_261' title='bbox 1023 4871 1152 4945; x_wconf 84' lang='lat' dir='ltr'><strong>faciam,</strong></span> <span class='ocrx_word' id='word_1_262' title='bbox 1182 4871 1230 4933; x_wconf 92' lang='lat' dir='ltr'><strong>vel</strong></span> <span class='ocrx_word' id='word_1_263' title='bbox 1261 4871 1300 4934; x_wconf 95' lang='lat' dir='ltr'><strong>ad</strong></span> <span class='ocrx_word' id='word_1_264' title='bbox 1331 4871 1471 4952; x_wconf 78' lang='lat' dir='ltr'><strong>singula,</strong></span> <span class='ocrx_word' id='word_1_265' title='bbox 1502 4890 1581 4953; x_wconf 91' lang='lat' dir='ltr'><strong>quae</strong></span> <span class='ocrx_word' id='word_1_266' title='bbox 1611 4870 1767 4952; x_wconf 87' lang='lat' dir='ltr'><strong>requires,</strong></span> 
     </span>
     <span class='ocr_line' id='line_1_29' title="bbox 400 4963 1766 5049; baseline -0.001 -23"><span class='ocrx_word' id='word_1_267' title='bbox 400 4965 542 5027; x_wconf 75' lang='lat' dir='ltr'><strong>aestatim</strong></span> <span class='ocrx_word' id='word_1_268' title='bbox 557 4966 767 5046; x_wconf 89' lang='lat' dir='ltr'><strong>respondebo,</strong></span> <span class='ocrx_word' id='word_1_269' title='bbox 790 4965 854 5039; x_wconf 84' lang='lat' dir='ltr'><strong>vel,</strong></span> <span class='ocrx_word' id='word_1_270' title='bbox 878 4986 948 5027; x_wconf 93' lang='lat' dir='ltr'><strong>cum</strong></span> <span class='ocrx_word' id='word_1_271' title='bbox 964 4967 1133 5049; x_wconf 90' lang='lat' dir='ltr'><strong>peroraris,</strong></span> <span class='ocrx_word' id='word_1_272' title='bbox 1155 4965 1326 5028; x_wconf 89' lang='lat' dir='ltr'><strong>adomnia.</strong></span> <span class='ocrx_word' id='word_1_273' title='bbox 1360 4964 1389 5025; x_wconf 78' lang='lat'><strong>5.</strong></span> <span class='ocrx_word' id='word_1_274' title='bbox 1410 4967 1489 5026; x_wconf 91' lang='lat' dir='ltr'><strong>Tum</strong></span> <span class='ocrx_word' id='word_1_275' title='bbox 1502 4965 1606 5036; x_wconf 71' lang='lat' dir='ltr'><strong>Cotta,</strong></span> <span class='ocrx_word' id='word_1_276' title='bbox 1630 4963 1766 5045; x_wconf 89' lang='lat' dir='ltr'><strong>Optime,</strong></span> 
     </span>
     <span class='ocr_line' id='line_1_30' title="bbox 438 5055 1766 5142; baseline -0.003 -22"><span class='ocrx_word' id='word_1_277' title='bbox 438 5058 560 5141; x_wconf 87' lang='lat' dir='ltr'><strong>inquit;</strong></span> <span class='ocrx_word' id='word_1_278' title='bbox 593 5078 687 5140; x_wconf 91' lang='lat' dir='ltr'><strong>quam</strong></span> <span class='ocrx_word' id='word_1_279' title='bbox 718 5058 757 5120; x_wconf 95' lang='lat' dir='ltr'><strong>ob</strong></span> <span class='ocrx_word' id='word_1_280' title='bbox 787 5079 852 5121; x_wconf 91' lang='lat' dir='ltr'><strong>rem</strong></span> <span class='ocrx_word' id='word_1_281' title='bbox 884 5061 929 5121; x_wconf 92' lang='lat' dir='ltr'><strong>sic</strong></span> <span class='ocrx_word' id='word_1_282' title='bbox 957 5079 1101 5141; x_wconf 82' lang='lat' dir='ltr'><strong>agamus,</strong></span> <span class='ocrx_word' id='word_1_283' title='bbox 1135 5069 1170 5122; x_wconf 92' lang='lat' dir='ltr'><strong>ut</strong></span> <span class='ocrx_word' id='word_1_284' title='bbox 1197 5080 1255 5122; x_wconf 89' lang='lat' dir='ltr'><strong>nos</strong></span> <span class='ocrx_word' id='word_1_285' title='bbox 1277 5060 1348 5142; x_wconf 90' lang='lat' dir='ltr'><strong>ipsa</strong></span> <span class='ocrx_word' id='word_1_286' title='bbox 1370 5059 1464 5121; x_wconf 92' lang='lat' dir='ltr'><strong>ducet</strong></span> <span class='ocrx_word' id='word_1_287' title='bbox 1486 5057 1598 5120; x_wconf 92' lang='lat' dir='ltr'><strong>oratio.</strong></span> <span class='ocrx_word' id='word_1_288' title='bbox 1642 5055 1681 5117; x_wconf 88' lang='lat' dir='ltr'><strong>ll.</strong></span> <span class='ocrx_word' id='word_1_289' title='bbox 1705 5055 1766 5117; x_wconf 89' lang='lat' dir='ltr'><strong>Sed</strong></span> 
     </span>
    </p>
   </div>
   <div class='ocr_carea' id='block_1_5' title="bbox 436 5335 1768 5925">
    <p class='ocr_par' dir='ltr' id='par_1_6' title="bbox 436 5335 1768 5925">
     <span class='ocr_line' id='line_1_31' title="bbox 505 5335 1766 5400; baseline -0.002 -13"><span class='ocrx_word' id='word_1_290' title='bbox 505 5340 528 5388; x_wconf 91' lang='lat' dir='ltr'><strong>l.</strong></span> <span class='ocrx_word' id='word_1_291' title='bbox 552 5339 640 5399; x_wconf 81' lang='lat' dir='ltr'><strong>tnqotd</strong></span> <span class='ocrx_word' id='word_1_292' title='bbox 661 5340 708 5396; x_wconf 84' lang='lat' dir='ltr'><strong>A¹;</strong></span> <span class='ocrx_word' id='word_1_293' title='bbox 736 5340 799 5388; x_wconf 90' lang='lat' dir='ltr'><strong>item</strong></span> <span class='ocrx_word' id='word_1_294' title='bbox 823 5353 847 5388; x_wconf 90' lang='lat' dir='ltr'><strong>v.</strong></span> <span class='ocrx_word' id='word_1_295' title='bbox 867 5340 891 5388; x_wconf 87' lang='lat'><strong>6.</strong></span> <span class='ocrx_word' id='word_1_296' title='bbox 912 5340 951 5388; x_wconf 85' lang='lat' dir='ltr'><strong>ld.</strong></span> <span class='ocrx_word' id='word_1_297' title='bbox 972 5340 1012 5387; x_wconf 86' lang='lat' dir='ltr'><strong>ll.</strong></span> <span class='ocrx_word' id='word_1_298' title='bbox 1035 5366 1061 5375; x_wconf 95' lang='lat'>-</span> <span class='ocrx_word' id='word_1_299' title='bbox 1087 5340 1111 5388; x_wconf 61' lang='grc' dir='ltr'><strong>ἓ.</strong></span> <span class='ocrx_word' id='word_1_300' title='bbox 1131 5338 1218 5387; x_wconf 87' lang='lat' dir='ltr'><strong>botbce</strong></span> <span class='ocrx_word' id='word_1_301' title='bbox 1236 5336 1362 5400; x_wconf 81' lang='lat' dir='ltr'><strong>(ubique)</strong></span> <span class='ocrx_word' id='word_1_302' title='bbox 1381 5337 1400 5381; x_wconf 88' lang='lat' dir='ltr'>V</span> <span class='ocrx_word' id='word_1_303' title='bbox 1425 5363 1451 5372; x_wconf 95' lang='lat'><em>—</em></span> <span class='ocrx_word' id='word_1_304' title='bbox 1476 5337 1501 5386; x_wconf 84' lang='lat' dir='ltr'><strong>b.</strong></span> <span class='ocrx_word' id='word_1_305' title='bbox 1520 5336 1616 5396; x_wconf 75' lang='lat' dir='ltr'><strong>suetum</strong></span> <span class='ocrx_word' id='word_1_306' title='bbox 1638 5335 1718 5386; x_wconf 88' lang='lat' dir='ltr'><strong>ACE</strong></span> <span class='ocrx_word' id='word_1_307' title='bbox 1738 5360 1766 5372; x_wconf 90' lang='lat'>-</span> 
     </span>
     <span class='ocr_line' id='line_1_32' title="bbox 438 5410 1764 5476; baseline -0.004 -12"><span class='ocrx_word' id='word_1_308' title='bbox 438 5415 462 5464; x_wconf 78' lang='grc' dir='ltr'><strong>Ἰ.</strong></span> <span class='ocrx_word' id='word_1_309' title='bbox 480 5416 601 5463; x_wconf 73' lang='lat' dir='ltr'><strong>monacus</strong></span> <span class='ocrx_word' id='word_1_310' title='bbox 618 5414 667 5463; x_wconf 67' lang='grc' dir='ltr'><strong>(ΞΕ</strong></span> <span class='ocrx_word' id='word_1_311' title='bbox 688 5440 713 5449; x_wconf 92' lang='grc'><strong>-</strong></span> <span class='ocrx_word' id='word_1_312' title='bbox 734 5415 758 5463; x_wconf 89' lang='grc'><strong>8.</strong></span> <span class='ocrx_word' id='word_1_313' title='bbox 776 5428 815 5462; x_wconf 85' lang='lat' dir='ltr'><strong>mc</strong></span> <span class='ocrx_word' id='word_1_314' title='bbox 831 5428 876 5476; x_wconf 76' lang='lat' dir='ltr'><strong>epo</strong></span> <span class='ocrx_word' id='word_1_315' title='bbox 893 5415 913 5462; x_wconf 93' lang='lat'>0</span> <span class='ocrx_word' id='word_1_316' title='bbox 935 5440 958 5449; x_wconf 98' lang='lat'>-</span> <span class='ocrx_word' id='word_1_317' title='bbox 986 5414 1025 5462; x_wconf 73' lang='lat'><strong>40.</strong></span> <span class='ocrx_word' id='word_1_318' title='bbox 1045 5414 1087 5462; x_wconf 81' lang='lat' dir='ltr'><strong>Sic</strong></span> <span class='ocrx_word' id='word_1_319' title='bbox 1104 5412 1248 5463; x_wconf 83' lang='lat' dir='ltr'><strong>Lambinus</strong></span> <span class='ocrx_word' id='word_1_320' title='bbox 1265 5411 1364 5472; x_wconf 85' lang='lat' dir='ltr'><strong>(addito</strong></span> <span class='ocrx_word' id='word_1_321' title='bbox 1381 5415 1417 5459; x_wconf 85' lang='lat' dir='ltr'><strong>est</strong></span> <span class='ocrx_word' id='word_1_322' title='bbox 1432 5412 1539 5474; x_wconf 86' lang='lat' dir='ltr'><strong>praeter</strong></span> <span class='ocrx_word' id='word_1_323' title='bbox 1556 5410 1764 5471; x_wconf 78' lang='lat' dir='ltr'><strong>necessitatemlt</strong></span> 
     </span>
     <span class='ocr_line' id='line_1_33' title="bbox 437 5486 1764 5550; baseline -0.004 -10"><span class='ocrx_word' id='word_1_324' title='bbox 437 5490 634 5544; x_wconf 81' lang='lat' dir='ltr'><strong>stABEVO;</strong></span> <span class='ocrx_word' id='word_1_325' title='bbox 652 5490 705 5537; x_wconf 81' lang='lat' dir='ltr'><strong>stne</strong></span> <span class='ocrx_word' id='word_1_326' title='bbox 722 5490 751 5539; x_wconf 88' lang='lat' dir='ltr'><strong>C.</strong></span> <span class='ocrx_word' id='word_1_327' title='bbox 771 5489 809 5538; x_wconf 85' lang='lat' dir='ltr'><strong>Cl.</strong></span> <span class='ocrx_word' id='word_1_328' title='bbox 830 5488 933 5550; x_wconf 81' lang='lat' dir='ltr'><strong>Madvig</strong></span> <span class='ocrx_word' id='word_1_329' title='bbox 951 5488 984 5538; x_wconf 89' lang='lat' dir='ltr'><strong>ad</strong></span> <span class='ocrx_word' id='word_1_330' title='bbox 1003 5490 1057 5538; x_wconf 88' lang='lat' dir='ltr'><strong>Cic.</strong></span> <span class='ocrx_word' id='word_1_331' title='bbox 1076 5490 1110 5539; x_wconf 89' lang='lat' dir='ltr'><strong>de</strong></span> <span class='ocrx_word' id='word_1_332' title='bbox 1129 5490 1181 5539; x_wconf 86' lang='lat' dir='ltr'><strong>Fin.</strong></span> <span class='ocrx_word' id='word_1_333' title='bbox 1202 5487 1232 5537; x_wconf 90' lang='lat' dir='ltr'><strong>lll</strong></span> <span class='ocrx_word' id='word_1_334' title='bbox 1249 5486 1263 5549; x_wconf 70' lang='grc'>5</span> <span class='ocrx_word' id='word_1_335' title='bbox 1281 5487 1305 5535; x_wconf 86' lang='grc'><strong>9.</strong></span> <span class='ocrx_word' id='word_1_336' title='bbox 1324 5513 1356 5523; x_wconf 82' lang='grc'><strong>-</strong></span> <span class='ocrx_word' id='word_1_337' title='bbox 1375 5500 1414 5535; x_wconf 82' lang='lat' dir='ltr'><strong>mc</strong></span> <span class='ocrx_word' id='word_1_338' title='bbox 1431 5488 1456 5535; x_wconf 92' lang='lat' dir='ltr'><strong>iu</strong></span> <span class='ocrx_word' id='word_1_339' title='bbox 1475 5498 1526 5535; x_wconf 87' lang='lat' dir='ltr'><strong>ras.</strong></span> <span class='ocrx_word' id='word_1_340' title='bbox 1545 5497 1679 5548; x_wconf 84' lang='lat' dir='ltr'><strong>superscr.</strong></span> <span class='ocrx_word' id='word_1_341' title='bbox 1698 5489 1718 5535; x_wconf 90' lang='lat' dir='ltr'>A</span> <span class='ocrx_word' id='word_1_342' title='bbox 1736 5509 1764 5520; x_wconf 95' lang='lat'>-</span> 
     </span>
     <span class='ocr_line' id='line_1_34' title="bbox 436 5556 1767 5630; baseline -0.006 -14"><span class='ocrx_word' id='word_1_343' title='bbox 436 5568 571 5630; x_wconf 81' lang='lat' dir='ltr'><strong>parratio</strong></span> <span class='ocrx_word' id='word_1_344' title='bbox 588 5579 657 5614; x_wconf 86' lang='lat' dir='ltr'><strong>corr.</strong></span> <span class='ocrx_word' id='word_1_345' title='bbox 677 5578 708 5615; x_wconf 87' lang='lat' dir='ltr'><strong>ex</strong></span> <span class='ocrx_word' id='word_1_346' title='bbox 730 5566 834 5626; x_wconf 84' lang='lat' dir='ltr'><strong>pcrctio</strong></span> <span class='ocrx_word' id='word_1_347' title='bbox 852 5565 900 5613; x_wconf 90' lang='lat' dir='ltr'><strong>AB</strong></span> <span class='ocrx_word' id='word_1_348' title='bbox 921 5590 948 5599; x_wconf 97' lang='lat'><em>-</em></span> <span class='ocrx_word' id='word_1_349' title='bbox 974 5566 1013 5612; x_wconf 85' lang='lat' dir='ltr'><strong>ll.</strong></span> <span class='ocrx_word' id='word_1_350' title='bbox 1033 5566 1074 5613; x_wconf 83' lang='lat' dir='ltr'><strong>itte</strong></span> <span class='ocrx_word' id='word_1_351' title='bbox 1091 5577 1167 5625; x_wconf 82' lang='lat' dir='ltr'><strong>quom</strong></span> <span class='ocrx_word' id='word_1_352' title='bbox 1183 5562 1244 5611; x_wconf 79' lang='lat' dir='ltr'><strong>mibi</strong></span> <span class='ocrx_word' id='word_1_353' title='bbox 1261 5562 1282 5609; x_wconf 84' lang='lat' dir='ltr'>V</span> <span class='ocrx_word' id='word_1_354' title='bbox 1302 5588 1328 5597; x_wconf 95' lang='lat'><strong>—</strong></span> <span class='ocrx_word' id='word_1_355' title='bbox 1352 5562 1391 5609; x_wconf 75' lang='lat' dir='ltr'><strong>ti.</strong></span> <span class='ocrx_word' id='word_1_356' title='bbox 1409 5573 1561 5623; x_wconf 80' lang='lat' dir='ltr'><strong>mopnoperc</strong></span> <span class='ocrx_word' id='word_1_357' title='bbox 1578 5556 1600 5608; x_wconf 77' lang='lat' dir='ltr'><strong>a</strong></span> <span class='ocrx_word' id='word_1_358' title='bbox 1619 5584 1647 5593; x_wconf 94' lang='lat'>-</span> <span class='ocrx_word' id='word_1_359' title='bbox 1667 5558 1707 5609; x_wconf 80' lang='grc'><strong>43.</strong></span> <span class='ocrx_word' id='word_1_360' title='bbox 1725 5559 1767 5607; x_wconf 76' lang='lat' dir='ltr'><strong>iu-</strong></span> 
     </span>
     <span class='ocr_line' id='line_1_35' title="bbox 437 5634 1766 5698; baseline -0.004 -7"><span class='ocrx_word' id='word_1_361' title='bbox 437 5642 536 5697; x_wconf 58' lang='lat' dir='ltr'><strong>stitiae</strong></span> <span class='ocrx_word' id='word_1_362' title='bbox 551 5639 650 5689; x_wconf 71' lang='lat' dir='ltr'><strong>suomet</strong></span> <span class='ocrx_word' id='word_1_363' title='bbox 667 5643 686 5689; x_wconf 87' lang='lat' dir='ltr'>A</span> <span class='ocrx_word' id='word_1_364' title='bbox 708 5664 733 5674; x_wconf 90' lang='lat'><em>—</em></span> <span class='ocrx_word' id='word_1_365' title='bbox 754 5640 794 5687; x_wconf 76' lang='lat'><strong>⁴5.</strong></span> <span class='ocrx_word' id='word_1_366' title='bbox 812 5637 902 5686; x_wconf 79' lang='lat' dir='ltr'><strong>babere</strong></span> <span class='ocrx_word' id='word_1_367' title='bbox 918 5638 1014 5686; x_wconf 66' lang='lat' dir='ltr'><strong>nmium</strong></span> <span class='ocrx_word' id='word_1_368' title='bbox 1032 5640 1051 5687; x_wconf 95' lang='lat'>0</span> <span class='ocrx_word' id='word_1_369' title='bbox 1069 5664 1102 5674; x_wconf 92' lang='lat'><strong>—</strong></span> <span class='ocrx_word' id='word_1_370' title='bbox 1120 5637 1159 5686; x_wconf 79' lang='grc'><strong>49.</strong></span> <span class='ocrx_word' id='word_1_371' title='bbox 1179 5650 1256 5698; x_wconf 80' lang='lat' dir='ltr'><strong>ecque</strong></span> <span class='ocrx_word' id='word_1_372' title='bbox 1274 5640 1292 5686; x_wconf 91' lang='lat' dir='ltr'>A</span> <span class='ocrx_word' id='word_1_373' title='bbox 1314 5661 1339 5671; x_wconf 98' lang='lat'>-</span> <span class='ocrx_word' id='word_1_374' title='bbox 1360 5638 1400 5685; x_wconf 74' lang='lat' dir='ltr'><strong>il.</strong></span> <span class='ocrx_word' id='word_1_375' title='bbox 1416 5637 1564 5697; x_wconf 78' lang='lat' dir='ltr'><strong>parumn:</strong></span> <span class='ocrx_word' id='word_1_376' title='bbox 1587 5648 1700 5695; x_wconf 82' lang='lat' dir='ltr'><strong>paruum</strong></span> <span class='ocrx_word' id='word_1_377' title='bbox 1716 5634 1766 5686; x_wconf 80' lang='grc' dir='ltr'><strong>ΑΕ</strong></span> 
     </span>
     <span class='ocr_line' id='line_1_36' title="bbox 439 5708 1768 5779; baseline -0.007 -14"><span class='ocrx_word' id='word_1_378' title='bbox 439 5717 477 5779; x_wconf 82' lang='lat' dir='ltr'><strong>(in</strong></span> <span class='ocrx_word' id='word_1_379' title='bbox 496 5719 514 5764; x_wconf 90' lang='lat' dir='ltr'>A</span> <span class='ocrx_word' id='word_1_380' title='bbox 533 5727 668 5778; x_wconf 85' lang='lat' dir='ltr'><strong>superscr.</strong></span> <span class='ocrx_word' id='word_1_381' title='bbox 688 5725 723 5761; x_wconf 90' lang='lat' dir='ltr'><strong>m.</strong></span> <span class='ocrx_word' id='word_1_382' title='bbox 744 5710 827 5761; x_wconf 88' lang='lat' dir='ltr'><strong>multo</strong></span> <span class='ocrx_word' id='word_1_383' title='bbox 850 5712 997 5760; x_wconf 85' lang='lat' dir='ltr'><strong>recentiore</strong></span> <span class='ocrx_word' id='word_1_384' title='bbox 1016 5712 1207 5774; x_wconf 70' lang='lat' dir='ltr'><strong>porussorum),</strong></span> <span class='ocrx_word' id='word_1_385' title='bbox 1230 5724 1315 5772; x_wconf 71' lang='lat' dir='ltr'><strong>porco</strong></span> <span class='ocrx_word' id='word_1_386' title='bbox 1333 5712 1383 5760; x_wconf 85' lang='lat' dir='ltr'><strong>CV</strong></span> <span class='ocrx_word' id='word_1_387' title='bbox 1407 5713 1489 5771; x_wconf 76' lang='lat' dir='ltr'><strong>(corr.</strong></span> <span class='ocrx_word' id='word_1_388' title='bbox 1509 5722 1540 5759; x_wconf 81' lang='lat' dir='ltr'><strong>ex</strong></span> <span class='ocrx_word' id='word_1_389' title='bbox 1556 5722 1669 5770; x_wconf 84' lang='lat' dir='ltr'><strong>paruum</strong></span> <span class='ocrx_word' id='word_1_390' title='bbox 1685 5708 1716 5769; x_wconf 83' lang='lat' dir='ltr'><strong>V)</strong></span> <span class='ocrx_word' id='word_1_391' title='bbox 1734 5732 1768 5746; x_wconf 91' lang='lat'>-</span> 
     </span>
     <span class='ocr_line' id='line_1_37' title="bbox 438 5782 1766 5853; baseline -0.005 -13"><span class='ocrx_word' id='word_1_392' title='bbox 438 5791 523 5853; x_wconf 62' lang='lat' dir='ltr'><strong>ocupa</strong></span> <span class='ocrx_word' id='word_1_393' title='bbox 539 5794 568 5840; x_wconf 90' lang='lat' dir='ltr'><strong>A.</strong></span> <span class='ocrx_word' id='word_1_394' title='bbox 589 5790 659 5838; x_wconf 74' lang='lat' dir='ltr'><strong>uScr.</strong></span> <span class='ocrx_word' id='word_1_395' title='bbox 671 5790 723 5850; x_wconf 79' lang='lat' dir='ltr'><strong>capt</strong></span> <span class='ocrx_word' id='word_1_396' title='bbox 741 5790 786 5836; x_wconf 89' lang='lat' dir='ltr'><strong>aut</strong></span> <span class='ocrx_word' id='word_1_397' title='bbox 804 5786 890 5850; x_wconf 88' lang='lat' dir='ltr'><strong>potius</strong></span> <span class='ocrx_word' id='word_1_398' title='bbox 904 5789 1029 5847; x_wconf 73' lang='lat' dir='ltr'><strong>percepi.»</strong></span> <span class='ocrx_word' id='word_1_399' title='bbox 1048 5788 1157 5836; x_wconf 77' lang='lat' dir='ltr'><strong>Mansio.</strong></span> <span class='ocrx_word' id='word_1_400' title='bbox 1174 5811 1199 5821; x_wconf 89' lang='lat'><em>—</em></span> <span class='ocrx_word' id='word_1_401' title='bbox 1216 5786 1256 5835; x_wconf 75' lang='lat'><strong>22.</strong></span> <span class='ocrx_word' id='word_1_402' title='bbox 1275 5786 1318 5835; x_wconf 79' lang='lat' dir='ltr'><strong>tibi</strong></span> <span class='ocrx_word' id='word_1_403' title='bbox 1334 5785 1501 5846; x_wconf 69' lang='lat' dir='ltr'><strong>cepioauriC</strong></span> <span class='ocrx_word' id='word_1_404' title='bbox 1516 5809 1544 5820; x_wconf 89' lang='lat'><em>-</em></span> <span class='ocrx_word' id='word_1_405' title='bbox 1562 5784 1603 5833; x_wconf 73' lang='lat'><strong>23.</strong></span> <span class='ocrx_word' id='word_1_406' title='bbox 1621 5784 1643 5831; x_wconf 78' lang='lat' dir='ltr'><strong>si</strong></span> <span class='ocrx_word' id='word_1_407' title='bbox 1659 5797 1699 5833; x_wconf 79' lang='lat' dir='ltr'><strong>ma</strong></span> <span class='ocrx_word' id='word_1_408' title='bbox 1715 5782 1766 5834; x_wconf 86' lang='lat' dir='ltr'><strong>BV</strong></span> 
     </span>
     <span class='ocr_line' id='line_1_38' title="bbox 441 5856 1763 5925; baseline -0.002 -12"><span class='ocrx_word' id='word_1_409' title='bbox 441 5892 467 5901; x_wconf 96' lang='lat'>-</span> <span class='ocrx_word' id='word_1_410' title='bbox 486 5865 527 5914; x_wconf 74' lang='lat' dir='ltr'><strong>ab.</strong></span> <span class='ocrx_word' id='word_1_411' title='bbox 545 5863 694 5925; x_wconf 72' lang='lat' dir='ltr'><strong>respondeto</strong></span> <span class='ocrx_word' id='word_1_412' title='bbox 710 5868 739 5913; x_wconf 80' lang='lat' dir='ltr'><strong>ut</strong></span> <span class='ocrx_word' id='word_1_413' title='bbox 754 5875 799 5911; x_wconf 82' lang='lat' dir='ltr'><strong>uos</strong></span> <span class='ocrx_word' id='word_1_414' title='bbox 813 5863 870 5924; x_wconf 82' lang='lat' dir='ltr'><strong>ipso</strong></span> <span class='ocrx_word' id='word_1_415' title='bbox 886 5862 954 5912; x_wconf 81' lang='lat' dir='ltr'><strong>ducit</strong></span> <span class='ocrx_word' id='word_1_416' title='bbox 970 5862 1010 5911; x_wconf 75' lang='lat' dir='ltr'><strong>oct</strong></span> <span class='ocrx_word' id='word_1_417' title='bbox 1021 5866 1040 5912; x_wconf 85' lang='lat' dir='ltr'>A</span> <span class='ocrx_word' id='word_1_418' title='bbox 1056 5889 1082 5898; x_wconf 96' lang='lat'>-</span> <span class='ocrx_word' id='word_1_419' title='bbox 1096 5861 1137 5911; x_wconf 80' lang='lat'><strong>26.</strong></span> <span class='ocrx_word' id='word_1_420' title='bbox 1150 5861 1238 5922; x_wconf 83' lang='lat' dir='ltr'><strong>inquid</strong></span> <span class='ocrx_word' id='word_1_421' title='bbox 1249 5858 1280 5911; x_wconf 78' lang='grc' dir='ltr'><strong>Αι</strong></span> <span class='ocrx_word' id='word_1_422' title='bbox 1293 5889 1321 5898; x_wconf 94' lang='grc'>-</span> <span class='ocrx_word' id='word_1_423' title='bbox 1333 5862 1404 5911; x_wconf 79' lang='lat' dir='ltr'><strong>ducat</strong></span> <span class='ocrx_word' id='word_1_424' title='bbox 1422 5859 1606 5911; x_wconf 86' lang='lat' dir='ltr'><strong>lleindorliua:</strong></span> <span class='ocrx_word' id='word_1_425' title='bbox 1625 5859 1693 5909; x_wconf 78' lang='lat' dir='ltr'><strong>ducit</strong></span> <span class='ocrx_word' id='word_1_426' title='bbox 1705 5856 1763 5910; x_wconf 64' lang='lat'><strong>210.</strong></span> 
     </span>
    </p>
   </div>
   <div class='ocr_carea' id='block_1_6' title="bbox 0 0 2176 7459">
    <p class='ocr_par' dir='ltr' id='par_1_7' title="bbox 0 0 2176 7459">
     <span class='ocr_line' id='line_1_39' title="bbox 0 0 2176 7459; baseline 0 2"><span class='ocrx_word' id='word_1_427' title='bbox 0 0 2176 7459; x_wconf 95' lang='lat' dir='ltr'><strong> </strong></span> 
     </span>
    </p>
   </div>
  </div>
 </body>
</html>
