<?xml version="1.0" encoding="UTF-8"?>
<!DOCTYPE html PUBLIC "-//W3C//DTD XHTML 1.0 Transitional//EN"
    "http://www.w3.org/TR/xhtml1/DTD/xhtml1-transitional.dtd">
<html xmlns="http://www.w3.org/1999/xhtml" xml:lang="en" lang="en">
 <head>
  <title>
</title>
<meta http-equiv="Content-Type" content="text/html;charset=utf-8" />
  <meta name='ocr-system' content='tesseract 3.04.00' />
  <meta name='ocr-capabilities' content='ocr_page ocr_carea ocr_par ocr_line ocrx_word'/>
</head>
<body>
  <div class='ocr_page' id='page_1' title='image "./operaquaesupers00halmgoog/operaquaesupers00halmgoog_0336.png"; bbox 0 0 4342 7459; ppageno 0'>
   <div class='ocr_carea' id='block_1_1' title="bbox 441 1196 1473 1268">
    <p class='ocr_par' dir='ltr' id='par_1_1' title="bbox 441 1196 1473 1268">
     <span class='ocr_line' id='line_1_1' title="bbox 441 1196 1473 1268; baseline 0.003 -3"><span class='ocrx_word' id='word_1_1' title='bbox 441 1198 504 1265; x_wconf 77' lang='lat'><strong>320</strong></span> <span class='ocrx_word' id='word_1_2' title='bbox 689 1226 692 1231; x_wconf 93' lang='lat'><em>·</em></span> <span class='ocrx_word' id='word_1_3' title='bbox 793 1199 1118 1266; x_wconf 69' lang='lat' dir='ltr'><strong>auscultassent:</strong></span> <span class='ocrx_word' id='word_1_4' title='bbox 1138 1196 1473 1268; x_wconf 71' lang='lat' dir='ltr'><strong>DISPUTATIONUH</strong></span> 
     </span>
    </p>
   </div>
   <div class='ocr_carea' id='block_1_2' title="bbox 368 1359 1772 3788">
    <p class='ocr_par' dir='ltr' id='par_1_2' title="bbox 368 1359 1772 2746">
     <span class='ocr_line' id='line_1_2' title="bbox 443 1359 1768 1446; baseline 0.002 -22"><span class='ocrx_word' id='word_1_5' title='bbox 443 1360 550 1444; x_wconf 83' lang='lat' dir='ltr'><strong>Scipio</strong></span> <span class='ocrx_word' id='word_1_6' title='bbox 577 1359 706 1444; x_wconf 88' lang='lat' dir='ltr'><strong>quidem</strong></span> <span class='ocrx_word' id='word_1_7' title='bbox 732 1359 811 1436; x_wconf 79' lang='lat' dir='ltr'><strong>ille,</strong></span> <span class='ocrx_word' id='word_1_8' title='bbox 829 1360 971 1444; x_wconf 73' lang='lat' dir='ltr'><strong>pontifex</strong></span> <span class='ocrx_word' id='word_1_9' title='bbox 993 1381 1174 1437; x_wconf 84' lang='lat' dir='ltr'><strong>maxumus,</strong></span> <span class='ocrx_word' id='word_1_10' title='bbox 1204 1362 1259 1446; x_wconf 88' lang='lat' dir='ltr'><strong>qui</strong></span> <span class='ocrx_word' id='word_1_11' title='bbox 1280 1359 1343 1425; x_wconf 92' lang='lat' dir='ltr'><strong>boc</strong></span> <span class='ocrx_word' id='word_1_12' title='bbox 1364 1360 1544 1427; x_wconf 88' lang='lat' dir='ltr'><strong>Stoicorum</strong></span> <span class='ocrx_word' id='word_1_13' title='bbox 1565 1381 1675 1426; x_wconf 86' lang='lat' dir='ltr'><strong>verum</strong></span> <span class='ocrx_word' id='word_1_14' title='bbox 1696 1380 1768 1427; x_wconf 85' lang='lat' dir='ltr'><strong>esse</strong></span> 
     </span>
     <span class='ocr_line' id='line_1_3' title="bbox 442 1454 1772 1539; baseline 0.003 -23"><span class='ocrx_word' id='word_1_15' title='bbox 442 1454 628 1529; x_wconf 80' lang='lat' dir='ltr'><strong>declaravit,</strong></span> <span class='ocrx_word' id='word_1_16' title='bbox 650 1474 822 1538; x_wconf 78' lang='lat' dir='ltr'><strong>numquam</strong></span> <span class='ocrx_word' id='word_1_17' title='bbox 845 1454 998 1539; x_wconf 89' lang='lat' dir='ltr'><strong>privatum</strong></span> <span class='ocrx_word' id='word_1_18' title='bbox 1021 1475 1092 1518; x_wconf 91' lang='lat' dir='ltr'><strong>esse</strong></span> <span class='ocrx_word' id='word_1_19' title='bbox 1114 1455 1307 1538; x_wconf 80' lang='lat' dir='ltr'><strong>sapientem,</strong></span> <span class='ocrx_word' id='word_1_20' title='bbox 1328 1454 1431 1519; x_wconf 90' lang='lat' dir='ltr'><strong>iratus</strong></span> <span class='ocrx_word' id='word_1_21' title='bbox 1453 1454 1578 1519; x_wconf 87' lang='lat' dir='ltr'><strong>ridetur</strong></span> <span class='ocrx_word' id='word_1_22' title='bbox 1598 1455 1696 1519; x_wconf 90' lang='lat' dir='ltr'><strong>fuisse</strong></span> <span class='ocrx_word' id='word_1_23' title='bbox 1722 1455 1772 1520; x_wconf 89' lang='lat' dir='ltr'><strong>Ti.</strong></span> 
     </span>
     <span class='ocr_line' id='line_1_4' title="bbox 441 1548 1772 1634; baseline 0.002 -23"><span class='ocrx_word' id='word_1_24' title='bbox 441 1548 582 1611; x_wconf 84' lang='lat' dir='ltr'><strong>Graccho</strong></span> <span class='ocrx_word' id='word_1_25' title='bbox 604 1558 684 1622; x_wconf 91' lang='lat' dir='ltr'><strong>tum,</strong></span> <span class='ocrx_word' id='word_1_26' title='bbox 707 1569 778 1613; x_wconf 91' lang='lat' dir='ltr'><strong>cum</strong></span> <span class='ocrx_word' id='word_1_27' title='bbox 801 1549 962 1612; x_wconf 90' lang='lat' dir='ltr'><strong>consulem</strong></span> <span class='ocrx_word' id='word_1_28' title='bbox 986 1550 1187 1634; x_wconf 75' lang='lat' dir='ltr'><strong>languentem</strong></span> <span class='ocrx_word' id='word_1_29' title='bbox 1209 1548 1339 1634; x_wconf 89' lang='lat' dir='ltr'><strong>reliquit</strong></span> <span class='ocrx_word' id='word_1_30' title='bbox 1353 1558 1449 1633; x_wconf 90' lang='lat' dir='ltr'><strong>atque</strong></span> <span class='ocrx_word' id='word_1_31' title='bbox 1472 1550 1541 1633; x_wconf 92' lang='lat' dir='ltr'><strong>ipse</strong></span> <span class='ocrx_word' id='word_1_32' title='bbox 1562 1548 1714 1633; x_wconf 81' lang='lat' dir='ltr'><strong>privatus,</strong></span> <span class='ocrx_word' id='word_1_33' title='bbox 1736 1555 1772 1613; x_wconf 92' lang='lat' dir='ltr'><strong>ut</strong></span> 
     </span>
     <span class='ocr_line' id='line_1_5' title="bbox 368 1642 1772 1729; baseline 0.002 -24"><span class='ocrx_word' id='word_1_34' title='bbox 368 1679 370 1688; x_wconf 66' lang='lat'><strong>.</strong></span> <span class='ocrx_word' id='word_1_35' title='bbox 441 1642 467 1705; x_wconf 92' lang='lat' dir='ltr'><strong>si</strong></span> <span class='ocrx_word' id='word_1_36' title='bbox 490 1642 601 1705; x_wconf 90' lang='lat' dir='ltr'><strong>consul</strong></span> <span class='ocrx_word' id='word_1_37' title='bbox 623 1651 722 1717; x_wconf 87' lang='lat' dir='ltr'><strong>esset,</strong></span> <span class='ocrx_word' id='word_1_38' title='bbox 752 1643 808 1727; x_wconf 91' lang='lat' dir='ltr'><strong>qui</strong></span> <span class='ocrx_word' id='word_1_39' title='bbox 831 1663 897 1706; x_wconf 91' lang='lat' dir='ltr'><strong>rem</strong></span> <span class='ocrx_word' id='word_1_40' title='bbox 920 1643 1076 1727; x_wconf 83' lang='lat' dir='ltr'><strong>publicam</strong></span> <span class='ocrx_word' id='word_1_41' title='bbox 1099 1643 1217 1708; x_wconf 82' lang='lat' dir='ltr'><strong>salvam</strong></span> <span class='ocrx_word' id='word_1_42' title='bbox 1240 1663 1311 1708; x_wconf 88' lang='lat' dir='ltr'><strong>esse</strong></span> <span class='ocrx_word' id='word_1_43' title='bbox 1333 1642 1466 1719; x_wconf 92' lang='lat' dir='ltr'><strong>vellent,</strong></span> <span class='ocrx_word' id='word_1_44' title='bbox 1493 1663 1527 1706; x_wconf 88' lang='lat' dir='ltr'><strong>se</strong></span> <span class='ocrx_word' id='word_1_45' title='bbox 1550 1643 1639 1729; x_wconf 84' lang='lat' dir='ltr'><strong>sequi</strong></span> <span class='ocrx_word' id='word_1_46' title='bbox 1669 1644 1772 1708; x_wconf 90' lang='lat' dir='ltr'><strong>iussit.</strong></span> 
     </span>
     <span class='ocr_line' id='line_1_6' title="bbox 417 1732 1772 1821; baseline -0.001 -19"><span class='ocrx_word' id='word_1_47' title='bbox 417 1734 491 1802; x_wconf 68' lang='lat' dir='ltr'><strong>aaa.</strong></span> <span class='ocrx_word' id='word_1_48' title='bbox 514 1737 626 1799; x_wconf 90' lang='lat' dir='ltr'><strong>Nescio</strong></span> <span class='ocrx_word' id='word_1_49' title='bbox 649 1737 762 1821; x_wconf 91' lang='lat' dir='ltr'><strong>ecquid</strong></span> <span class='ocrx_word' id='word_1_50' title='bbox 785 1738 845 1819; x_wconf 91' lang='lat' dir='ltr'><strong>ipsi</strong></span> <span class='ocrx_word' id='word_1_51' title='bbox 867 1756 926 1801; x_wconf 92' lang='lat' dir='ltr'><strong>nos</strong></span> <span class='ocrx_word' id='word_1_52' title='bbox 947 1735 1070 1800; x_wconf 89' lang='lat' dir='ltr'><strong>fortiter</strong></span> <span class='ocrx_word' id='word_1_53' title='bbox 1091 1736 1124 1800; x_wconf 93' lang='lat' dir='ltr'><strong>in</strong></span> <span class='ocrx_word' id='word_1_54' title='bbox 1147 1757 1181 1800; x_wconf 93' lang='lat' dir='ltr'><strong>re</strong></span> <span class='ocrx_word' id='word_1_55' title='bbox 1204 1736 1329 1820; x_wconf 88' lang='lat' dir='ltr'><strong>publica</strong></span> <span class='ocrx_word' id='word_1_56' title='bbox 1349 1732 1535 1800; x_wconf 77' lang='lat' dir='ltr'><strong>fecerimus:</strong></span> <span class='ocrx_word' id='word_1_57' title='bbox 1559 1738 1586 1801; x_wconf 92' lang='lat' dir='ltr'><strong>si</strong></span> <span class='ocrx_word' id='word_1_58' title='bbox 1601 1736 1678 1819; x_wconf 92' lang='lat' dir='ltr'><strong>quid</strong></span> <span class='ocrx_word' id='word_1_59' title='bbox 1692 1737 1772 1801; x_wconf 87' lang='lat' dir='ltr'><strong>feci·</strong></span> 
     </span>
     <span class='ocr_line' id='line_1_7' title="bbox 441 1827 1771 1917; baseline 0.002 -25"><span class='ocrx_word' id='word_1_60' title='bbox 441 1849 524 1903; x_wconf 91' lang='lat' dir='ltr'><strong>mus,</strong></span> <span class='ocrx_word' id='word_1_61' title='bbox 553 1837 637 1893; x_wconf 91' lang='lat' dir='ltr'><strong>certe</strong></span> <span class='ocrx_word' id='word_1_62' title='bbox 665 1830 735 1917; x_wconf 91' lang='lat' dir='ltr'><strong>irati</strong></span> <span class='ocrx_word' id='word_1_63' title='bbox 758 1850 821 1893; x_wconf 91' lang='lat' dir='ltr'><strong>non</strong></span> <span class='ocrx_word' id='word_1_64' title='bbox 843 1827 984 1894; x_wconf 87' lang='lat' dir='ltr'><strong>fecimus.</strong></span> <span class='ocrx_word' id='word_1_65' title='bbox 1016 1830 1065 1893; x_wconf 78' lang='lat' dir='ltr'><strong>An</strong></span> <span class='ocrx_word' id='word_1_66' title='bbox 1088 1839 1135 1894; x_wconf 89' lang='lat' dir='ltr'><strong>est</strong></span> <span class='ocrx_word' id='word_1_67' title='bbox 1156 1830 1328 1914; x_wconf 87' lang='lat' dir='ltr'><strong>quicquam</strong></span> <span class='ocrx_word' id='word_1_68' title='bbox 1350 1829 1484 1895; x_wconf 91' lang='lat' dir='ltr'><strong>similius</strong></span> <span class='ocrx_word' id='word_1_69' title='bbox 1507 1830 1653 1915; x_wconf 84' lang='lat' dir='ltr'><strong>insaniae</strong></span> <span class='ocrx_word' id='word_1_70' title='bbox 1674 1851 1771 1915; x_wconf 83' lang='lat' dir='ltr'><strong>qnam</strong></span> 
     </span>
     <span class='ocr_line' id='line_1_8' title="bbox 440 1923 1772 2008; baseline 0.004 -24"><span class='ocrx_word' id='word_1_71' title='bbox 440 1924 508 1986; x_wconf 80' lang='lat' dir='ltr'><strong>irat</strong></span> <span class='ocrx_word' id='word_1_72' title='bbox 529 1943 624 2007; x_wconf 89' lang='lat' dir='ltr'><strong>quam</strong></span> <span class='ocrx_word' id='word_1_73' title='bbox 639 1923 720 1986; x_wconf 88' lang='lat' dir='ltr'><strong>bene</strong></span> <span class='ocrx_word' id='word_1_74' title='bbox 734 1924 857 1988; x_wconf 86' lang='lat' dir='ltr'><strong>Ennius</strong></span> <span class='ocrx_word' id='word_1_75' title='bbox 871 1923 995 1988; x_wconf 89' lang='lat' dir='ltr'><strong>initium</strong></span> <span class='ocrx_word' id='word_1_76' title='bbox 1009 1923 1090 1987; x_wconf 85' lang='lat' dir='ltr'><strong>dixit</strong></span> <span class='ocrx_word' id='word_1_77' title='bbox 1104 1924 1256 1988; x_wconf 84' lang='lat' dir='ltr'><strong>insaniae.</strong></span> <span class='ocrx_word' id='word_1_78' title='bbox 1286 1924 1391 1999; x_wconf 84' lang='lat' dir='ltr'><strong>Color,</strong></span> <span class='ocrx_word' id='word_1_79' title='bbox 1414 1943 1488 1999; x_wconf 87' lang='lat' dir='ltr'><strong>vox,</strong></span> <span class='ocrx_word' id='word_1_80' title='bbox 1510 1924 1606 1999; x_wconf 89' lang='lat' dir='ltr'><strong>oculi,</strong></span> <span class='ocrx_word' id='word_1_81' title='bbox 1629 1923 1772 2008; x_wconf 91' lang='lat' dir='ltr'><strong>spiritus,</strong></span> 
     </span>
     <span class='ocr_line' id='line_1_9' title="bbox 439 2016 1771 2102; baseline 0.002 -25"><span class='ocrx_word' id='word_1_82' title='bbox 439 2016 615 2098; x_wconf 89' lang='lat' dir='ltr'><strong>inpotentia</strong></span> <span class='ocrx_word' id='word_1_83' title='bbox 642 2017 797 2081; x_wconf 88' lang='lat' dir='ltr'><strong>dictorum</strong></span> <span class='ocrx_word' id='word_1_84' title='bbox 827 2037 863 2082; x_wconf 93' lang='lat' dir='ltr'><strong>ac</strong></span> <span class='ocrx_word' id='word_1_85' title='bbox 891 2017 1045 2081; x_wconf 88' lang='lat' dir='ltr'><strong>factorum</strong></span> <span class='ocrx_word' id='word_1_86' title='bbox 1076 2038 1171 2102; x_wconf 90' lang='lat' dir='ltr'><strong>qnam</strong></span> <span class='ocrx_word' id='word_1_87' title='bbox 1202 2024 1322 2101; x_wconf 89' lang='lat' dir='ltr'><strong>partem</strong></span> <span class='ocrx_word' id='word_1_88' title='bbox 1345 2017 1465 2081; x_wconf 88' lang='lat' dir='ltr'><strong>habent</strong></span> <span class='ocrx_word' id='word_1_89' title='bbox 1486 2017 1652 2081; x_wconf 72' lang='lat' dir='ltr'><strong>sanitatis?</strong></span> <span class='ocrx_word' id='word_1_90' title='bbox 1684 2016 1771 2094; x_wconf 85' lang='lat' dir='ltr'><strong>Quid</strong></span> 
     </span>
     <span class='ocr_line' id='line_1_10' title="bbox 439 2109 1771 2196; baseline 0.002 -24"><span class='ocrx_word' id='word_1_91' title='bbox 439 2110 561 2173; x_wconf 79' lang='lat' dir='ltr'><strong>Achille</strong></span> <span class='ocrx_word' id='word_1_92' title='bbox 586 2110 755 2174; x_wconf 85' lang='lat' dir='ltr'><strong>Homerico</strong></span> <span class='ocrx_word' id='word_1_93' title='bbox 782 2110 926 2187; x_wconf 91' lang='lat' dir='ltr'><strong>foedius,</strong></span> <span class='ocrx_word' id='word_1_94' title='bbox 956 2112 1033 2196; x_wconf 90' lang='lat' dir='ltr'><strong>quid</strong></span> <span class='ocrx_word' id='word_1_95' title='bbox 1062 2111 1297 2194; x_wconf 81' lang='lat' dir='ltr'><strong>Agamemnone</strong></span> <span class='ocrx_word' id='word_1_96' title='bbox 1326 2111 1359 2174; x_wconf 88' lang='lat' dir='ltr'><strong>in</strong></span> <span class='ocrx_word' id='word_1_97' title='bbox 1389 2111 1518 2193; x_wconf 84' lang='lat' dir='ltr'><strong>iurgio‘t</strong></span> <span class='ocrx_word' id='word_1_98' title='bbox 1547 2129 1619 2173; x_wconf 82' lang='lat' dir='ltr'><strong>nam</strong></span> <span class='ocrx_word' id='word_1_99' title='bbox 1642 2109 1771 2175; x_wconf 74' lang='lat' dir='ltr'><strong>hiscem</strong></span> 
     </span>
     <span class='ocr_line' id='line_1_11' title="bbox 402 2203 1771 2290; baseline 0.001 -24"><span class='ocrx_word' id='word_1_100' title='bbox 402 2204 567 2288; x_wconf 76' lang='lat' dir='ltr'><strong>mquidem</strong></span> <span class='ocrx_word' id='word_1_101' title='bbox 589 2204 635 2267; x_wconf 90' lang='lat' dir='ltr'><strong>ira</strong></span> <span class='ocrx_word' id='word_1_102' title='bbox 657 2204 696 2267; x_wconf 90' lang='lat' dir='ltr'><strong>ad</strong></span> <span class='ocrx_word' id='word_1_103' title='bbox 718 2203 856 2268; x_wconf 92' lang='lat' dir='ltr'><strong>furorem</strong></span> <span class='ocrx_word' id='word_1_104' title='bbox 880 2213 1077 2290; x_wconf 89' lang='lat' dir='ltr'><strong>mortemque</strong></span> <span class='ocrx_word' id='word_1_105' title='bbox 1100 2204 1272 2287; x_wconf 81' lang='lat' dir='ltr'><strong>perduxit&#39;</strong></span> <span class='ocrx_word' id='word_1_106' title='bbox 1291 2206 1361 2267; x_wconf 89' lang='lat' dir='ltr'><strong>Non</strong></span> <span class='ocrx_word' id='word_1_107' title='bbox 1385 2204 1483 2287; x_wconf 91' lang='lat' dir='ltr'><strong>igitur</strong></span> <span class='ocrx_word' id='word_1_108' title='bbox 1502 2204 1664 2268; x_wconf 88' lang='lat' dir='ltr'><strong>desiderat</strong></span> <span class='ocrx_word' id='word_1_109' title='bbox 1682 2204 1771 2268; x_wconf 87' lang='lat' dir='ltr'><strong>forti-</strong></span> 
     </span>
     <span class='ocr_line' id='line_1_12' title="bbox 440 2296 1771 2381; baseline 0.002 -21"><span class='ocrx_word' id='word_1_110' title='bbox 440 2299 516 2361; x_wconf 87' lang='lat' dir='ltr'><strong>tudo</strong></span> <span class='ocrx_word' id='word_1_111' title='bbox 539 2296 722 2362; x_wconf 87' lang='lat' dir='ltr'><strong>advocatam</strong></span> <span class='ocrx_word' id='word_1_112' title='bbox 744 2297 957 2362; x_wconf 87' lang='lat' dir='ltr'><strong>iracundiam:</strong></span> <span class='ocrx_word' id='word_1_113' title='bbox 980 2299 1056 2365; x_wconf 87' lang='lat' dir='ltr'><strong>eatis</strong></span> <span class='ocrx_word' id='word_1_114' title='bbox 1078 2306 1128 2362; x_wconf 90' lang='lat' dir='ltr'><strong>est</strong></span> <span class='ocrx_word' id='word_1_115' title='bbox 1148 2298 1316 2372; x_wconf 86' lang='lat' dir='ltr'><strong>instructa,</strong></span> <span class='ocrx_word' id='word_1_116' title='bbox 1338 2306 1463 2381; x_wconf 88' lang='lat' dir='ltr'><strong>parata,</strong></span> <span class='ocrx_word' id='word_1_117' title='bbox 1485 2305 1603 2362; x_wconf 86' lang='lat' dir='ltr'><strong>armata</strong></span> <span class='ocrx_word' id='word_1_118' title='bbox 1618 2317 1676 2381; x_wconf 91' lang='lat' dir='ltr'><strong>per</strong></span> <span class='ocrx_word' id='word_1_119' title='bbox 1689 2317 1771 2362; x_wconf 90' lang='lat' dir='ltr'><strong>sese.</strong></span> 
     </span>
     <span class='ocr_line' id='line_1_13' title="bbox 439 2390 1771 2476; baseline -0.002 -21"><span class='ocrx_word' id='word_1_120' title='bbox 439 2394 517 2455; x_wconf 88' lang='lat' dir='ltr'><strong>Nam</strong></span> <span class='ocrx_word' id='word_1_121' title='bbox 539 2392 600 2455; x_wconf 91' lang='lat' dir='ltr'><strong>isto</strong></span> <span class='ocrx_word' id='word_1_122' title='bbox 623 2390 752 2476; x_wconf 90' lang='lat' dir='ltr'><strong>quidem</strong></span> <span class='ocrx_word' id='word_1_123' title='bbox 774 2391 870 2455; x_wconf 91' lang='lat' dir='ltr'><strong>modo</strong></span> <span class='ocrx_word' id='word_1_124' title='bbox 893 2392 967 2456; x_wconf 92' lang='lat' dir='ltr'><strong>licet</strong></span> <span class='ocrx_word' id='word_1_125' title='bbox 988 2391 1091 2455; x_wconf 87' lang='lat' dir='ltr'><strong>dicere</strong></span> <span class='ocrx_word' id='word_1_126' title='bbox 1116 2391 1226 2455; x_wconf 89' lang='lat' dir='ltr'><strong>utilem</strong></span> <span class='ocrx_word' id='word_1_127' title='bbox 1248 2391 1454 2455; x_wconf 82' lang='lat' dir='ltr'><strong>vinolentiam</strong></span> <span class='ocrx_word' id='word_1_128' title='bbox 1475 2391 1516 2455; x_wconf 88' lang='lat' dir='ltr'><strong>ad</strong></span> <span class='ocrx_word' id='word_1_129' title='bbox 1538 2390 1771 2466; x_wconf 89' lang='lat' dir='ltr'><strong>fortitudinem,</strong></span> 
     </span>
     <span class='ocr_line' id='line_1_14' title="bbox 440 2483 1771 2571; baseline 0 -22"><span class='ocrx_word' id='word_1_130' title='bbox 440 2487 548 2549; x_wconf 91' lang='lat' dir='ltr'><strong>utilem</strong></span> <span class='ocrx_word' id='word_1_131' title='bbox 579 2486 672 2550; x_wconf 89' lang='lat' dir='ltr'><strong>etiam</strong></span> <span class='ocrx_word' id='word_1_132' title='bbox 701 2484 907 2563; x_wconf 89' lang='lat' dir='ltr'><strong>dementiam,</strong></span> <span class='ocrx_word' id='word_1_133' title='bbox 938 2485 1024 2571; x_wconf 91' lang='lat' dir='ltr'><strong>quod</strong></span> <span class='ocrx_word' id='word_1_134' title='bbox 1054 2493 1086 2550; x_wconf 92' lang='lat' dir='ltr'><strong>et</strong></span> <span class='ocrx_word' id='word_1_135' title='bbox 1113 2486 1216 2548; x_wconf 90' lang='lat' dir='ltr'><strong>insani</strong></span> <span class='ocrx_word' id='word_1_136' title='bbox 1245 2492 1276 2549; x_wconf 90' lang='lat' dir='ltr'><strong>et</strong></span> <span class='ocrx_word' id='word_1_137' title='bbox 1305 2485 1383 2548; x_wconf 86' lang='lat' dir='ltr'><strong>ebrii</strong></span> <span class='ocrx_word' id='word_1_138' title='bbox 1415 2485 1514 2549; x_wconf 88' lang='lat' dir='ltr'><strong>multa</strong></span> <span class='ocrx_word' id='word_1_139' title='bbox 1534 2483 1654 2549; x_wconf 89' lang='lat' dir='ltr'><strong>faciunt</strong></span> <span class='ocrx_word' id='word_1_140' title='bbox 1675 2503 1771 2569; x_wconf 85' lang='lat' dir='ltr'><strong>saepe</strong></span> 
     </span>
     <span class='ocr_line' id='line_1_15' title="bbox 439 2576 1706 2662; baseline 0.001 -21"><span class='ocrx_word' id='word_1_141' title='bbox 439 2578 668 2643; x_wconf 89' lang='lat' dir='ltr'><strong>vehementius.</strong></span> <span class='ocrx_word' id='word_1_142' title='bbox 702 2580 834 2662; x_wconf 90' lang='lat' dir='ltr'><strong>Semper</strong></span> <span class='ocrx_word' id='word_1_143' title='bbox 854 2580 935 2644; x_wconf 81' lang='lat' dir='ltr'><strong>Aiax</strong></span> <span class='ocrx_word' id='word_1_144' title='bbox 956 2576 1059 2654; x_wconf 87' lang='lat' dir='ltr'><strong>fortis,</strong></span> <span class='ocrx_word' id='word_1_145' title='bbox 1081 2578 1272 2657; x_wconf 76' lang='lat' dir='ltr'><strong>fortissimae</strong></span> <span class='ocrx_word' id='word_1_146' title='bbox 1296 2586 1402 2643; x_wconf 72' lang='lat' dir='ltr'><strong>maren</strong></span> <span class='ocrx_word' id='word_1_147' title='bbox 1425 2578 1457 2641; x_wconf 93' lang='lat' dir='ltr'><strong>in</strong></span> <span class='ocrx_word' id='word_1_148' title='bbox 1479 2577 1609 2656; x_wconf 75' lang='lat' dir='ltr'><strong>furore:</strong></span> <span class='ocrx_word' id='word_1_149' title='bbox 1632 2598 1706 2643; x_wconf 90' lang='lat' dir='ltr'><strong>nam</strong></span> 
     </span>
     <span class='ocr_line' id='line_1_16' title="bbox 404 2671 1724 2746; baseline 0.002 -11"><span class='ocrx_word' id='word_1_150' title='bbox 404 2697 431 2742; x_wconf 76' lang='lat' dir='ltr'><strong>ss</strong></span> <span class='ocrx_word' id='word_1_151' title='bbox 524 2706 565 2717; x_wconf 91' lang='lat'>-</span> <span class='ocrx_word' id='word_1_152' title='bbox 587 2671 751 2736; x_wconf 88' lang='lat' dir='ltr'><strong>facinus</strong></span> <span class='ocrx_word' id='word_1_153' title='bbox 773 2671 871 2737; x_wconf 89' lang='lat' dir='ltr'><strong>lecit</strong></span> <span class='ocrx_word' id='word_1_154' title='bbox 892 2673 1118 2746; x_wconf 84' lang='lat' dir='ltr'><strong>maximnm,</strong></span> <span class='ocrx_word' id='word_1_155' title='bbox 1141 2692 1225 2736; x_wconf 92' lang='lat' dir='ltr'><strong>cum</strong></span> <span class='ocrx_word' id='word_1_156' title='bbox 1248 2674 1393 2736; x_wconf 89' lang='lat' dir='ltr'><strong>Danais</strong></span> <span class='ocrx_word' id='word_1_157' title='bbox 1415 2672 1724 2737; x_wconf 78' lang='lat' dir='ltr'><strong>inclinantibus</strong></span> 
     </span>
    </p>

    <p class='ocr_par' dir='ltr' id='par_1_3' title="bbox 524 2765 1691 2851">
     <span class='ocr_line' id='line_1_17' title="bbox 524 2765 1691 2851; baseline 0 -22"><span class='ocrx_word' id='word_1_158' title='bbox 524 2766 709 2830; x_wconf 88' lang='lat' dir='ltr'><strong>Summam</strong></span> <span class='ocrx_word' id='word_1_159' title='bbox 730 2786 810 2830; x_wconf 91' lang='lat' dir='ltr'><strong>rem</strong></span> <span class='ocrx_word' id='word_1_160' title='bbox 834 2765 1025 2850; x_wconf 82' lang='lat' dir='ltr'><strong>perfecit,</strong></span> <span class='ocrx_word' id='word_1_161' title='bbox 1055 2785 1164 2831; x_wconf 91' lang='lat' dir='ltr'><strong>manu</strong></span> <span class='ocrx_word' id='word_1_162' title='bbox 1186 2786 1257 2831; x_wconf 89' lang='lat' dir='ltr'><strong>sua</strong></span> <span class='ocrx_word' id='word_1_163' title='bbox 1278 2766 1471 2831; x_wconf 90' lang='lat' dir='ltr'><strong>restitnit</strong></span> <span class='ocrx_word' id='word_1_164' title='bbox 1492 2766 1691 2851; x_wconf 92' lang='lat' dir='ltr'><strong>proelium</strong></span> 
     </span>
    </p>

    <p class='ocr_par' dir='ltr' id='par_1_4' title="bbox 524 2859 745 2924">
     <span class='ocr_line' id='line_1_18' title="bbox 524 2859 745 2924; baseline 0.014 -3"><span class='ocrx_word' id='word_1_165' title='bbox 524 2859 745 2924; x_wconf 83' lang='lat' dir='ltr'><strong>Insaniens.</strong></span> 
     </span>
    </p>

    <p class='ocr_par' dir='ltr' id='par_1_5' title="bbox 438 2950 1772 3226">
     <span class='ocr_line' id='line_1_19' title="bbox 523 2950 1771 3038; baseline 0.002 -23"><span class='ocrx_word' id='word_1_166' title='bbox 523 2952 638 3015; x_wconf 82' lang='lat' dir='ltr'><strong>XXIV.</strong></span> <span class='ocrx_word' id='word_1_167' title='bbox 660 2950 712 3016; x_wconf 83' lang='lat'><strong>53.</strong></span> <span class='ocrx_word' id='word_1_168' title='bbox 734 2954 882 3017; x_wconf 89' lang='lat' dir='ltr'><strong>Dicamus</strong></span> <span class='ocrx_word' id='word_1_169' title='bbox 902 2953 998 3038; x_wconf 90' lang='lat' dir='ltr'><strong>igitur</strong></span> <span class='ocrx_word' id='word_1_170' title='bbox 1019 2952 1130 3018; x_wconf 91' lang='lat' dir='ltr'><strong>utilem</strong></span> <span class='ocrx_word' id='word_1_171' title='bbox 1151 2954 1329 3018; x_wconf 74' lang='lat' dir='ltr'><strong>insaniam?</strong></span> <span class='ocrx_word' id='word_1_172' title='bbox 1352 2955 1464 3019; x_wconf 89' lang='lat' dir='ltr'><strong>Tracta</strong></span> <span class='ocrx_word' id='word_1_173' title='bbox 1485 2950 1684 3018; x_wconf 85' lang='lat' dir='ltr'><strong>delinitione:</strong></span> <span class='ocrx_word' id='word_1_174' title='bbox 1706 2952 1771 3018; x_wconf 90' lang='lat' dir='ltr'><strong>for·</strong></span> 
     </span>
     <span class='ocr_line' id='line_1_20' title="bbox 438 3045 1772 3132; baseline -0.001 -20"><span class='ocrx_word' id='word_1_175' title='bbox 438 3046 600 3113; x_wconf 85' lang='lat' dir='ltr'><strong>titudinis:</strong></span> <span class='ocrx_word' id='word_1_176' title='bbox 623 3046 787 3132; x_wconf 78' lang='lat' dir='ltr'><strong>intelleges</strong></span> <span class='ocrx_word' id='word_1_177' title='bbox 810 3068 879 3112; x_wconf 91' lang='lat' dir='ltr'><strong>eam</strong></span> <span class='ocrx_word' id='word_1_178' title='bbox 901 3049 1062 3112; x_wconf 85' lang='lat' dir='ltr'><strong>stomacho</strong></span> <span class='ocrx_word' id='word_1_179' title='bbox 1084 3068 1150 3111; x_wconf 93' lang='lat' dir='ltr'><strong>non</strong></span> <span class='ocrx_word' id='word_1_180' title='bbox 1172 3068 1276 3131; x_wconf 88' lang='lat' dir='ltr'><strong>egere.</strong></span> <span class='ocrx_word' id='word_1_181' title='bbox 1310 3047 1474 3112; x_wconf 79' lang='lat' dir='ltr'><strong>Fortitudo</strong></span> <span class='ocrx_word' id='word_1_182' title='bbox 1497 3054 1545 3112; x_wconf 92' lang='lat' dir='ltr'><strong>est</strong></span> <span class='ocrx_word' id='word_1_183' title='bbox 1566 3047 1662 3131; x_wconf 87' lang='lat' dir='ltr'><strong>igitur</strong></span> <span class='ocrx_word' id='word_1_184' title='bbox 1682 3045 1772 3112; x_wconf 84' lang='lat' dir='ltr'><strong>adfe-</strong></span> 
     </span>
     <span class='ocr_line' id='line_1_21' title="bbox 440 3141 1771 3226; baseline 0 -21"><span class='ocrx_word' id='word_1_185' title='bbox 440 3143 503 3206; x_wconf 90' lang='lat' dir='ltr'><strong>ctio</strong></span> <span class='ocrx_word' id='word_1_186' title='bbox 525 3141 621 3204; x_wconf 89' lang='lat' dir='ltr'><strong>animi</strong></span> <span class='ocrx_word' id='word_1_187' title='bbox 643 3142 706 3226; x_wconf 94' lang='lat' dir='ltr'><strong>legi</strong></span> <span class='ocrx_word' id='word_1_188' title='bbox 728 3162 870 3205; x_wconf 87' lang='lat' dir='ltr'><strong>summae</strong></span> <span class='ocrx_word' id='word_1_189' title='bbox 896 3142 928 3205; x_wconf 90' lang='lat' dir='ltr'><strong>in</strong></span> <span class='ocrx_word' id='word_1_190' title='bbox 958 3141 1171 3226; x_wconf 89' lang='lat' dir='ltr'><strong>perpetiendis</strong></span> <span class='ocrx_word' id='word_1_191' title='bbox 1195 3142 1288 3205; x_wconf 90' lang='lat' dir='ltr'><strong>rebus</strong></span> <span class='ocrx_word' id='word_1_192' title='bbox 1310 3141 1548 3225; x_wconf 88' lang='lat' dir='ltr'><strong>obtemperans,</strong></span> <span class='ocrx_word' id='word_1_193' title='bbox 1570 3141 1621 3204; x_wconf 89' lang='lat' dir='ltr'><strong>vel</strong></span> <span class='ocrx_word' id='word_1_194' title='bbox 1643 3161 1771 3205; x_wconf 85' lang='lat' dir='ltr'><strong>consen·</strong></span> 
     </span>
    </p>

    <p class='ocr_par' dir='ltr' id='par_1_6' title="bbox 401 3233 1772 3695">
     <span class='ocr_line' id='line_1_22' title="bbox 401 3233 1772 3320; baseline 0.001 -22"><span class='ocrx_word' id='word_1_195' title='bbox 401 3236 523 3299; x_wconf 81' lang='lat' dir='ltr'><strong>:ovatio</strong></span> <span class='ocrx_word' id='word_1_196' title='bbox 545 3233 666 3297; x_wconf 88' lang='lat' dir='ltr'><strong>stabilis</strong></span> <span class='ocrx_word' id='word_1_197' title='bbox 687 3235 796 3299; x_wconf 90' lang='lat' dir='ltr'><strong>iudicii</strong></span> <span class='ocrx_word' id='word_1_198' title='bbox 817 3236 850 3298; x_wconf 93' lang='lat' dir='ltr'><strong>in</strong></span> <span class='ocrx_word' id='word_1_199' title='bbox 873 3235 920 3299; x_wconf 90' lang='lat' dir='ltr'><strong>eis</strong></span> <span class='ocrx_word' id='word_1_200' title='bbox 941 3235 1053 3311; x_wconf 87' lang='lat' dir='ltr'><strong>rebus,</strong></span> <span class='ocrx_word' id='word_1_201' title='bbox 1076 3255 1158 3320; x_wconf 89' lang='lat' dir='ltr'><strong>quae</strong></span> <span class='ocrx_word' id='word_1_202' title='bbox 1177 3234 1403 3298; x_wconf 90' lang='lat' dir='ltr'><strong>formidolosae</strong></span> <span class='ocrx_word' id='word_1_203' title='bbox 1418 3233 1574 3311; x_wconf 86' lang='lat' dir='ltr'><strong>ridentur,</strong></span> <span class='ocrx_word' id='word_1_204' title='bbox 1596 3234 1772 3299; x_wconf 82' lang='lat' dir='ltr'><strong>subeundis</strong></span> 
     </span>
     <span class='ocr_line' id='line_1_23' title="bbox 439 3326 1771 3412; baseline -0.001 -20"><span class='ocrx_word' id='word_1_205' title='bbox 439 3338 471 3392; x_wconf 93' lang='lat' dir='ltr'><strong>et</strong></span> <span class='ocrx_word' id='word_1_206' title='bbox 497 3326 702 3412; x_wconf 89' lang='lat' dir='ltr'><strong>repellendis,</strong></span> <span class='ocrx_word' id='word_1_207' title='bbox 730 3330 780 3393; x_wconf 91' lang='lat' dir='ltr'><strong>vel</strong></span> <span class='ocrx_word' id='word_1_208' title='bbox 809 3330 941 3394; x_wconf 88' lang='lat' dir='ltr'><strong>scientia</strong></span> <span class='ocrx_word' id='word_1_209' title='bbox 962 3350 1067 3393; x_wconf 88' lang='lat' dir='ltr'><strong>rerum</strong></span> <span class='ocrx_word' id='word_1_210' title='bbox 1098 3327 1374 3393; x_wconf 87' lang='lat' dir='ltr'><strong>formidolosarum</strong></span> <span class='ocrx_word' id='word_1_211' title='bbox 1397 3328 1693 3412; x_wconf 85' lang='lat' dir='ltr'><strong>contrariarumque</strong></span> <span class='ocrx_word' id='word_1_212' title='bbox 1715 3333 1771 3393; x_wconf 87' lang='lat' dir='ltr'><strong>sut</strong></span> 
     </span>
     <span class='ocr_line' id='line_1_24' title="bbox 438 3420 1769 3506; baseline -0.001 -20"><span class='ocrx_word' id='word_1_213' title='bbox 438 3424 566 3486; x_wconf 93' lang='lat' dir='ltr'><strong>omnino</strong></span> <span class='ocrx_word' id='word_1_214' title='bbox 595 3421 878 3506; x_wconf 89' lang='lat' dir='ltr'><strong>neglegendarum,</strong></span> <span class='ocrx_word' id='word_1_215' title='bbox 907 3442 1099 3487; x_wconf 88' lang='lat' dir='ltr'><strong>conservans</strong></span> <span class='ocrx_word' id='word_1_216' title='bbox 1126 3442 1232 3486; x_wconf 89' lang='lat' dir='ltr'><strong>earum</strong></span> <span class='ocrx_word' id='word_1_217' title='bbox 1262 3442 1366 3486; x_wconf 90' lang='lat' dir='ltr'><strong>rerum</strong></span> <span class='ocrx_word' id='word_1_218' title='bbox 1391 3423 1503 3486; x_wconf 90' lang='lat' dir='ltr'><strong>stabile</strong></span> <span class='ocrx_word' id='word_1_219' title='bbox 1526 3421 1694 3497; x_wconf 89' lang='lat' dir='ltr'><strong>iudicium,</strong></span> <span class='ocrx_word' id='word_1_220' title='bbox 1716 3420 1769 3485; x_wconf 89' lang='lat' dir='ltr'><strong>vel</strong></span> 
     </span>
     <span class='ocr_line' id='line_1_25' title="bbox 438 3515 1768 3601; baseline 0.003 -24"><span class='ocrx_word' id='word_1_221' title='bbox 438 3515 581 3591; x_wconf 84' lang='lat' dir='ltr'><strong>brevius,</strong></span> <span class='ocrx_word' id='word_1_222' title='bbox 613 3524 647 3578; x_wconf 93' lang='lat' dir='ltr'><strong>ut</strong></span> <span class='ocrx_word' id='word_1_223' title='bbox 676 3515 934 3599; x_wconf 83' lang='lat' dir='ltr'><strong>Chrysippus-</strong></span> <span class='ocrx_word' id='word_1_224' title='bbox 958 3535 1030 3580; x_wconf 88' lang='lat' dir='ltr'><strong>nam</strong></span> <span class='ocrx_word' id='word_1_225' title='bbox 1060 3518 1242 3601; x_wconf 90' lang='lat' dir='ltr'><strong>superiores</strong></span> <span class='ocrx_word' id='word_1_226' title='bbox 1273 3515 1473 3580; x_wconf 86' lang='lat' dir='ltr'><strong>definitiones</strong></span> <span class='ocrx_word' id='word_1_227' title='bbox 1502 3525 1593 3581; x_wconf 89' lang='lat' dir='ltr'><strong>erant</strong></span> <span class='ocrx_word' id='word_1_228' title='bbox 1622 3517 1768 3599; x_wconf 83' lang='lat' dir='ltr'><strong>Sphaeri,</strong></span> 
     </span>
     <span class='ocr_line' id='line_1_26' title="bbox 436 3606 1766 3695; baseline 0.002 -23"><span class='ocrx_word' id='word_1_229' title='bbox 436 3609 575 3673; x_wconf 91' lang='lat' dir='ltr'><strong>bominis</strong></span> <span class='ocrx_word' id='word_1_230' title='bbox 597 3610 629 3671; x_wconf 94' lang='lat' dir='ltr'><strong>in</strong></span> <span class='ocrx_word' id='word_1_231' title='bbox 652 3609 760 3693; x_wconf 90' lang='lat' dir='ltr'><strong>primis</strong></span> <span class='ocrx_word' id='word_1_232' title='bbox 782 3609 862 3672; x_wconf 92' lang='lat' dir='ltr'><strong>bene</strong></span> <span class='ocrx_word' id='word_1_233' title='bbox 886 3606 1080 3685; x_wconf 87' lang='lat' dir='ltr'><strong>definientis,</strong></span> <span class='ocrx_word' id='word_1_234' title='bbox 1103 3620 1138 3674; x_wconf 93' lang='lat' dir='ltr'><strong>ut</strong></span> <span class='ocrx_word' id='word_1_235' title='bbox 1159 3616 1270 3695; x_wconf 92' lang='lat' dir='ltr'><strong>putant</strong></span> <span class='ocrx_word' id='word_1_236' title='bbox 1292 3609 1408 3687; x_wconf 79' lang='lat' dir='ltr'><strong>Stoici:</strong></span> <span class='ocrx_word' id='word_1_237' title='bbox 1432 3617 1507 3674; x_wconf 89' lang='lat' dir='ltr'><strong>sunt</strong></span> <span class='ocrx_word' id='word_1_238' title='bbox 1527 3611 1611 3674; x_wconf 91' lang='lat' dir='ltr'><strong>enim</strong></span> <span class='ocrx_word' id='word_1_239' title='bbox 1635 3611 1766 3675; x_wconf 88' lang='lat' dir='ltr'><strong>omnino</strong></span> 
     </span>
    </p>

    <p class='ocr_par' dir='ltr' id='par_1_7' title="bbox 400 3702 1767 3788">
     <span class='ocr_line' id='line_1_27' title="bbox 400 3702 1767 3788; baseline 0 -18"><span class='ocrx_word' id='word_1_240' title='bbox 400 3723 547 3770; x_wconf 82' lang='lat' dir='ltr'><strong>:somnes</strong></span> <span class='ocrx_word' id='word_1_241' title='bbox 568 3702 634 3766; x_wconf 90' lang='lat' dir='ltr'><strong>fere</strong></span> <span class='ocrx_word' id='word_1_242' title='bbox 656 3704 791 3777; x_wconf 90' lang='lat' dir='ltr'><strong>similes,</strong></span> <span class='ocrx_word' id='word_1_243' title='bbox 813 3704 869 3766; x_wconf 91' lang='lat' dir='ltr'><strong>sed</strong></span> <span class='ocrx_word' id='word_1_244' title='bbox 891 3703 1052 3768; x_wconf 90' lang='lat' dir='ltr'><strong>declarant</strong></span> <span class='ocrx_word' id='word_1_245' title='bbox 1073 3705 1248 3769; x_wconf 92' lang='lat' dir='ltr'><strong>communis</strong></span> <span class='ocrx_word' id='word_1_246' title='bbox 1269 3704 1430 3780; x_wconf 86' lang='lat' dir='ltr'><strong>notiones,</strong></span> <span class='ocrx_word' id='word_1_247' title='bbox 1452 3703 1515 3768; x_wconf 89' lang='lat' dir='ltr'><strong>alia</strong></span> <span class='ocrx_word' id='word_1_248' title='bbox 1532 3703 1631 3788; x_wconf 81' lang='lat' dir='ltr'><strong>magis</strong></span> <span class='ocrx_word' id='word_1_249' title='bbox 1646 3704 1711 3770; x_wconf 78' lang='lat' dir='ltr'><strong>slis</strong></span> <span class='ocrx_word' id='word_1_250' title='bbox 1724 3738 1767 3751; x_wconf 92' lang='lat'>-</span> 
     </span>
    </p>
   </div>
   <div class='ocr_carea' id='block_1_3' title="bbox 442 3890 1765 3942">
    <p class='ocr_par' dir='ltr' id='par_1_8' title="bbox 442 3890 1765 3942">
     <span class='ocr_line' id='line_1_28' title="bbox 442 3890 1765 3942; baseline 0 -27"><span class='ocrx_word' id='word_1_251' title='bbox 442 3890 1765 3942; x_wconf 77' lang='grc'>--.-..-.-,.--..--..</span> 
     </span>
    </p>
   </div>
   <div class='ocr_carea' id='block_1_4' title="bbox 393 4026 1775 5961">
    <p class='ocr_par' dir='ltr' id='par_1_9' title="bbox 393 4026 1775 5961">
     <span class='ocr_line' id='line_1_29' title="bbox 393 4026 1764 4095; baseline -0.001 -14"><span class='ocrx_word' id='word_1_252' title='bbox 393 4048 396 4053; x_wconf 93' lang='grc'><em>·</em></span> <span class='ocrx_word' id='word_1_253' title='bbox 504 4033 528 4082; x_wconf 88' lang='lat' dir='ltr'><strong>l.</strong></span> <span class='ocrx_word' id='word_1_254' title='bbox 544 4030 666 4095; x_wconf 71' lang='lat' dir='ltr'><strong>postutare</strong></span> <span class='ocrx_word' id='word_1_255' title='bbox 683 4029 732 4079; x_wconf 81' lang='lat' dir='ltr'><strong>GR</strong></span> <span class='ocrx_word' id='word_1_256' title='bbox 749 4055 782 4067; x_wconf 97' lang='lat'>-</span> <span class='ocrx_word' id='word_1_257' title='bbox 798 4029 956 4080; x_wconf 72' lang='lat' dir='ltr'><strong>swicicouuo</strong></span> <span class='ocrx_word' id='word_1_258' title='bbox 972 4030 1035 4089; x_wconf 73' lang='lat' dir='ltr'><strong>Gli:</strong></span> <span class='ocrx_word' id='word_1_259' title='bbox 1053 4030 1124 4080; x_wconf 74' lang='lat' dir='ltr'><strong>amici</strong></span> <span class='ocrx_word' id='word_1_260' title='bbox 1140 4043 1247 4094; x_wconf 80' lang='lat' dir='ltr'><strong>quorum</strong></span> <span class='ocrx_word' id='word_1_261' title='bbox 1265 4029 1409 4094; x_wconf 82' lang='lat' dir='ltr'><strong>(superscr.</strong></span> <span class='ocrx_word' id='word_1_262' title='bbox 1422 4026 1481 4078; x_wconf 89' lang='lat' dir='ltr'><strong>ead.</strong></span> <span class='ocrx_word' id='word_1_263' title='bbox 1495 4040 1531 4079; x_wconf 92' lang='lat' dir='ltr'><strong>m.</strong></span> <span class='ocrx_word' id='word_1_264' title='bbox 1544 4028 1687 4091; x_wconf 61' lang='lat' dir='ltr'><strong>monuo)</strong></span> <span class='ocrx_word' id='word_1_265' title='bbox 1705 4029 1724 4080; x_wconf 85' lang='grc' dir='ltr'><strong><em>Β</em></strong></span> <span class='ocrx_word' id='word_1_266' title='bbox 1738 4054 1764 4067; x_wconf 91' lang='grc'><strong>-</strong></span> 
     </span>
     <span class='ocr_line' id='line_1_30' title="bbox 438 4101 1766 4171; baseline -0.002 -15"><span class='ocrx_word' id='word_1_267' title='bbox 438 4108 462 4157; x_wconf 86' lang='grc'><strong>3.</strong></span> <span class='ocrx_word' id='word_1_268' title='bbox 480 4108 574 4171; x_wconf 75' lang='lat' dir='ltr'><strong>procbo</strong></span> <span class='ocrx_word' id='word_1_269' title='bbox 592 4108 611 4156; x_wconf 89' lang='lat' dir='ltr'><strong>c</strong></span> <span class='ocrx_word' id='word_1_270' title='bbox 630 4131 656 4141; x_wconf 97' lang='lat'>-</span> <span class='ocrx_word' id='word_1_271' title='bbox 676 4105 701 4156; x_wconf 85' lang='lat' dir='ltr'><strong>l.</strong></span> <span class='ocrx_word' id='word_1_272' title='bbox 719 4105 793 4155; x_wconf 84' lang='lat' dir='ltr'><strong>soluo</strong></span> <span class='ocrx_word' id='word_1_273' title='bbox 809 4106 858 4156; x_wconf 78' lang='lat' dir='ltr'><strong>Gli</strong></span> <span class='ocrx_word' id='word_1_274' title='bbox 878 4131 904 4141; x_wconf 96' lang='lat'>-</span> <span class='ocrx_word' id='word_1_275' title='bbox 923 4104 995 4156; x_wconf 83' lang='lat' dir='ltr'><strong>uellet</strong></span> <span class='ocrx_word' id='word_1_276' title='bbox 1012 4105 1076 4165; x_wconf 89' lang='lat' dir='ltr'><strong>CO,</strong></span> <span class='ocrx_word' id='word_1_277' title='bbox 1096 4107 1187 4169; x_wconf 83' lang='lat' dir='ltr'><strong>«quasi</strong></span> <span class='ocrx_word' id='word_1_278' title='bbox 1205 4118 1268 4155; x_wconf 85' lang='lat' dir='ltr'><strong>vero</strong></span> <span class='ocrx_word' id='word_1_279' title='bbox 1285 4116 1367 4154; x_wconf 89' lang='lat' dir='ltr'><strong>unum</strong></span> <span class='ocrx_word' id='word_1_280' title='bbox 1380 4101 1495 4166; x_wconf 86' lang='lat' dir='ltr'><strong>aliquem</strong></span> <span class='ocrx_word' id='word_1_281' title='bbox 1507 4115 1537 4153; x_wconf 90' lang='lat' dir='ltr'><strong>se</strong></span> <span class='ocrx_word' id='word_1_282' title='bbox 1554 4104 1631 4166; x_wconf 90' lang='lat' dir='ltr'><strong>sequi</strong></span> <span class='ocrx_word' id='word_1_283' title='bbox 1643 4102 1766 4167; x_wconf 86' lang='lat' dir='ltr'><strong>voluerit,</strong></span> 
     </span>
     <span class='ocr_line' id='line_1_31' title="bbox 437 4177 1769 4243; baseline -0.001 -12"><span class='ocrx_word' id='word_1_284' title='bbox 437 4196 469 4232; x_wconf 90' lang='lat' dir='ltr'><strong>ac</strong></span> <span class='ocrx_word' id='word_1_285' title='bbox 487 4195 539 4231; x_wconf 92' lang='lat' dir='ltr'><strong>non</strong></span> <span class='ocrx_word' id='word_1_286' title='bbox 557 4193 665 4240; x_wconf 89' lang='lat' dir='ltr'><strong>omues,</strong></span> <span class='ocrx_word' id='word_1_287' title='bbox 690 4181 852 4243; x_wconf 85' lang='lat' dir='ltr'><strong>quicumque</strong></span> <span class='ocrx_word' id='word_1_288' title='bbox 870 4192 928 4229; x_wconf 91' lang='lat' dir='ltr'><strong>rem</strong></span> <span class='ocrx_word' id='word_1_289' title='bbox 950 4192 976 4243; x_wconf 88' lang='lat' dir='ltr'><strong>p.</strong></span> <span class='ocrx_word' id='word_1_290' title='bbox 996 4177 1096 4229; x_wconf 91' lang='lat' dir='ltr'><strong>salvam</strong></span> <span class='ocrx_word' id='word_1_291' title='bbox 1114 4178 1219 4231; x_wconf 89' lang='lat' dir='ltr'><strong>vellent.</strong></span> <span class='ocrx_word' id='word_1_292' title='bbox 1247 4180 1301 4243; x_wconf 86' lang='lat' dir='ltr'><strong>Ego</strong></span> <span class='ocrx_word' id='word_1_293' title='bbox 1322 4179 1410 4230; x_wconf 88' lang='lat' dir='ltr'><strong>scribo</strong></span> <span class='ocrx_word' id='word_1_294' title='bbox 1427 4179 1531 4240; x_wconf 72' lang='lat' dir='ltr'><strong>vetunt,</strong></span> <span class='ocrx_word' id='word_1_295' title='bbox 1554 4181 1584 4228; x_wconf 92' lang='lat' dir='ltr'><strong>ut</strong></span> <span class='ocrx_word' id='word_1_296' title='bbox 1601 4191 1710 4243; x_wconf 87' lang='lat' dir='ltr'><strong>semper</strong></span> <span class='ocrx_word' id='word_1_297' title='bbox 1726 4178 1769 4230; x_wconf 75' lang='lat' dir='ltr'><strong>esi</strong></span> 
     </span>
     <span class='ocr_line' id='line_1_32' title="bbox 437 4253 1768 4319; baseline -0.002 -12"><span class='ocrx_word' id='word_1_298' title='bbox 437 4259 462 4307; x_wconf 92' lang='lat' dir='ltr'><strong>in</strong></span> <span class='ocrx_word' id='word_1_299' title='bbox 480 4256 601 4307; x_wconf 85' lang='lat' dir='ltr'><strong>sollemni</strong></span> <span class='ocrx_word' id='word_1_300' title='bbox 618 4257 668 4305; x_wconf 91' lang='lat' dir='ltr'><strong>hac</strong></span> <span class='ocrx_word' id='word_1_301' title='bbox 686 4258 812 4305; x_wconf 79' lang='lat' dir='ltr'><strong>«extremi</strong></span> <span class='ocrx_word' id='word_1_302' title='bbox 829 4267 861 4303; x_wconf 90' lang='lat' dir='ltr'><strong>ac</strong></span> <span class='ocrx_word' id='word_1_303' title='bbox 878 4253 1022 4304; x_wconf 84' lang='lat' dir='ltr'><strong>difficillimi</strong></span> <span class='ocrx_word' id='word_1_304' title='bbox 1040 4256 1183 4319; x_wconf 80' lang='lat' dir='ltr'><strong>temporis»</strong></span> <span class='ocrx_word' id='word_1_305' title='bbox 1196 4269 1272 4313; x_wconf 91' lang='lat' dir='ltr'><strong>voce,</strong></span> <span class='ocrx_word' id='word_1_306' title='bbox 1291 4268 1342 4319; x_wconf 91' lang='lat' dir='ltr'><strong>qua</strong></span> <span class='ocrx_word' id='word_1_307' title='bbox 1361 4256 1433 4305; x_wconf 89' lang='lat' dir='ltr'><strong>cives</strong></span> <span class='ocrx_word' id='word_1_308' title='bbox 1451 4254 1484 4304; x_wconf 88' lang='lat' dir='ltr'><strong>ad</strong></span> <span class='ocrx_word' id='word_1_309' title='bbox 1502 4267 1560 4304; x_wconf 91' lang='lat' dir='ltr'><strong>rem</strong></span> <span class='ocrx_word' id='word_1_310' title='bbox 1578 4266 1604 4317; x_wconf 89' lang='lat' dir='ltr'><strong>p.</strong></span> <span class='ocrx_word' id='word_1_311' title='bbox 1617 4253 1768 4305; x_wconf 87' lang='lat' dir='ltr'><strong>detenden-</strong></span> 
     </span>
     <span class='ocr_line' id='line_1_33' title="bbox 436 4320 1768 4393; baseline 0 -14"><span class='ocrx_word' id='word_1_312' title='bbox 436 4330 498 4380; x_wconf 91' lang='lat' dir='ltr'><strong>dam</strong></span> <span class='ocrx_word' id='word_1_313' title='bbox 521 4330 691 4379; x_wconf 88' lang='lat' dir='ltr'><strong>vocabantur.</strong></span> <span class='ocrx_word' id='word_1_314' title='bbox 719 4329 757 4380; x_wconf 88' lang='lat' dir='ltr'><strong>Cf.</strong></span> <span class='ocrx_word' id='word_1_315' title='bbox 777 4330 810 4379; x_wconf 89' lang='lat' dir='ltr'><strong>de</strong></span> <span class='ocrx_word' id='word_1_316' title='bbox 833 4328 928 4379; x_wconf 90' lang='lat' dir='ltr'><strong>eadem</strong></span> <span class='ocrx_word' id='word_1_317' title='bbox 951 4342 980 4379; x_wconf 88' lang='lat' dir='ltr'><strong>re</strong></span> <span class='ocrx_word' id='word_1_318' title='bbox 998 4331 1108 4393; x_wconf 78' lang='lat' dir='ltr'><strong>Appiae.</strong></span> <span class='ocrx_word' id='word_1_319' title='bbox 1134 4332 1161 4381; x_wconf 84' lang='grc' dir='ltr'><strong>Β.</strong></span> <span class='ocrx_word' id='word_1_320' title='bbox 1180 4332 1236 4380; x_wconf 86' lang='lat' dir='ltr'><strong>Civ.</strong></span> <span class='ocrx_word' id='word_1_321' title='bbox 1256 4332 1280 4390; x_wconf 90' lang='grc' dir='ltr'><strong>Ι,</strong></span> <span class='ocrx_word' id='word_1_322' title='bbox 1299 4330 1347 4379; x_wconf 80' lang='grc'><strong>46;</strong></span> <span class='ocrx_word' id='word_1_323' title='bbox 1375 4323 1449 4388; x_wconf 80' lang='grc' dir='ltr'>ἐβόα</span> <span class='ocrx_word' id='word_1_324' title='bbox 1460 4354 1497 4365; x_wconf 87' lang='grc'><strong>-·</strong></span> <span class='ocrx_word' id='word_1_325' title='bbox 1508 4320 1630 4378; x_wconf 69' lang='grc' dir='ltr'><em>ἔπεσθαι</em></span> <span class='ocrx_word' id='word_1_326' title='bbox 1652 4328 1683 4377; x_wconf 83' lang='lat' dir='ltr'><strong>oi</strong></span> <span class='ocrx_word' id='word_1_327' title='bbox 1698 4325 1768 4391; x_wconf 74' lang='lat' dir='ltr'><strong>:orig</strong></span> 
     </span>
     <span class='ocr_line' id='line_1_34' title="bbox 435 4399 1769 4476; baseline -0.003 -20"><span class='ocrx_word' id='word_1_328' title='bbox 435 4404 588 4468; x_wconf 75' lang='grc' dir='ltr'><em>ἐθέλοντας</em></span> <span class='ocrx_word' id='word_1_329' title='bbox 605 4402 748 4468; x_wconf 78' lang='grc' dir='ltr'><em>σώζεσθαι</em></span> <span class='ocrx_word' id='word_1_330' title='bbox 765 4402 818 4471; x_wconf 77' lang='grc' dir='ltr'><strong>τὴν</strong></span> <span class='ocrx_word' id='word_1_331' title='bbox 835 4403 964 4476; x_wconf 76' lang='grc' dir='ltr'><strong>πατρίδα.</strong></span> <span class='ocrx_word' id='word_1_332' title='bbox 987 4404 1054 4455; x_wconf 86' lang='lat' dir='ltr'><strong>Plut.</strong></span> <span class='ocrx_word' id='word_1_333' title='bbox 1072 4407 1110 4456; x_wconf 88' lang='lat' dir='ltr'><strong>Ti.</strong></span> <span class='ocrx_word' id='word_1_334' title='bbox 1129 4405 1241 4456; x_wconf 88' lang='lat' dir='ltr'><strong>Graccb.</strong></span> <span class='ocrx_word' id='word_1_335' title='bbox 1262 4405 1306 4456; x_wconf 74' lang='lat'><strong>⁴9:</strong></span> <span class='ocrx_word' id='word_1_336' title='bbox 1332 4404 1363 4454; x_wconf 81' lang='lat' dir='ltr'><strong>ol</strong></span> <span class='ocrx_word' id='word_1_337' title='bbox 1383 4400 1560 4468; x_wconf 73' lang='grc' dir='ltr'><strong><em>βουλόμενοι</em></strong></span> <span class='ocrx_word' id='word_1_338' title='bbox 1581 4406 1643 4466; x_wconf 77' lang='grc' dir='ltr'><strong><em>τοῖς</em></strong></span> <span class='ocrx_word' id='word_1_339' title='bbox 1665 4399 1769 4469; x_wconf 76' lang='grc' dir='ltr'><strong><em>νόμοις</em></strong></span> 
     </span>
     <span class='ocr_line' id='line_1_35' title="bbox 434 4474 1770 4546; baseline 0 -16"><span class='ocrx_word' id='word_1_340' title='bbox 434 4479 555 4546; x_wconf 75' lang='grc' dir='ltr'>βοηθεῖν</span> <span class='ocrx_word' id='word_1_341' title='bbox 578 4474 772 4531; x_wconf 76' lang='grc' dir='ltr'><strong>ἀκολουθεῖτε.</strong></span> <span class='ocrx_word' id='word_1_342' title='bbox 799 4477 889 4530; x_wconf 89' lang='lat' dir='ltr'><strong>Vellei.</strong></span> <span class='ocrx_word' id='word_1_343' title='bbox 908 4483 1010 4529; x_wconf 86' lang='lat' dir='ltr'><strong>Patere.</strong></span> <span class='ocrx_word' id='word_1_344' title='bbox 1030 4482 1065 4540; x_wconf 90' lang='lat' dir='ltr'><strong>ll,</strong></span> <span class='ocrx_word' id='word_1_345' title='bbox 1084 4480 1117 4528; x_wconf 76' lang='lat'><strong>2:</strong></span> <span class='ocrx_word' id='word_1_346' title='bbox 1142 4480 1255 4531; x_wconf 80' lang='lat' dir='ltr'><strong>hortatus</strong></span> <span class='ocrx_word' id='word_1_347' title='bbox 1271 4485 1321 4542; x_wconf 84' lang='lat' dir='ltr'><strong>est,</strong></span> <span class='ocrx_word' id='word_1_348' title='bbox 1340 4481 1383 4542; x_wconf 89' lang='lat' dir='ltr'><strong>qui</strong></span> <span class='ocrx_word' id='word_1_349' title='bbox 1399 4480 1497 4530; x_wconf 83' lang='lat' dir='ltr'><strong>solvam</strong></span> <span class='ocrx_word' id='word_1_350' title='bbox 1512 4480 1600 4531; x_wconf 76' lang='lat' dir='ltr'><strong>uellest</strong></span> <span class='ocrx_word' id='word_1_351' title='bbox 1616 4492 1671 4529; x_wconf 84' lang='lat' dir='ltr'><strong>rem</strong></span> <span class='ocrx_word' id='word_1_352' title='bbox 1685 4493 1724 4542; x_wconf 89' lang='lat' dir='ltr'><strong>p.,</strong></span> <span class='ocrx_word' id='word_1_353' title='bbox 1742 4492 1770 4530; x_wconf 78' lang='lat' dir='ltr'><strong>ss</strong></span> 
     </span>
     <span class='ocr_line' id='line_1_36' title="bbox 435 4552 1768 4619; baseline -0.003 -13"><span class='ocrx_word' id='word_1_354' title='bbox 435 4562 603 4619; x_wconf 80' lang='lat' dir='ltr'><strong>sequerentur.</strong></span> <span class='ocrx_word' id='word_1_355' title='bbox 622 4555 708 4606; x_wconf 86' lang='lat' dir='ltr'><strong>valer.</strong></span> <span class='ocrx_word' id='word_1_356' title='bbox 721 4556 789 4605; x_wconf 81' lang='lat' dir='ltr'><strong>Max.</strong></span> <span class='ocrx_word' id='word_1_357' title='bbox 803 4555 846 4615; x_wconf 90' lang='grc' dir='ltr'>ΙΙΙ,</span> <span class='ocrx_word' id='word_1_358' title='bbox 858 4556 884 4616; x_wconf 73' lang='lat'><strong>2,</strong></span> <span class='ocrx_word' id='word_1_359' title='bbox 898 4556 942 4604; x_wconf 79' lang='lat' dir='ltr'><strong>ll:</strong></span> <span class='ocrx_word' id='word_1_360' title='bbox 962 4555 1010 4618; x_wconf 84' lang='lat' dir='ltr'><strong>Qui</strong></span> <span class='ocrx_word' id='word_1_361' title='bbox 1025 4553 1120 4617; x_wconf 84' lang='lat' dir='ltr'><strong>reru’p.</strong></span> <span class='ocrx_word' id='word_1_362' title='bbox 1133 4555 1230 4606; x_wconf 84' lang='lat' dir='ltr'><strong>suloom</strong></span> <span class='ocrx_word' id='word_1_363' title='bbox 1246 4568 1296 4606; x_wconf 80' lang='lat' dir='ltr'><strong>etse</strong></span> <span class='ocrx_word' id='word_1_364' title='bbox 1311 4555 1409 4617; x_wconf 80' lang='lat' dir='ltr'><strong>uolunt,</strong></span> <span class='ocrx_word' id='word_1_365' title='bbox 1427 4569 1467 4606; x_wconf 81' lang='lat' dir='ltr'><strong>ure</strong></span> <span class='ocrx_word' id='word_1_366' title='bbox 1482 4558 1626 4617; x_wconf 82' lang='lat' dir='ltr'><strong>sequautur.</strong></span> <span class='ocrx_word' id='word_1_367' title='bbox 1645 4552 1680 4605; x_wconf 88' lang='lat' dir='ltr'><strong>de</strong></span> <span class='ocrx_word' id='word_1_368' title='bbox 1692 4554 1768 4604; x_wconf 86' lang='lat' dir='ltr'><strong>simi-</strong></span> 
     </span>
     <span class='ocr_line' id='line_1_37' title="bbox 436 4627 1765 4695; baseline -0.002 -14"><span class='ocrx_word' id='word_1_369' title='bbox 436 4632 504 4682; x_wconf 87' lang='lat' dir='ltr'><strong>libus</strong></span> <span class='ocrx_word' id='word_1_370' title='bbox 521 4630 602 4680; x_wconf 89' lang='lat' dir='ltr'><strong>rebus</strong></span> <span class='ocrx_word' id='word_1_371' title='bbox 620 4632 674 4680; x_wconf 87' lang='lat' dir='ltr'><strong>Cic.</strong></span> <span class='ocrx_word' id='word_1_372' title='bbox 693 4643 719 4695; x_wconf 93' lang='lat' dir='ltr'><strong>p.</strong></span> <span class='ocrx_word' id='word_1_373' title='bbox 739 4630 767 4679; x_wconf 89' lang='lat' dir='ltr'><strong>C.</strong></span> <span class='ocrx_word' id='word_1_374' title='bbox 787 4627 891 4678; x_wconf 83' lang='lat' dir='ltr'><strong>Rabirio</strong></span> <span class='ocrx_word' id='word_1_375' title='bbox 908 4630 924 4692; x_wconf 75' lang='lat' dir='ltr'>s</span> <span class='ocrx_word' id='word_1_376' title='bbox 941 4629 987 4679; x_wconf 75' lang='lat'><strong>20:</strong></span> <span class='ocrx_word' id='word_1_377' title='bbox 1015 4630 1058 4691; x_wconf 87' lang='lat' dir='ltr'><strong>qui</strong></span> <span class='ocrx_word' id='word_1_378' title='bbox 1073 4642 1168 4692; x_wconf 84' lang='lat' dir='ltr'><strong>remp.</strong></span> <span class='ocrx_word' id='word_1_379' title='bbox 1186 4630 1471 4691; x_wconf 65' lang='lat' dir='ltr'><strong>edomationem,</strong></span> <span class='ocrx_word' id='word_1_380' title='bbox 1490 4630 1649 4690; x_wconf 80' lang='lat' dir='ltr'><strong>--sessqui</strong></span> <span class='ocrx_word' id='word_1_381' title='bbox 1672 4628 1765 4678; x_wconf 83' lang='lat' dir='ltr'><strong>iubeat.</strong></span> 
     </span>
     <span class='ocr_line' id='line_1_38' title="bbox 435 4702 1765 4769; baseline -0.004 -13"><span class='ocrx_word' id='word_1_382' title='bbox 435 4708 537 4769; x_wconf 80' lang='lat' dir='ltr'><strong>Fragm.</strong></span> <span class='ocrx_word' id='word_1_383' title='bbox 556 4704 661 4756; x_wconf 84' lang='lat' dir='ltr'><strong>cornel.</strong></span> <span class='ocrx_word' id='word_1_384' title='bbox 680 4718 706 4769; x_wconf 93' lang='lat' dir='ltr'><strong>p.</strong></span> <span class='ocrx_word' id='word_1_385' title='bbox 724 4705 756 4753; x_wconf 78' lang='lat'><strong>75</strong></span> <span class='ocrx_word' id='word_1_386' title='bbox 773 4704 816 4754; x_wconf 89' lang='lat' dir='ltr'><strong>ed.</strong></span> <span class='ocrx_word' id='word_1_387' title='bbox 836 4705 894 4754; x_wconf 75' lang='lat' dir='ltr'><strong>Or:</strong></span> <span class='ocrx_word' id='word_1_388' title='bbox 919 4704 962 4766; x_wconf 89' lang='lat' dir='ltr'><strong>qui</strong></span> <span class='ocrx_word' id='word_1_389' title='bbox 978 4716 1032 4753; x_wconf 88' lang='lat' dir='ltr'><strong>rem</strong></span> <span class='ocrx_word' id='word_1_390' title='bbox 1051 4717 1078 4765; x_wconf 88' lang='lat' dir='ltr'><strong>p.</strong></span> <span class='ocrx_word' id='word_1_391' title='bbox 1097 4704 1195 4754; x_wconf 71' lang='lat' dir='ltr'><strong>sebum</strong></span> <span class='ocrx_word' id='word_1_392' title='bbox 1214 4718 1264 4755; x_wconf 83' lang='lat' dir='ltr'><strong>esse</strong></span> <span class='ocrx_word' id='word_1_393' title='bbox 1278 4706 1380 4766; x_wconf 68' lang='lat' dir='ltr'><strong>uellem,</strong></span> <span class='ocrx_word' id='word_1_394' title='bbox 1399 4711 1427 4753; x_wconf 92' lang='lat' dir='ltr'><strong>ut</strong></span> <span class='ocrx_word' id='word_1_395' title='bbox 1438 4730 1452 4741; x_wconf 95' lang='lat'><em>-</em></span> <span class='ocrx_word' id='word_1_396' title='bbox 1463 4731 1477 4742; x_wconf 95' lang='lat'><em>-</em></span> <span class='ocrx_word' id='word_1_397' title='bbox 1489 4704 1608 4755; x_wconf 72' lang='lat' dir='ltr'><strong>cousus.</strong></span> <span class='ocrx_word' id='word_1_398' title='bbox 1633 4714 1660 4766; x_wconf 91' lang='lat' dir='ltr'><strong>p.</strong></span> <span class='ocrx_word' id='word_1_399' title='bbox 1678 4702 1765 4752; x_wconf 82' lang='lat' dir='ltr'><strong>Sestio</strong></span> 
     </span>
     <span class='ocr_line' id='line_1_39' title="bbox 435 4776 1767 4846; baseline -0.005 -14"><span class='ocrx_word' id='word_1_400' title='bbox 435 4782 518 4846; x_wconf 73' lang='lat'><strong>5⁴28.</strong></span> <span class='ocrx_word' id='word_1_401' title='bbox 539 4782 623 4832; x_wconf 83' lang='lat' dir='ltr'><strong>Pison.</strong></span> <span class='ocrx_word' id='word_1_402' title='bbox 638 4779 705 4844; x_wconf 67' lang='lat' dir='ltr'><strong>§db</strong></span> <span class='ocrx_word' id='word_1_403' title='bbox 725 4792 750 4843; x_wconf 92' lang='lat' dir='ltr'><strong>p.</strong></span> <span class='ocrx_word' id='word_1_404' title='bbox 765 4778 880 4828; x_wconf 78' lang='lat' dir='ltr'><strong>reditio</strong></span> <span class='ocrx_word' id='word_1_405' title='bbox 897 4782 991 4829; x_wconf 88' lang='lat' dir='ltr'><strong>senatu</strong></span> <span class='ocrx_word' id='word_1_406' title='bbox 1003 4779 1018 4843; x_wconf 74' lang='grc'>5</span> <span class='ocrx_word' id='word_1_407' title='bbox 1030 4778 1071 4830; x_wconf 69' lang='lat' dir='ltr'><strong>il.</strong></span> <span class='ocrx_word' id='word_1_408' title='bbox 1092 4780 1145 4829; x_wconf 86' lang='lat' dir='ltr'><strong>biv.</strong></span> <span class='ocrx_word' id='word_1_409' title='bbox 1159 4778 1202 4839; x_wconf 85' lang='lat' dir='ltr'><strong>lv,</strong></span> <span class='ocrx_word' id='word_1_410' title='bbox 1214 4779 1255 4839; x_wconf 77' lang='lat'><strong>³8,</strong></span> <span class='ocrx_word' id='word_1_411' title='bbox 1267 4780 1309 4830; x_wconf 72' lang='grc'><strong>2.·</strong></span> <span class='ocrx_word' id='word_1_412' title='bbox 1323 4780 1364 4829; x_wconf 89' lang='lat' dir='ltr'><strong>W.</strong></span> <span class='ocrx_word' id='word_1_413' title='bbox 1378 4806 1410 4817; x_wconf 90' lang='lat'>-</span> <span class='ocrx_word' id='word_1_414' title='bbox 1427 4780 1451 4829; x_wconf 89' lang='grc'><strong>6.</strong></span> <span class='ocrx_word' id='word_1_415' title='bbox 1467 4780 1570 4829; x_wconf 81' lang='lat' dir='ltr'><strong>iosouio</strong></span> <span class='ocrx_word' id='word_1_416' title='bbox 1586 4777 1636 4826; x_wconf 80' lang='lat' dir='ltr'><strong>Gli</strong></span> <span class='ocrx_word' id='word_1_417' title='bbox 1651 4802 1678 4813; x_wconf 91' lang='lat'><em>-</em></span> <span class='ocrx_word' id='word_1_418' title='bbox 1694 4776 1719 4828; x_wconf 88' lang='lat'><strong>8.</strong></span> <span class='ocrx_word' id='word_1_419' title='bbox 1733 4790 1767 4826; x_wconf 88' lang='lat' dir='ltr'><strong>uc</strong></span> 
     </span>
     <span class='ocr_line' id='line_1_40' title="bbox 435 4850 1765 4919; baseline -0.005 -13"><span class='ocrx_word' id='word_1_420' title='bbox 435 4859 471 4906; x_wconf 91' lang='lat' dir='ltr'><strong>C:</strong></span> <span class='ocrx_word' id='word_1_421' title='bbox 489 4858 594 4919; x_wconf 83' lang='lat' dir='ltr'><strong>utquco</strong></span> <span class='ocrx_word' id='word_1_422' title='bbox 609 4882 634 4891; x_wconf 90' lang='lat'>-</span> <span class='ocrx_word' id='word_1_423' title='bbox 656 4857 695 4905; x_wconf 73' lang='lat' dir='ltr'><strong>li.</strong></span> <span class='ocrx_word' id='word_1_424' title='bbox 712 4855 785 4904; x_wconf 87' lang='lat' dir='ltr'><strong>modo</strong></span> <span class='ocrx_word' id='word_1_425' title='bbox 796 4855 896 4918; x_wconf 86' lang='lat' dir='ltr'><strong>quidem</strong></span> <span class='ocrx_word' id='word_1_426' title='bbox 906 4854 963 4904; x_wconf 82' lang='lat' dir='ltr'><strong>CO.</strong></span> <span class='ocrx_word' id='word_1_427' title='bbox 983 4855 1093 4904; x_wconf 83' lang='lat' dir='ltr'><strong>·Cicero</strong></span> <span class='ocrx_word' id='word_1_428' title='bbox 1110 4855 1215 4918; x_wconf 88' lang='lat' dir='ltr'><strong>scripsit</strong></span> <span class='ocrx_word' id='word_1_429' title='bbox 1231 4855 1289 4904; x_wconf 87' lang='lat' dir='ltr'><strong>sine</strong></span> <span class='ocrx_word' id='word_1_430' title='bbox 1302 4853 1383 4904; x_wconf 90' lang='lat' dir='ltr'><strong>dnbio</strong></span> <span class='ocrx_word' id='word_1_431' title='bbox 1396 4854 1495 4914; x_wconf 83' lang='lat' dir='ltr'><strong>quidem</strong></span> <span class='ocrx_word' id='word_1_432' title='bbox 1505 4854 1594 4912; x_wconf 82' lang='lat' dir='ltr'><strong>modo;</strong></span> <span class='ocrx_word' id='word_1_433' title='bbox 1612 4850 1645 4902; x_wconf 89' lang='lat' dir='ltr'><strong>cl.</strong></span> <span class='ocrx_word' id='word_1_434' title='bbox 1659 4851 1765 4916; x_wconf 76' lang='lat' dir='ltr'><strong>iladvig</strong></span> 
     </span>
     <span class='ocr_line' id='line_1_41' title="bbox 435 4926 1765 4994; baseline -0.004 -13"><span class='ocrx_word' id='word_1_435' title='bbox 435 4932 468 4981; x_wconf 88' lang='lat' dir='ltr'><strong>ad</strong></span> <span class='ocrx_word' id='word_1_436' title='bbox 481 4933 534 4981; x_wconf 81' lang='lat' dir='ltr'><strong>b&#39;in.</strong></span> <span class='ocrx_word' id='word_1_437' title='bbox 548 4932 580 4981; x_wconf 85' lang='grc' dir='ltr'><strong>ΙΙΙ</strong></span> <span class='ocrx_word' id='word_1_438' title='bbox 593 4931 608 4994; x_wconf 70' lang='lat'><strong>3</strong></span> <span class='ocrx_word' id='word_1_439' title='bbox 620 4932 660 4980; x_wconf 77' lang='lat' dir='ltr'><strong>li.</strong></span> <span class='ocrx_word' id='word_1_440' title='bbox 680 4930 737 4980; x_wconf 90' lang='lat' dir='ltr'><strong>Vid.</strong></span> <span class='ocrx_word' id='word_1_441' title='bbox 751 4944 806 4979; x_wconf 86' lang='lat' dir='ltr'><strong>var.</strong></span> <span class='ocrx_word' id='word_1_442' title='bbox 820 4928 880 4979; x_wconf 89' lang='lat' dir='ltr'><strong>lect.</strong></span> <span class='ocrx_word' id='word_1_443' title='bbox 899 4928 932 4978; x_wconf 91' lang='lat' dir='ltr'><strong>ad</strong></span> <span class='ocrx_word' id='word_1_444' title='bbox 945 4930 976 4991; x_wconf 89' lang='lat' dir='ltr'><strong>ll,</strong></span> <span class='ocrx_word' id='word_1_445' title='bbox 990 4930 1013 4977; x_wconf 90' lang='lat' dir='ltr'><strong>l.</strong></span> <span class='ocrx_word' id='word_1_446' title='bbox 1027 4928 1067 4978; x_wconf 80' lang='grc'><strong>49.</strong></span> <span class='ocrx_word' id='word_1_447' title='bbox 1087 4929 1117 4989; x_wconf 85' lang='lat' dir='ltr'><strong>V,</strong></span> <span class='ocrx_word' id='word_1_448' title='bbox 1134 4930 1173 4979; x_wconf 89' lang='lat' dir='ltr'><strong>tl.</strong></span> <span class='ocrx_word' id='word_1_449' title='bbox 1194 4928 1270 4989; x_wconf 86' lang='lat' dir='ltr'><strong>Quod</strong></span> <span class='ocrx_word' id='word_1_450' title='bbox 1288 4927 1383 4992; x_wconf 84' lang='lat' dir='ltr'><strong>legitur</strong></span> <span class='ocrx_word' id='word_1_451' title='bbox 1394 4929 1428 4979; x_wconf 92' lang='lat' dir='ltr'><strong>de</strong></span> <span class='ocrx_word' id='word_1_452' title='bbox 1442 4929 1495 4979; x_wconf 81' lang='lat' dir='ltr'><strong>Fin.</strong></span> <span class='ocrx_word' id='word_1_453' title='bbox 1510 4931 1529 4991; x_wconf 89' lang='lat' dir='ltr'><strong>l,</strong></span> <span class='ocrx_word' id='word_1_454' title='bbox 1543 4928 1574 4979; x_wconf 82' lang='lat' dir='ltr'><strong>til</strong></span> <span class='ocrx_word' id='word_1_455' title='bbox 1591 4939 1622 4976; x_wconf 84' lang='lat' dir='ltr'><strong>us</strong></span> <span class='ocrx_word' id='word_1_456' title='bbox 1638 4926 1665 4974; x_wconf 87' lang='lat' dir='ltr'><strong>id</strong></span> <span class='ocrx_word' id='word_1_457' title='bbox 1680 4927 1765 4989; x_wconf 79' lang='lat' dir='ltr'><strong>ipsum</strong></span> 
     </span>
     <span class='ocr_line' id='line_1_42' title="bbox 434 5000 1762 5068; baseline -0.003 -13"><span class='ocrx_word' id='word_1_458' title='bbox 434 5008 532 5068; x_wconf 83' lang='lat' dir='ltr'><strong>quidem</strong></span> <span class='ocrx_word' id='word_1_459' title='bbox 548 5006 665 5068; x_wconf 80' lang='lat' dir='ltr'><strong>espcdirs</strong></span> <span class='ocrx_word' id='word_1_460' title='bbox 678 5010 780 5068; x_wconf 67' lang='lat' dir='ltr'><strong>possum</strong></span> <span class='ocrx_word' id='word_1_461' title='bbox 796 5004 863 5068; x_wconf 87' lang='lat' dir='ltr'><strong>quod</strong></span> <span class='ocrx_word' id='word_1_462' title='bbox 879 5005 1000 5053; x_wconf 75' lang='lat' dir='ltr'><strong>dissensu:</strong></span> <span class='ocrx_word' id='word_1_463' title='bbox 1017 5005 1054 5064; x_wconf 81' lang='lat' dir='ltr'><strong>l:</strong></span> <span class='ocrx_word' id='word_1_464' title='bbox 1071 5016 1104 5053; x_wconf 91' lang='lat' dir='ltr'><strong>ne</strong></span> <span class='ocrx_word' id='word_1_465' title='bbox 1123 5003 1148 5053; x_wconf 91' lang='lat' dir='ltr'><strong>id</strong></span> <span class='ocrx_word' id='word_1_466' title='bbox 1167 5006 1263 5068; x_wconf 87' lang='lat' dir='ltr'><strong>ipsum,</strong></span> <span class='ocrx_word' id='word_1_467' title='bbox 1282 5004 1354 5067; x_wconf 90' lang='lat' dir='ltr'><strong>quod</strong></span> <span class='ocrx_word' id='word_1_468' title='bbox 1371 5005 1519 5063; x_wconf 83' lang='lat' dir='ltr'><strong>disserunt,</strong></span> <span class='ocrx_word' id='word_1_469' title='bbox 1541 5000 1660 5065; x_wconf 89' lang='lat' dir='ltr'><strong>quidem,</strong></span> <span class='ocrx_word' id='word_1_470' title='bbox 1679 5001 1711 5051; x_wconf 91' lang='lat' dir='ltr'><strong>cl.</strong></span> <span class='ocrx_word' id='word_1_471' title='bbox 1733 5001 1762 5051; x_wconf 87' lang='grc' dir='ltr'><strong>Τ.</strong></span> 
     </span>
     <span class='ocr_line' id='line_1_43' title="bbox 435 5075 1763 5144; baseline -0.004 -14"><span class='ocrx_word' id='word_1_472' title='bbox 435 5083 465 5130; x_wconf 87' lang='grc' dir='ltr'><strong>Ι).</strong></span> <span class='ocrx_word' id='word_1_473' title='bbox 485 5083 526 5141; x_wconf 90' lang='grc' dir='ltr'>ΙΙΙ,</span> <span class='ocrx_word' id='word_1_474' title='bbox 545 5080 585 5130; x_wconf 82' lang='lat' dir='ltr'><strong>ta.</strong></span> <span class='ocrx_word' id='word_1_475' title='bbox 605 5094 631 5144; x_wconf 93' lang='lat' dir='ltr'><strong>p.</strong></span> <span class='ocrx_word' id='word_1_476' title='bbox 650 5081 728 5130; x_wconf 87' lang='lat' dir='ltr'><strong>Caec.</strong></span> <span class='ocrx_word' id='word_1_477' title='bbox 748 5078 763 5141; x_wconf 63' lang='grc' dir='ltr'><strong>ς</strong></span> <span class='ocrx_word' id='word_1_478' title='bbox 780 5078 820 5128; x_wconf 82' lang='grc'><strong>63.</strong></span> <span class='ocrx_word' id='word_1_479' title='bbox 839 5090 864 5141; x_wconf 88' lang='lat' dir='ltr'><strong>p.</strong></span> <span class='ocrx_word' id='word_1_480' title='bbox 883 5078 950 5127; x_wconf 82' lang='lat' dir='ltr'><strong>blus.</strong></span> <span class='ocrx_word' id='word_1_481' title='bbox 970 5076 984 5139; x_wconf 73' lang='lat'>5</span> <span class='ocrx_word' id='word_1_482' title='bbox 1001 5077 1056 5138; x_wconf 72' lang='lat'><strong>36),</strong></span> <span class='ocrx_word' id='word_1_483' title='bbox 1075 5077 1101 5126; x_wconf 91' lang='lat' dir='ltr'><strong>id</strong></span> <span class='ocrx_word' id='word_1_484' title='bbox 1119 5075 1185 5127; x_wconf 90' lang='lat' dir='ltr'><strong>alios</strong></span> <span class='ocrx_word' id='word_1_485' title='bbox 1204 5082 1308 5141; x_wconf 84' lang='lat' dir='ltr'><strong>generis</strong></span> <span class='ocrx_word' id='word_1_486' title='bbox 1325 5080 1380 5140; x_wconf 86' lang='lat' dir='ltr'><strong>est,</strong></span> <span class='ocrx_word' id='word_1_487' title='bbox 1400 5079 1434 5129; x_wconf 90' lang='lat' dir='ltr'><strong>de</strong></span> <span class='ocrx_word' id='word_1_488' title='bbox 1452 5092 1506 5142; x_wconf 90' lang='lat' dir='ltr'><strong>quo</strong></span> <span class='ocrx_word' id='word_1_489' title='bbox 1523 5077 1556 5128; x_wconf 87' lang='lat' dir='ltr'><strong>cl.</strong></span> <span class='ocrx_word' id='word_1_490' title='bbox 1575 5081 1604 5127; x_wconf 85' lang='grc' dir='ltr'><strong>Α.</strong></span> <span class='ocrx_word' id='word_1_491' title='bbox 1618 5075 1763 5126; x_wconf 85' lang='lat' dir='ltr'><strong>Grotelend</strong></span> 
     </span>
     <span class='ocr_line' id='line_1_44' title="bbox 434 5149 1766 5219; baseline -0.005 -15"><span class='ocrx_word' id='word_1_492' title='bbox 434 5156 456 5204; x_wconf 91' lang='grc' dir='ltr'><strong>ΙΙ</strong></span> <span class='ocrx_word' id='word_1_493' title='bbox 473 5168 499 5219; x_wconf 89' lang='lat' dir='ltr'><strong>p.</strong></span> <span class='ocrx_word' id='word_1_494' title='bbox 513 5154 561 5204; x_wconf 83' lang='grc'><strong>466</strong></span> <span class='ocrx_word' id='word_1_495' title='bbox 573 5156 642 5203; x_wconf 80' lang='lat' dir='ltr'><strong>cet.»</strong></span> <span class='ocrx_word' id='word_1_496' title='bbox 661 5155 702 5204; x_wconf 88' lang='lat' dir='ltr'><strong>W.</strong></span> <span class='ocrx_word' id='word_1_497' title='bbox 722 5153 760 5204; x_wconf 86' lang='lat' dir='ltr'><strong>Cf.</strong></span> <span class='ocrx_word' id='word_1_498' title='bbox 774 5153 795 5200; x_wconf 90' lang='lat' dir='ltr'>V</span> <span class='ocrx_word' id='word_1_499' title='bbox 808 5152 823 5215; x_wconf 69' lang='lat'><strong>5</strong></span> <span class='ocrx_word' id='word_1_500' title='bbox 835 5152 876 5203; x_wconf 82' lang='lat' dir='ltr'><strong>lo.</strong></span> <span class='ocrx_word' id='word_1_501' title='bbox 892 5178 919 5189; x_wconf 89' lang='lat'><em>-</em></span> <span class='ocrx_word' id='word_1_502' title='bbox 937 5152 1102 5201; x_wconf 84' lang='lat' dir='ltr'><strong>uiuuteotiom</strong></span> <span class='ocrx_word' id='word_1_503' title='bbox 1120 5152 1139 5201; x_wconf 87' lang='lat' dir='ltr'>C</span> <span class='ocrx_word' id='word_1_504' title='bbox 1154 5178 1181 5186; x_wconf 96' lang='lat'>-</span> <span class='ocrx_word' id='word_1_505' title='bbox 1201 5153 1241 5204; x_wconf 82' lang='lat' dir='ltr'><strong>ll.</strong></span> <span class='ocrx_word' id='word_1_506' title='bbox 1259 5167 1321 5203; x_wconf 81' lang='lat' dir='ltr'><strong>eom</strong></span> <span class='ocrx_word' id='word_1_507' title='bbox 1338 5156 1432 5217; x_wconf 76' lang='lat' dir='ltr'><strong>poetae</strong></span> <span class='ocrx_word' id='word_1_508' title='bbox 1449 5151 1541 5203; x_wconf 84' lang='lat' dir='ltr'><strong>tribuit</strong></span> <span class='ocrx_word' id='word_1_509' title='bbox 1558 5151 1578 5201; x_wconf 92' lang='lat'>0</span> <span class='ocrx_word' id='word_1_510' title='bbox 1596 5174 1624 5185; x_wconf 93' lang='lat'><strong>·-</strong></span> <span class='ocrx_word' id='word_1_511' title='bbox 1644 5149 1684 5199; x_wconf 82' lang='lat' dir='ltr'><strong>lb.</strong></span> <span class='ocrx_word' id='word_1_512' title='bbox 1702 5162 1766 5212; x_wconf 88' lang='lat' dir='ltr'><strong>per-</strong></span> 
     </span>
     <span class='ocr_line' id='line_1_45' title="bbox 432 5223 1766 5294; baseline -0.006 -15"><span class='ocrx_word' id='word_1_513' title='bbox 432 5231 503 5294; x_wconf 74' lang='lat' dir='ltr'><strong>secu,</strong></span> <span class='ocrx_word' id='word_1_514' title='bbox 526 5242 605 5278; x_wconf 81' lang='lat' dir='ltr'><strong>manu</strong></span> <span class='ocrx_word' id='word_1_515' title='bbox 623 5240 671 5276; x_wconf 81' lang='lat' dir='ltr'><strong>suo</strong></span> <span class='ocrx_word' id='word_1_516' title='bbox 692 5227 799 5278; x_wconf 82' lang='lat' dir='ltr'><strong>restituit</strong></span> <span class='ocrx_word' id='word_1_517' title='bbox 815 5225 940 5289; x_wconf 68' lang='lat' dir='ltr'><strong>proelim</strong></span> <span class='ocrx_word' id='word_1_518' title='bbox 955 5227 1083 5275; x_wconf 77' lang='lat' dir='ltr'><strong>Iasonius:</strong></span> <span class='ocrx_word' id='word_1_519' title='bbox 1100 5225 1165 5276; x_wconf 86' lang='lat' dir='ltr'><strong>God.</strong></span> <span class='ocrx_word' id='word_1_520' title='bbox 1184 5226 1352 5278; x_wconf 87' lang='lat' dir='ltr'><strong>Hermannus</strong></span> <span class='ocrx_word' id='word_1_521' title='bbox 1371 5228 1475 5291; x_wconf 82' lang='lat' dir='ltr'><strong>(opusc.</strong></span> <span class='ocrx_word' id='word_1_522' title='bbox 1495 5226 1553 5284; x_wconf 90' lang='lat' dir='ltr'><strong>Vll,</strong></span> <span class='ocrx_word' id='word_1_523' title='bbox 1572 5223 1644 5285; x_wconf 72' lang='lat' dir='ltr'><strong>aaut:</strong></span> <span class='ocrx_word' id='word_1_524' title='bbox 1666 5224 1766 5288; x_wconf 65' lang='lat' dir='ltr'><strong>perficit</strong></span> 
     </span>
     <span class='ocr_line' id='line_1_46' title="bbox 433 5298 1765 5366; baseline -0.005 -13"><span class='ocrx_word' id='word_1_525' title='bbox 433 5317 523 5353; x_wconf 74' lang='lat' dir='ltr'><strong>mous</strong></span> <span class='ocrx_word' id='word_1_526' title='bbox 541 5301 665 5365; x_wconf 84' lang='lat' dir='ltr'><strong>proelium</strong></span> <span class='ocrx_word' id='word_1_527' title='bbox 686 5302 792 5351; x_wconf 83' lang='lat' dir='ltr'><strong>restituit</strong></span> <span class='ocrx_word' id='word_1_528' title='bbox 813 5301 939 5350; x_wconf 71' lang='lat' dir='ltr'><strong>imaeue:</strong></span> <span class='ocrx_word' id='word_1_529' title='bbox 956 5301 975 5349; x_wconf 91' lang='lat' dir='ltr'>C</span> <span class='ocrx_word' id='word_1_530' title='bbox 995 5301 1053 5362; x_wconf 81' lang='lat' dir='ltr'><strong>(uisi</strong></span> <span class='ocrx_word' id='word_1_531' title='bbox 1071 5299 1143 5363; x_wconf 92' lang='lat' dir='ltr'><strong>quod</strong></span> <span class='ocrx_word' id='word_1_532' title='bbox 1163 5301 1278 5351; x_wconf 81' lang='lat' dir='ltr'><strong>libabet</strong></span> <span class='ocrx_word' id='word_1_533' title='bbox 1295 5302 1438 5366; x_wconf 79' lang='lat' dir='ltr'><strong>ineouisrn);</strong></span> <span class='ocrx_word' id='word_1_534' title='bbox 1459 5300 1562 5364; x_wconf 65' lang='lat' dir='ltr'><strong>putuit</strong></span> <span class='ocrx_word' id='word_1_535' title='bbox 1578 5310 1670 5359; x_wconf 77' lang='lat' dir='ltr'><strong>mauu,</strong></span> <span class='ocrx_word' id='word_1_536' title='bbox 1688 5298 1765 5347; x_wconf 77' lang='lat' dir='ltr'><strong>resti-</strong></span> 
     </span>
     <span class='ocr_line' id='line_1_47' title="bbox 433 5372 1775 5440; baseline -0.002 -13"><span class='ocrx_word' id='word_1_537' title='bbox 433 5380 481 5427; x_wconf 89' lang='lat' dir='ltr'><strong>tuit</strong></span> <span class='ocrx_word' id='word_1_538' title='bbox 494 5377 617 5440; x_wconf 85' lang='lat' dir='ltr'><strong>proelium</strong></span> <span class='ocrx_word' id='word_1_539' title='bbox 632 5376 794 5425; x_wconf 80' lang='lat' dir='ltr'><strong>iesouieosO</strong></span> <span class='ocrx_word' id='word_1_540' title='bbox 814 5401 840 5411; x_wconf 95' lang='lat'>-</span> <span class='ocrx_word' id='word_1_541' title='bbox 859 5375 1158 5435; x_wconf 63' lang='lat' dir='ltr'><strong>successurumque,</strong></span> <span class='ocrx_word' id='word_1_542' title='bbox 1174 5377 1381 5439; x_wconf 67' lang='lat' dir='ltr'><strong>putermdorum</strong></span> <span class='ocrx_word' id='word_1_543' title='bbox 1393 5382 1437 5427; x_wconf 86' lang='lat' dir='ltr'><strong>out</strong></span> <span class='ocrx_word' id='word_1_544' title='bbox 1453 5378 1473 5428; x_wconf 89' lang='lat'>0</span> <span class='ocrx_word' id='word_1_545' title='bbox 1488 5403 1514 5413; x_wconf 92' lang='lat'>—</span> <span class='ocrx_word' id='word_1_546' title='bbox 1531 5374 1573 5424; x_wconf 76' lang='lat'><strong>2³.</strong></span> <span class='ocrx_word' id='word_1_547' title='bbox 1591 5372 1674 5435; x_wconf 76' lang='lat' dir='ltr'><strong>spheri</strong></span> <span class='ocrx_word' id='word_1_548' title='bbox 1691 5372 1712 5424; x_wconf 88' lang='lat' dir='ltr'>C</span> <span class='ocrx_word' id='word_1_549' title='bbox 1734 5385 1775 5410; x_wconf 78' lang='lat'><strong>-&#39;</strong></span> 
     </span>
     <span class='ocr_line' id='line_1_48' title="bbox 433 5446 1764 5514; baseline -0.006 -10"><span class='ocrx_word' id='word_1_550' title='bbox 433 5456 475 5504; x_wconf 72' lang='lat' dir='ltr'><strong>ib.</strong></span> <span class='ocrx_word' id='word_1_551' title='bbox 495 5454 625 5504; x_wconf 73' lang='lat' dir='ltr'><strong>-atsctcrct</strong></span> <span class='ocrx_word' id='word_1_552' title='bbox 647 5450 796 5514; x_wconf 80' lang='lat' dir='ltr'><strong>Tregderus</strong></span> <span class='ocrx_word' id='word_1_553' title='bbox 813 5462 845 5499; x_wconf 86' lang='lat' dir='ltr'><strong>ex</strong></span> <span class='ocrx_word' id='word_1_554' title='bbox 863 5450 1015 5499; x_wconf 89' lang='lat' dir='ltr'><strong>coniectura</strong></span> <span class='ocrx_word' id='word_1_555' title='bbox 1031 5448 1150 5499; x_wconf 84' lang='lat' dir='ltr'><strong>Lambini</strong></span> <span class='ocrx_word' id='word_1_556' title='bbox 1167 5462 1221 5500; x_wconf 89' lang='lat' dir='ltr'><strong>non</strong></span> <span class='ocrx_word' id='word_1_557' title='bbox 1239 5451 1319 5501; x_wconf 90' lang='lat' dir='ltr'><strong>modo</strong></span> <span class='ocrx_word' id='word_1_558' title='bbox 1337 5450 1433 5512; x_wconf 85' lang='lat' dir='ltr'><strong>inutili,</strong></span> <span class='ocrx_word' id='word_1_559' title='bbox 1452 5450 1500 5501; x_wconf 90' lang='lat' dir='ltr'><strong>sed</strong></span> <span class='ocrx_word' id='word_1_560' title='bbox 1518 5461 1607 5514; x_wconf 86' lang='lat' dir='ltr'><strong>prava.</strong></span> <span class='ocrx_word' id='word_1_561' title='bbox 1633 5446 1764 5506; x_wconf 85' lang='lat' dir='ltr'><strong>Quoniam</strong></span> 
     </span>
     <span class='ocr_line' id='line_1_49' title="bbox 434 5520 1762 5594; baseline -0.006 -15"><span class='ocrx_word' id='word_1_562' title='bbox 434 5543 482 5594; x_wconf 90' lang='lat' dir='ltr'><strong>per</strong></span> <span class='ocrx_word' id='word_1_563' title='bbox 498 5527 676 5579; x_wconf 77' lang='lat' dir='ltr'><strong>omuino-sed</strong></span> <span class='ocrx_word' id='word_1_564' title='bbox 692 5526 746 5575; x_wconf 91' lang='lat' dir='ltr'><strong>duo</strong></span> <span class='ocrx_word' id='word_1_565' title='bbox 763 5524 815 5585; x_wconf 91' lang='lat' dir='ltr'><strong>illa,</strong></span> <span class='ocrx_word' id='word_1_566' title='bbox 833 5538 902 5588; x_wconf 90' lang='lat' dir='ltr'><strong>quae</strong></span> <span class='ocrx_word' id='word_1_567' title='bbox 920 5525 953 5574; x_wconf 92' lang='lat' dir='ltr'><strong>de</strong></span> <span class='ocrx_word' id='word_1_568' title='bbox 971 5525 1081 5589; x_wconf 85' lang='lat' dir='ltr'><strong>Sphaeri</strong></span> <span class='ocrx_word' id='word_1_569' title='bbox 1098 5523 1295 5576; x_wconf 85' lang='lat' dir='ltr'><strong>definitionibus</strong></span> <span class='ocrx_word' id='word_1_570' title='bbox 1313 5527 1484 5576; x_wconf 88' lang='lat' dir='ltr'><strong>enuntiantur</strong></span> <span class='ocrx_word' id='word_1_571' title='bbox 1501 5527 1565 5586; x_wconf 79' lang='lat' dir='ltr'><strong>(uest</strong></span> <span class='ocrx_word' id='word_1_572' title='bbox 1578 5520 1688 5585; x_wconf 87' lang='lat' dir='ltr'><strong>quidem</strong></span> <span class='ocrx_word' id='word_1_573' title='bbox 1706 5521 1762 5573; x_wconf 87' lang='lat' dir='ltr'><strong>lere</strong></span> 
     </span>
     <span class='ocr_line' id='line_1_50' title="bbox 433 5597 1764 5664; baseline -0.005 -10"><span class='ocrx_word' id='word_1_574' title='bbox 433 5601 547 5664; x_wconf 87' lang='lat' dir='ltr'><strong>similes,</strong></span> <span class='ocrx_word' id='word_1_575' title='bbox 566 5600 614 5652; x_wconf 90' lang='lat' dir='ltr'><strong>sed</strong></span> <span class='ocrx_word' id='word_1_576' title='bbox 632 5612 789 5651; x_wconf 89' lang='lat' dir='ltr'><strong>communes</strong></span> <span class='ocrx_word' id='word_1_577' title='bbox 805 5600 926 5648; x_wconf 88' lang='lat' dir='ltr'><strong>notiones</strong></span> <span class='ocrx_word' id='word_1_578' title='bbox 943 5611 995 5648; x_wconf 91' lang='lat' dir='ltr'><strong>non</strong></span> <span class='ocrx_word' id='word_1_579' title='bbox 1013 5612 1099 5663; x_wconf 85' lang='lat' dir='ltr'><strong>aeque</strong></span> <span class='ocrx_word' id='word_1_580' title='bbox 1118 5597 1187 5649; x_wconf 91' lang='lat' dir='ltr'><strong>bene</strong></span> <span class='ocrx_word' id='word_1_581' title='bbox 1204 5600 1355 5663; x_wconf 73' lang='lat' dir='ltr'><strong>(tuterunt),</strong></span> <span class='ocrx_word' id='word_1_582' title='bbox 1377 5602 1447 5651; x_wconf 89' lang='lat' dir='ltr'><strong>inter</strong></span> <span class='ocrx_word' id='word_1_583' title='bbox 1462 5613 1492 5651; x_wconf 89' lang='lat' dir='ltr'><strong>se</strong></span> <span class='ocrx_word' id='word_1_584' title='bbox 1509 5599 1695 5664; x_wconf 88' lang='lat' dir='ltr'><strong>opponuntur,</strong></span> <span class='ocrx_word' id='word_1_585' title='bbox 1714 5610 1764 5647; x_wconf 87' lang='lat' dir='ltr'><strong>ne-</strong></span> 
     </span>
     <span class='ocr_line' id='line_1_51' title="bbox 433 5671 1762 5737; baseline -0.005 -9"><span class='ocrx_word' id='word_1_586' title='bbox 433 5690 509 5728; x_wconf 87' lang='lat' dir='ltr'><strong>cesse</strong></span> <span class='ocrx_word' id='word_1_587' title='bbox 532 5679 584 5737; x_wconf 89' lang='lat' dir='ltr'><strong>est,</strong></span> <span class='ocrx_word' id='word_1_588' title='bbox 610 5679 640 5725; x_wconf 91' lang='lat' dir='ltr'><strong>ut</strong></span> <span class='ocrx_word' id='word_1_589' title='bbox 660 5687 743 5725; x_wconf 79' lang='lat' dir='ltr'><strong>cotue:</strong></span> <span class='ocrx_word' id='word_1_590' title='bbox 764 5674 894 5737; x_wconf 90' lang='lat' dir='ltr'><strong>appositio</strong></span> <span class='ocrx_word' id='word_1_591' title='bbox 911 5676 952 5723; x_wconf 88' lang='lat' dir='ltr'><strong>est</strong></span> <span class='ocrx_word' id='word_1_592' title='bbox 969 5672 1081 5723; x_wconf 87' lang='lat' dir='ltr'><strong>subiecti</strong></span> <span class='ocrx_word' id='word_1_593' title='bbox 1099 5673 1124 5722; x_wconf 94' lang='lat' dir='ltr'><strong>in</strong></span> <span class='ocrx_word' id='word_1_594' title='bbox 1141 5677 1198 5722; x_wconf 84' lang='lat' dir='ltr'><strong>suut</strong></span> <span class='ocrx_word' id='word_1_595' title='bbox 1214 5671 1332 5734; x_wconf 88' lang='lat' dir='ltr'><strong>latentis,</strong></span> <span class='ocrx_word' id='word_1_596' title='bbox 1357 5675 1396 5725; x_wconf 89' lang='lat' dir='ltr'><strong>sic</strong></span> <span class='ocrx_word' id='word_1_597' title='bbox 1413 5675 1466 5724; x_wconf 87' lang='lat' dir='ltr'><strong>olio</strong></span> <span class='ocrx_word' id='word_1_598' title='bbox 1484 5687 1536 5723; x_wconf 92' lang='lat' dir='ltr'><strong>non</strong></span> <span class='ocrx_word' id='word_1_599' title='bbox 1554 5683 1604 5735; x_wconf 90' lang='lat' dir='ltr'><strong>per</strong></span> <span class='ocrx_word' id='word_1_600' title='bbox 1622 5683 1652 5722; x_wconf 91' lang='lat' dir='ltr'><strong>se</strong></span> <span class='ocrx_word' id='word_1_601' title='bbox 1674 5672 1762 5735; x_wconf 81' lang='lat' dir='ltr'><strong>ipsam</strong></span> 
     </span>
     <span class='ocr_line' id='line_1_52' title="bbox 433 5744 1761 5813; baseline -0.005 -12"><span class='ocrx_word' id='word_1_602' title='bbox 433 5750 583 5801; x_wconf 87' lang='lat' dir='ltr'><strong>subiectum</strong></span> <span class='ocrx_word' id='word_1_603' title='bbox 600 5749 708 5800; x_wconf 86' lang='lat' dir='ltr'><strong>alterins</strong></span> <span class='ocrx_word' id='word_1_604' title='bbox 724 5746 799 5797; x_wconf 90' lang='lat' dir='ltr'><strong>verbi</strong></span> <span class='ocrx_word' id='word_1_605' title='bbox 816 5758 890 5805; x_wconf 89' lang='lat' dir='ltr'><strong>esse,</strong></span> <span class='ocrx_word' id='word_1_606' title='bbox 909 5747 957 5797; x_wconf 91' lang='lat' dir='ltr'><strong>sed</strong></span> <span class='ocrx_word' id='word_1_607' title='bbox 969 5747 1119 5797; x_wconf 90' lang='lat' dir='ltr'><strong>communis</strong></span> <span class='ocrx_word' id='word_1_608' title='bbox 1130 5746 1242 5797; x_wconf 88' lang='lat' dir='ltr'><strong>subiecti</strong></span> <span class='ocrx_word' id='word_1_609' title='bbox 1253 5749 1445 5813; x_wconf 90' lang='lat' dir='ltr'><strong>appositionem</strong></span> <span class='ocrx_word' id='word_1_610' title='bbox 1458 5747 1499 5811; x_wconf 81' lang='lat' dir='ltr'><strong>(ct.</strong></span> <span class='ocrx_word' id='word_1_611' title='bbox 1513 5744 1616 5809; x_wconf 77' lang='lat' dir='ltr'><strong>iladvig</strong></span> <span class='ocrx_word' id='word_1_612' title='bbox 1628 5748 1670 5798; x_wconf 82' lang='lat' dir='ltr'><strong>(ir.</strong></span> <span class='ocrx_word' id='word_1_613' title='bbox 1686 5745 1761 5809; x_wconf 75' lang='lat'><strong>82⁴⁷</strong></span> 
     </span>
     <span class='ocr_line' id='line_1_53' title="bbox 433 5818 1759 5886; baseline -0.005 -12"><span class='ocrx_word' id='word_1_614' title='bbox 433 5838 460 5875; x_wconf 94' lang='lat' dir='ltr'><strong>n.</strong></span> <span class='ocrx_word' id='word_1_615' title='bbox 473 5827 507 5886; x_wconf 77' lang='lat' dir='ltr'><strong>t).</strong></span> <span class='ocrx_word' id='word_1_616' title='bbox 530 5824 606 5885; x_wconf 87' lang='lat' dir='ltr'><strong>Quod</strong></span> <span class='ocrx_word' id='word_1_617' title='bbox 623 5826 645 5874; x_wconf 91' lang='lat' dir='ltr'><strong>si</strong></span> <span class='ocrx_word' id='word_1_618' title='bbox 662 5826 698 5874; x_wconf 89' lang='lat' dir='ltr'><strong>ita</strong></span> <span class='ocrx_word' id='word_1_619' title='bbox 715 5825 768 5882; x_wconf 87' lang='lat' dir='ltr'><strong>est,</strong></span> <span class='ocrx_word' id='word_1_620' title='bbox 786 5821 899 5872; x_wconf 73' lang='lat' dir='ltr'><strong>seura:</strong></span> <span class='ocrx_word' id='word_1_621' title='bbox 914 5824 970 5871; x_wconf 91' lang='lat' dir='ltr'><strong>tum</strong></span> <span class='ocrx_word' id='word_1_622' title='bbox 982 5821 1093 5872; x_wconf 91' lang='lat' dir='ltr'><strong>demum</strong></span> <span class='ocrx_word' id='word_1_623' title='bbox 1105 5820 1246 5872; x_wconf 88' lang='lat' dir='ltr'><strong>terendum</strong></span> <span class='ocrx_word' id='word_1_624' title='bbox 1258 5826 1329 5883; x_wconf 90' lang='lat' dir='ltr'><strong>erat,</strong></span> <span class='ocrx_word' id='word_1_625' title='bbox 1348 5824 1370 5873; x_wconf 89' lang='lat' dir='ltr'><strong>si</strong></span> <span class='ocrx_word' id='word_1_626' title='bbox 1383 5821 1449 5872; x_wconf 90' lang='lat' dir='ltr'><strong>ordo</strong></span> <span class='ocrx_word' id='word_1_627' title='bbox 1460 5821 1606 5872; x_wconf 87' lang='lat' dir='ltr'><strong>verborum</strong></span> <span class='ocrx_word' id='word_1_628' title='bbox 1619 5818 1661 5870; x_wconf 89' lang='lat' dir='ltr'><strong>tlle</strong></span> <span class='ocrx_word' id='word_1_629' title='bbox 1674 5822 1759 5871; x_wconf 86' lang='lat' dir='ltr'><strong>esset:</strong></span> 
     </span>
     <span class='ocr_line' id='line_1_54' title="bbox 433 5891 1762 5961; baseline -0.006 -11"><span class='ocrx_word' id='word_1_630' title='bbox 433 5901 474 5950; x_wconf 83' lang='lat' dir='ltr'><strong>sed</strong></span> <span class='ocrx_word' id='word_1_631' title='bbox 490 5911 630 5951; x_wconf 75' lang='lat' dir='ltr'><strong>communes</strong></span> <span class='ocrx_word' id='word_1_632' title='bbox 644 5900 758 5951; x_wconf 68' lang='lat' dir='ltr'><strong>sumu</strong></span> <span class='ocrx_word' id='word_1_633' title='bbox 772 5896 826 5949; x_wconf 84' lang='lat' dir='ltr'><strong>ullu</strong></span> <span class='ocrx_word' id='word_1_634' title='bbox 841 5897 923 5961; x_wconf 67' lang='lat' dir='ltr'><strong>unqu</strong></span> <span class='ocrx_word' id='word_1_635' title='bbox 938 5896 992 5947; x_wconf 85' lang='lat' dir='ltr'><strong>otio</strong></span> <span class='ocrx_word' id='word_1_636' title='bbox 1008 5895 1134 5957; x_wconf 64' lang='lat' dir='ltr'><strong>wicta,</strong></span> <span class='ocrx_word' id='word_1_637' title='bbox 1152 5893 1186 5945; x_wconf 88' lang='lat' dir='ltr'><strong>de</strong></span> <span class='ocrx_word' id='word_1_638' title='bbox 1204 5907 1257 5960; x_wconf 91' lang='lat' dir='ltr'><strong>quo</strong></span> <span class='ocrx_word' id='word_1_639' title='bbox 1274 5896 1423 5947; x_wconf 79' lang='lat' dir='ltr'><strong>structmae</strong></span> <span class='ocrx_word' id='word_1_640' title='bbox 1440 5907 1539 5959; x_wconf 75' lang='lat' dir='ltr'><strong>genere</strong></span> <span class='ocrx_word' id='word_1_641' title='bbox 1556 5893 1590 5945; x_wconf 86' lang='lat' dir='ltr'><strong>ol.</strong></span> <span class='ocrx_word' id='word_1_642' title='bbox 1602 5894 1709 5957; x_wconf 75' lang='lat' dir='ltr'><strong>Madvig</strong></span> <span class='ocrx_word' id='word_1_643' title='bbox 1725 5891 1762 5943; x_wconf 83' lang='lat' dir='ltr'><strong>sd</strong></span> 
     </span>
    </p>
   </div>
   <div class='ocr_carea' id='block_1_5' title="bbox 0 0 2176 7459">
    <p class='ocr_par' dir='ltr' id='par_1_10' title="bbox 0 0 2176 7459">
     <span class='ocr_line' id='line_1_55' title="bbox 0 0 2176 7459; baseline 0 3"><span class='ocrx_word' id='word_1_644' title='bbox 0 0 2176 7459; x_wconf 95' lang='lat' dir='ltr'><strong> </strong></span> 
     </span>
    </p>
   </div>
  </div>
 </body>
</html>
