4342 7459
434 1261 498 1329 eos
927 1268 980 1333 nu
1002 1252 1268 1331 nrvmnrrons

436 1434 568 1491 censent
589 1447 660 1491 esse
682 1448 759 1493 suae
781 1429 952 1492 maiestatis
974 1426 1227 1512 praesignificare
1248 1428 1427 1492 hominihus
1449 1418 1532 1511 quae‘
1554 1427 1764 1507 sontiatum,

435 1528 492 1583 aut
519 1539 556 1583 ea
585 1540 625 1585 ne
653 1522 714 1605 ipsi
742 1522 872 1606 quidem
900 1522 930 1585 di
962 1519 1140 1605 significare
1163 1530 1307 1605 possunt
1350 1523 1391 1585 At
1413 1539 1518 1606 neque
1539 1542 1605 1587 non
1627 1524 1765 1607 diligunt

436 1632 494 1675 nos
516 1648 558 1661 -
579 1623 654 1681 sunt
674 1617 759 1679 enim
788 1613 921 1680 benefici
949 1617 1123 1699 generique
1149 1616 1315 1681 hominum
1341 1616 1435 1679 amici
1458 1649 1518 1689 -,
1546 1637 1654 1702 neque
1676 1619 1766 1701 igno·

435 1714 507 1769 rant
527 1726 581 1783 ea,
608 1729 689 1791 quae
711 1711 751 1773 ah
773 1710 851 1793 ipsis
873 1712 1044 1773 constituta
1066 1719 1099 1772 et
1119 1710 1281 1791 designata
1305 1717 1393 1783 suut,
1422 1729 1527 1793 neque
1549 1720 1658 1775 nostra
1687 1712 1766 1776 nihil

410 1800 569 1865 sintenest
594 1805 676 1868 scire
705 1823 762 1877 ea,
795 1823 878 1888 quae
907 1811 1062 1868 eventura
1090 1806 1153 1868 sint
1188 1837 1228 1851 -
1265 1805 1383 1867 erimrm
1414 1806 1499 1868 enim
1530 1806 1709 1881 cautiores,
1739 1809 1767 1871 si

436 1894 571 1958 sciemus
593 1932 634 1947 -
655 1917 760 1982 neque
781 1898 843 1961 hoc
864 1897 1003 1961 alienum
1026 1899 1146 1961 ducunt
1168 1898 1332 1962 maiestate
1354 1918 1411 1961 sua
1439 1932 1480 1944 ·-
1508 1898 1589 1963 nihil
1612 1910 1662 1964 est
1682 1903 1766 1965 euim

436 1986 647 2053 beneficentia
674 1993 888 2074 praestantius
917 2024 980 2065 -,
1014 2012 1119 2075 neque
1149 2012 1213 2054 non
1244 2000 1378 2074 possunt
1408 1989 1512 2055 lutura
1543 2011 1765 2075 praenoscere.

435 2077 487 2142 83.
510 2083 580 2145 Non
602 2085 699 2166 igitur
719 2095 794 2149 sant
815 2086 847 2149 di
871 2106 929 2148 nee
951 2082 1129 2167 significant
1150 2086 1264 2149 lutura.
1296 2086 1377 2148 Sunt
1396 2093 1502 2149 sutem
1522 2085 1570 2157 di,
1591 2084 1769 2169 significant

436 2193 524 2258 ergo.
566 2176 606 2240 llt
628 2197 709 2253 non,
739 2179 765 2241 si
789 2176 984 2262 significant,
1015 2179 1118 2242 nullas
1146 2179 1213 2242 vias
1240 2177 1316 2240 dant
1344 2179 1437 2242 nohis
1464 2178 1506 2242 ad
1527 2177 1769 2261 significationis

399 2270 600 2333 inscientiam
623 2305 665 2317 -
685 2273 801 2336 frustra
825 2274 908 2336 enim
931 2272 1147 2354 significarent
1169 2305 1230 2347 -,
1261 2293 1337 2347 uec,
1368 2274 1395 2334 si
1417 2272 1495 2336 dant
1516 2273 1602 2348 rias,
1631 2283 1770 2340 nonest

436 2361 613 2427 divinatio:
643 2374 691 2428 est
712 2367 809 2448 igitur
830 2367 1015 2429 divinatio.»

521 2458 670 2521 xxxix.
702 2455 755 2522 84.
783 2461 850 2523 llac
877 2461 998 2522 ratione
1027 2468 1058 2521 et
1087 2458 1282 2545 Chrysippus
1311 2467 1342 2523 et
1363 2461 1523 2542 Diogenes
1549 2467 1581 2523 et
1602 2462 1771 2546 Antipater

437 2550 547 2612 utitur.
594 2550 679 2626 Quid
709 2562 758 2615 est
783 2555 878 2634 igitur
906 2574 963 2616 cur
989 2552 1196 2616 dubitandum
1220 2554 1261 2617 sit
1282 2554 1357 2637 quin
1381 2554 1445 2616 aiot
1466 2573 1520 2628 ea,
1552 2572 1636 2637 quae
1659 2555 1771 2641 dispo·

437 2644 519 2716 tasi,
542 2645 718 2721 verissima,
740 2647 766 2710 si
790 2649 871 2710 ratio
895 2667 1017 2710 mecum
1040 2646 1131 2720 lacit,
1154 2648 1181 2710 si
1205 2656 1332 2722 eventa,
1355 2648 1381 2710 si
1405 2647 1532 2731 populi,
1557 2649 1583 2712 si
1607 2651 1767 2726 nationes,

400 2738 618 2814 susteneat,
647 2740 673 2802 si
695 2741 839 2815 barbari,
868 2742 895 2803 si
919 2742 1053 2804 maiores
1075 2743 1170 2805 etiam
1194 2744 1310 2817 nostri,
1338 2744 1364 2806 si
1393 2743 1531 2827 denique
1560 2742 1620 2805 hoc
1642 2762 1771 2827 semper

438 2832 482 2895 ita
505 2841 645 2917 putatum
668 2843 733 2909 est,
763 2836 790 2897 si
814 2836 927 2897 summi
951 2835 1156 2919 philosophi,
1186 2837 1213 2899 si
1237 2846 1370 2919 poetae,
1405 2837 1432 2899 si
1455 2837 1680 2921 sapientissimi
1702 2838 1771 2913 riri,

439 2926 495 3009 qui
518 2947 567 2990 res
589 2927 731 3011 publicas
754 2930 996 3005 constituerunt,
1020 2931 1074 3012 qui
1098 2931 1195 2992 urbes
1217 2930 1449 2993 condiderunt?
1480 2933 1528 2992 ltu
1551 2927 1626 2991 dum
1649 2930 1772 2995 hestiae

438 3019 611 3104 loquantur
632 3033 867 3108 exspectamus,
898 3027 1061 3090 hominum
1083 3025 1303 3089 consentiente
1324 3024 1513 3087 auctoritate
1535 3026 1677 3089 contenti
1708 3045 1772 3090 noe

439 3119 575 3178 samuel
618 3114 670 3180 85.
703 3121 768 3182 Nec
795 3139 869 3183 vero
899 3121 1069 3206 quicquam
1097 3120 1182 3184 aliud
1213 3116 1373 3190 adfertur,
1409 3137 1465 3180 cur
1485 3136 1543 3191 ea,
1578 3135 1661 3200 quae
1690 3119 1772 3192 dico,

400 3206 604 3273 aodirinaudi
626 3230 742 3293 genera
764 3213 852 3277 nulls
874 3215 947 3288 sint,
970 3214 1032 3277 nisi
1057 3214 1144 3298 quod
1168 3209 1298 3274 dilticile
1319 3211 1407 3279 dictu
1429 3210 1556 3273 videtur
1569 3229 1652 3294 quae
1668 3213 1773 3276 cuins·

440 3322 503 3385 que
526 3304 729 3370 divinationis
751 3308 846 3382 ratio,
876 3327 959 3391 quae
981 3327 1074 3371 causa
1097 3308 1148 3369 sit.
1193 3303 1281 3380 Quid
1304 3306 1388 3367 enim
1411 3303 1507 3367 habet
1527 3303 1688 3388 haruspex
1718 3325 1772 3369 cur

439 3396 547 3479 pulmo
577 3397 697 3463 incisus
729 3402 824 3463 etiarn
854 3401 888 3463 in
918 3401 1009 3464 honis
1039 3402 1122 3463 entis
1150 3400 1276 3461 dirimat
1297 3406 1421 3480 tempos
1443 3406 1475 3460 et
1496 3395 1639 3479 proterat
1660 3397 1772 3464 diemt

440 3489 517 3573 quid
543 3509 645 3573 augur
671 3513 728 3556 cur
753 3514 770 3558 a
794 3495 905 3557 dextra
927 3514 1060 3567 corvus,
1094 3514 1112 3556 a
1133 3493 1262 3555 sinistra
1284 3493 1395 3555 cornix
1417 3491 1512 3554 iaciat
1532 3495 1660 3556 ratumt
1698 3494 1773 3577 quid

440 3584 618 3667 astrologus
648 3606 705 3649 cur
733 3588 824 3650 stella
856 3588 937 3651 lovis
965 3597 1020 3652 aut
1045 3587 1179 3650 Veneris
1210 3588 1378 3648 coniuncta
1408 3606 1480 3647 cum
1503 3585 1592 3648 Luna
1620 3586 1662 3649 ad
1684 3596 1773 3652 ortua

402 3685 610 3761 ttpoerorum
641 3680 788 3743 salutaris
815 3685 873 3756 sit,
904 3682 1030 3746 Saturni
1060 3680 1210 3743 Martisve
1240 3681 1423 3742 contraria?
1467 3679 1530 3742 Cur
1557 3686 1664 3742 autem
1695 3681 1773 3746 deus

441 3771 633 3836 dormientes
662 3795 719 3837 nos
748 3783 890 3850 moneat,
917 3776 1085 3859 vigilantes
1113 3775 1285 3857 neglegat?
1331 3772 1415 3848 Quid
1445 3771 1563 3836 deinde
1589 3793 1705 3838 causae
1727 3783 1774 3838 est
1803 3763 1817 3788 ‘

440 3886 498 3929 aar
513 3866 687 3930 Cassandra
710 3867 819 3931 furens
840 3869 944 3933 futura
967 3866 1154 3953 prospiciat,
1176 3870 1318 3930 Priamus
1340 3868 1467 3950 sapiens
1491 3867 1552 3929 hoc
1569 3867 1654 3930 idem
1670 3869 1773 3932 lacera

441 3980 506 4023 non
530 3965 646 4045 questi
676 3959 727 4024 86.
752 3962 815 4025 Cur
836 3964 891 4026 fiat
913 3963 1055 4048 quidque
1078 3962 1227 4045 quaeris?
1250 3963 1345 4024 Recte
1360 3962 1500 4034 omuino,
1523 3962 1579 4023 sed
1603 3981 1667 4025 noo
1691 3981 1773 4025 nune

441 4055 474 4119 id
497 4055 617 4136 agitur:
650 4055 704 4118 liat
727 4076 826 4118 necue
848 4054 915 4131 liat,
943 4056 975 4119 id
999 4056 1172 4142 quaeritur.
1210 4056 1265 4130 Ut,
1296 4056 1323 4117 si
1346 4060 1521 4136 magnetem
1546 4053 1681 4136 lapidem
1706 4075 1774 4119 esse

404 4149 559 4223 ³⁰dieam,
584 4150 639 4235 qui
662 4149 778 4212 ferrum
801 4152 842 4213 ad
865 4172 899 4213 se
921 4150 1051 4213 adliciat
1073 4158 1104 4212 et
1127 4149 1244 4222 trahat,
1266 4150 1418 4211 rationem
1442 4168 1498 4209 cur
1519 4146 1551 4210 id
1575 4145 1629 4210 liat
1652 4148 1774 4211 adferre

443 4261 610 4325 nequeam,
633 4241 699 4307 fieri
723 4246 852 4307 omuino
875 4265 980 4327 neges.
1016 4245 1109 4319 Quod
1133 4245 1215 4306 idem
1239 4243 1316 4306 lacis
1339 4244 1371 4304 in
1394 4242 1601 4315 divinatione,
1625 4262 1722 4326 quam
1745 4249 1776 4304 et

443 4338 600 4399 cernimus
631 4339 692 4421 ipsi
722 4347 753 4400 et
782 4340 927 4402 audimus
957 4346 988 4400 et
1010 4337 1145 4420 legimus
1174 4346 1206 4399 et
1228 4357 1246 4399 a
1269 4338 1412 4419 patribus
1435 4338 1622 4417 accepimus.
1668 4338 1776 4419 Neque

443 4439 517 4493 ante
539 4432 772 4514 philosophiam
797 4432 1001 4515 patefactam,
1024 4452 1106 4514 quae
1129 4451 1230 4514 nuper
1252 4432 1381 4492 inventa
1404 4438 1469 4503 est,
1491 4429 1550 4491 hac
1573 4429 1612 4490 de
1634 4448 1670 4490 re
1693 4447 1776 4491 com·

511 4617 534 4665 4.
552 4616 640 4666 sintii
658 4642 685 4652 -
705 4617 729 4666 2.
749 4618 784 4666 dii
801 4630 869 4667 corr.
885 4618 910 4666 in
921 4618 979 4667 dist
992 4640 1020 4652 -
1041 4620 1101 4679 post
1118 4630 1196 4677 usqae
1213 4619 1254 4665 est
1272 4617 1297 4665 in
1315 4618 1336 4665 A
1354 4616 1439 4664 maior
1456 4613 1560 4672 lacuna,
1579 4627 1669 4676 usque
1687 4618 1775 4664 tamen

443 4692 586 4755 quicquam
605 4692 682 4742 deest
701 4720 727 4728 -
746 4707 797 4741 aaa
814 4706 867 4742 om.
886 4694 908 4743 Η
928 4719 955 4729 -
974 4692 999 4742 3.
1017 4688 1120 4740 heminis
1137 4691 1180 4753 (isi
1196 4692 1221 4740 iu
1240 4703 1291 4741 ras.
1305 4703 1341 4740 m.
1355 4690 1420 4751 sec.)
1438 4702 1517 4750 oeque
1534 4690 1596 4750 (om.
1610 4689 1697 4750 amicti
1716 4691 1774 4739 4-

442 4768 601 4830 igncrorell
627 4796 660 4805 -
685 4767 708 4819 4.
728 4775 840 4818 nostram
857 4768 918 4817 nihii
934 4768 1089 4816 interessetl
1116 4794 1142 4802 -
1171 4769 1195 4816 5.
1213 4773 1322 4815 uenturo
1340 4767 1360 4814 Η
1382 4792 1407 4801 -
1426 4766 1475 4814 sint
1492 4765 1581 4814 ABV:
1605 4770 1663 4813 sant
1680 4764 1729 4814 tto
1747 4788 1772 4798 -

444 4843 468 4893 6.
487 4857 566 4907 aeque
582 4845 648 4893 enim
664 4846 709 4894 loc
727 4840 782 4894 B¹ll
809 4871 835 4878 —
862 4843 1155 4905 recusemusque,
1181 4840 1214 4890 cl.
1235 4843 1268 4901 ll,
1287 4840 1360 4900 §tte
1386 4866 1411 4874 —
1435 4841 1632 4900 praestantush
1657 4853 1727 4889 corr.
1746 4852 1776 4889 ex

441 4921 608 4982 praestanteis
626 4946 653 4955 -
670 4933 835 4981 praenoscere
846 4921 881 4970 C:
898 4920 1113 4981 praesipniptcare,
1130 4922 1344 4979 praemonstrare,
1359 4915 1506 4975 praedicere
1522 4917 1567 4962 aut
1579 4912 1651 4964 aliud
1664 4913 1776 4964 verbum

445 4993 502 5043 eius
525 4994 596 5043 modi
617 4994 814 5056 significationis
837 4993 906 5043 bene
924 4994 1035 5056 requirit
1053 4993 1165 5041 lortinus
1184 4993 1209 5039 in
1228 4987 1338 5040 miscell.
1358 4988 1481 5037 observv.
1503 5002 1527 5051 p.
1541 4989 1565 5038 8.
1602 4990 1670 5038 Cum
1687 4991 1777 5039 taram

444 5067 516 5118 idem
535 5082 610 5118 error
628 5070 692 5119 inira
716 5072 752 5128 lt,
771 5071 798 5130 §l
812 5070 858 5118 ⁴02
877 5072 903 5117 et
921 5070 967 5118 403
987 5071 1121 5126 recurrat,
1146 5068 1304 5117 Ciceronem
1323 5062 1522 5126 reprehendere
1544 5076 1624 5125 quam
1643 5065 1776 5126 corrigere

444 5145 593 5195 satiasset.
614 5170 641 5179 -
667 5146 690 5194 8.
709 5146 789 5207 igitar
805 5149 829 5194 et
846 5149 902 5192 sunt
920 5142 1062 5192 Lambinus
1087 5169 1112 5177 -
1139 5143 1163 5191 9.
1182 5148 1205 5191 et
1221 5155 1271 5189 nors
1288 5142 1309 5187 si
1328 5138 1485 5188 Lambinus:
1505 5143 1528 5187 et
1545 5141 1565 5186 si
1582 5150 1632 5186 nors
1650 5138 1669 5187 C
1690 5164 1717 5174 -
1737 5137 1776 5186 40.

443 5218 704 5268 aouocnestABV
728 5243 762 5256 -
786 5219 826 5268 43,
845 5232 967 5281 cursup.
987 5216 1069 5266 lin.B
1099 5243 1125 5252 -
1154 5216 1297 5279 quidcem
1315 5215 1334 5263 ll
1363 5240 1389 5248 -
1418 5226 1524 5276 easup.
1545 5212 1590 5261 lin.
1609 5214 1629 5261 Α
1650 5238 1676 5247 -
1698 5211 1777 5263 tta·

445 5298 506 5346 aute
523 5302 613 5345 euecta
630 5307 683 5343 om.
703 5296 721 5343 B
752 5321 775 5329 -
796 5300 885 5342 euentu
903 5295 935 5353 B,
954 5293 1000 5343 sed
1019 5307 1036 5340 a
1054 5293 1079 5341 in
1099 5305 1150 5343 ras.
1170 5292 1283 5340 duarum
1301 5289 1447 5339 litterarum
1468 5315 1494 5323 -
1516 5291 1554 5341 40,
1575 5300 1618 5334 νν.
1636 5287 1658 5335 ss'
1675 5287 1778 5346 dmiqsse

443 5373 489 5421 hoc
510 5383 606 5432 semper
626 5372 665 5418 ita
684 5376 802 5431 putatam
824 5374 859 5418 est
882 5372 942 5433 post
962 5383 1004 5417 vv.
1029 5368 1102 5416 arbes
1123 5368 1286 5416 condiderant
1310 5364 1506 5428 transponenda
1529 5377 1589 5414 esse
1608 5364 1777 5426 llottiugeros

445 5447 549 5497 cenauit
562 5472 589 5482 -
608 5446 653 5494 hoc
669 5447 705 5493 ito
722 5458 817 5506 semper
830 5445 859 5504 ll,
879 5444 927 5494 sed
945 5445 982 5493 ito
998 5458 1057 5507 sup.
1072 5443 1115 5492 lin.
1132 5470 1156 5478 -
1174 5443 1212 5490 46,
1228 5441 1286 5491 lert.
1296 5447 1386 5503 poetae
1397 5441 1538 5489 clarissumi
1553 5465 1578 5475 -
1595 5440 1634 5489 48.
1647 5439 1778 5500 contempti

327 5525 331 5533 '
446 5523 464 5573 B
485 5549 512 5559 -
532 5521 572 5570 40.
590 5522 668 5569 simm
685 5521 706 5569 Η
726 5546 753 5554 -
776 5520 817 5569 20.
837 5534 902 5581 qaae
918 5520 989 5568 caius
1006 5522 1107 5582 quaest
1129 5544 1153 5552 —
1174 5517 1215 5565 43.
1234 5530 1281 5564 cor
1298 5516 1323 5579 a]
1341 5517 1401 5575 quid
1418 5530 1434 5564 a
1450 5514 1489 5575 13¹,
1508 5514 1556 5564 sed
1574 5527 1645 5563 corr.
1664 5516 1675 5563 4
1693 5526 1728 5563 m.
1750 5540 1775 5551 -

445 5597 548 5647 Probus
565 5608 591 5659 p.
604 5596 636 5645 25
654 5595 724 5646 Keil:
743 5601 770 5643 ut
783 5595 868 5645 Cicero
885 5597 1046 5645 diuinarum:
1066 5594 1178 5654 Quonam
1195 5605 1212 5640 a
1230 5593 1321 5641 dertra
1338 5604 1436 5650 coreas,
1456 5603 1473 5638 a
1489 5591 1594 5639 sinistra
1610 5590 1703 5639 comte
1717 5590 1777 5652 [ortt

445 5675 591 5735 capariam.
611 5699 643 5709 -
660 5673 700 5721 25.
717 5683 852 5731 paerarom
868 5670 900 5720 44ι
917 5696 949 5707 -
966 5670 1006 5720 46.
1026 5673 1060 5717 est
1078 5669 1106 5716 P.
1121 5668 1266 5716 Victorius:
1285 5667 1354 5715 sttC
1376 5693 1401 5701 -
1422 5666 1461 5714 07.
1474 5666 1562 5725 larem
1579 5665 1669 5714 omli
1689 5689 1716 5699 -
1735 5664 1774 5712 28.

446 5750 506 5813 quid
524 5750 606 5810 queris
621 5749 686 5798 ll-
702 5747 743 5796 tt.
757 5746 840 5809 necne]
853 5759 897 5794 nec
910 5746 929 5795 ll
944 5771 971 5781 -
991 5745 1030 5794 30.
1046 5744 1156 5792 adliceat
1173 5742 1215 5791 llV
1231 5769 1257 5777 -
1277 5742 1362 5790 trahat
1380 5742 1423 5791 ΑΒ
1434 5741 1468 5789 ll:
1488 5740 1574 5789 trahat
1591 5745 1619 5788 ot
1636 5739 1667 5797 V,
1685 5738 1733 5789 sed
1751 5742 1777 5785 st

446 5836 506 5887 sup.
525 5821 580 5882 lia..
599 5824 712 5872 attrahat
728 5826 786 5872 erc.
805 5823 872 5871 Pith.
891 5824 919 5870 et
936 5823 955 5870 0
975 5847 1001 5855 -
1021 5820 1061 5870 34.
1080 5832 1174 5879 nequeo
1192 5818 1213 5866 H
1234 5844 1260 5852 -
1280 5819 1373 5879 nepes?
1390 5817 1423 5873 0;
1444 5816 1548 5877 siguum
1567 5812 1775 5876 interrogationis

447 5897 594 5949 tollendum
616 5911 675 5949 csse
697 5898 788 5948 docuit
808 5896 911 5959 iladvig
934 5894 968 5945 ad
985 5896 1040 5945 Cic.
1059 5895 1093 5944 de
1112 5893 1174 5943 tion.
1200 5906 1226 5957 p.
1240 5890 1283 5942 534
1305 5919 1337 5928 -
1361 5890 1400 5940 33.
1416 5890 1546 5955 philosofia
1560 5890 1690 5955 patefacta
1707 5888 1728 5940 li
1743 5911 1775 5925 -

447 5971 503 6038 lac]
521 5986 553 6023 ac
570 5974 600 6024 tl.
