4342 7459
689 1270 755 1333 Lm.
778 1270 803 1332 1.
831 1270 904 1333 Car.
927 1268 1176 1331 Xle-XLV.
1203 1265 1250 1350 §S
1272 1264 1461 1331 404-408.
1674 1266 1737 1333 245

407 1428 563 1504 inierant,
591 1429 817 1504 concinuntur,
840 1426 968 1493 difficile
991 1438 1125 1493 estnon
1149 1449 1221 1503 eos,
1250 1429 1304 1512 qui
1327 1429 1480 1492 inhumati
1504 1430 1583 1505 sint,
1606 1431 1738 1495 miseros

407 1523 550 1587 iudicare
571 1555 614 1570 -

1357 1618 1471 1700 prius
1496 1637 1607 1700 quam
1630 1618 1739 1681 lerae

450 1709 804 1793 volucresque...

408 1840 449 1849 —
472 1804 585 1867 metuit
605 1824 647 1867 ne
669 1804 812 1867 laceratis
834 1804 983 1867 membris
1005 1807 1109 1868 minus
1132 1804 1214 1867 bene
1235 1812 1359 1881 utatur;
1389 1825 1431 1868 ne
1453 1804 1645 1879 combustis,
1673 1816 1766 1867 nont

407 1899 589 1962 extimescit
609 1931 651 1943 -

449 1994 529 2054 Neu
551 1991 759 2074 reliquias
850 2012 956 2055 meas
978 1994 1104 2057 sleris
1126 1992 1346 2057 denudatis
1369 1993 1533 2056 ossibus

450 2088 522 2148 Per
545 2092 690 2148 terram
712 2086 828 2148 sanie
850 2085 1056 2149 delibutas
1077 2087 1199 2151 foede
1222 2088 1465 2151 divexarier.

408 2175 479 2241 407.
501 2181 573 2242 Noa
603 2178 755 2259 intellego
778 2178 854 2261 quid
878 2187 1014 2253 metuat,
1043 2202 1113 2244 curn
1136 2190 1198 2245 tam
1221 2182 1322 2244 bonos
1345 2182 1542 2263 septenarios
1564 2179 1677 2242 fundat
1697 2177 1739 2241 ad

407 2274 527 2337 tibiam.
564 2271 751 2336 Tenendum
779 2281 829 2335 est
853 2274 963 2355 igitur,
993 2275 1072 2338 nibil
1102 2277 1277 2340 curandum
1306 2284 1471 2359 essepost
1492 2283 1638 2347 mortem,
1667 2288 1776 2336 curum

406 2366 498 2429 multi
531 2366 677 2429 inimicos
706 2365 800 2428 etiam
831 2376 971 2430 mortuos
1002 2370 1203 2450 poeniuntur.
1246 2372 1439 2433 Exsecratur
1468 2368 1639 2433 luculentis
1662 2385 1739 2430 saue

406 2459 553 2522 versibus
580 2458 665 2541 apud
695 2461 831 2522 Ennium
861 2462 1032 2545 Thyestes,
1063 2465 1197 2546 primum
1226 2472 1260 2528 ut
1288 2465 1453 2547 naufragio
1485 2470 1594 2547 pereat
1613 2464 1739 2525 Atreus.

406 2555 529 2617 Durum
548 2553 607 2618 boc
623 2573 716 2628 sane3
738 2554 812 2616 talis
827 2555 912 2617 enim
927 2557 1072 2621 interitus
1087 2579 1151 2622 non
1168 2559 1301 2622 estsine
1316 2559 1402 2641 gravi
1417 2578 1530 2621 sensu:
1554 2556 1608 2620 illa
1622 2556 1740 2630 inania,

450 2650 543 2733 lpse
565 2650 727 2711 summis
750 2650 858 2711 saxis
881 2648 986 2712 fixus
1008 2653 1183 2735 asperis,
1207 2652 1486 2727 evisceratus,

451 2746 591 2807 Latere
606 2742 805 2825 pendens,
826 2763 919 2806 saxa
935 2763 1126 2826 spargens
1141 2746 1246 2821 tabo,
1262 2746 1373 2810 sanie
1390 2755 1425 2809 et
1440 2745 1629 2828 sauguine
1644 2751 1779 2807 atrato

407 2841 477 2901 Non
500 2839 570 2920 ipsa
592 2856 670 2900 saxa
692 2837 791 2918 magis
814 2857 909 2900 sensu
932 2838 1019 2900 omni
1033 2838 1191 2902 vacabunt
1205 2859 1299 2923 quam
1325 2840 1380 2904 ille
1403 2840 1531 2902 latere
1555 2838 1741 2922 pendens,

408 2932 459 2994 cui
483 2951 519 2994 se
541 2931 593 2993 bic
615 2932 785 2994 cruciatum
808 2940 917 2994 censet
939 2940 1057 3013 optare.
1087 2933 1176 3008 Quae
1193 2933 1418 3008 essentdura,
1441 2933 1469 2995 si
1483 2933 1630 3007 sentiret,
1654 2932 1741 2996 nulla

407 3025 569 3087 aurasiae
591 3044 697 3086 sensu.
738 3023 820 3085 Illud
843 3044 917 3087 vero
939 3045 1092 3109 perquam
1115 3028 1226 3090 inane:

451 3120 587 3201 Neque
610 3118 865 3199 sepulchrum
887 3137 962 3203 quo
984 3120 1157 3203 recipiat
1177 3120 1340 3195 babeat,
1363 3128 1521 3203 portum
1545 3122 1742 3204 corporis,

452 3213 524 3276 Ubi
549 3214 717 3275 remissa
738 3211 906 3276 bumana
928 3216 1009 3276 vita
1032 3234 1184 3297 corpus
1207 3216 1447 3300 requiescat
1468 3215 1590 3277 malis.
1751 3226 1780 3271 2⁰

409 3306 506 3370 Vides
529 3315 648 3389 quanto
671 3307 749 3370 baec
771 3307 803 3368 in
827 3328 933 3370 errore
955 3316 1137 3370 versentur:
1160 3318 1285 3391 portum
1310 3330 1380 3372 esse
1398 3308 1540 3393 corporis
1563 3316 1595 3371 et
1616 3308 1744 3392 requie·

409 3421 498 3463 scere
519 3401 554 3461 in
569 3400 734 3484 sepulchro
749 3410 840 3484 putat
855 3410 1026 3477 mortuum,
1049 3423 1160 3484 magua
1176 3404 1269 3486 culpa
1284 3404 1423 3486 Pelopis,
1441 3402 1497 3485 qui
1513 3423 1576 3465 nou
1592 3402 1744 3465 erudierit

410 3492 508 3556 lilium
532 3513 592 3555 nec
614 3493 758 3556 docuerit
778 3504 934 3579 quatenus
958 3505 1042 3559 esset
1064 3497 1206 3581 quidque
1228 3496 1411 3559 curandum.

495 3586 591 3648 va.
615 3583 687 3648 408.
711 3586 771 3649 Sed
797 3588 873 3670 quid
897 3589 1093 3670 singulorum
1118 3592 1283 3674 opiniones
1296 3589 1558 3663 animadvertam,
1580 3589 1744 3652 nationum

412 3682 516 3744 varios
540 3700 661 3744 amores
684 3684 864 3765 perspicere
886 3705 956 3745 cum
981 3682 1098 3747 liceat?
1122 3684 1282 3747 Condiunt
1303 3684 1451 3767 Aegyptii
1473 3693 1614 3747 mortuos
1637 3691 1668 3747 et
1689 3695 1783 3746 eosso

411 3783 538 3839 serrant
559 3773 664 3849 domi;
686 3778 800 3839 Persae
823 3778 919 3841 etiam
941 3798 1012 3841 cera
1035 3779 1227 3842 circumlitos
1249 3778 1404 3852 condunt,
1433 3785 1469 3841 ut
1491 3798 1587 3861 quam
1608 3777 1745 3841 maxime

412 3876 619 3954 permaneant
647 3869 797 3933 diuturna
827 3891 971 3954 corpora.
1009 3873 1174 3954 Magorum
1201 3892 1270 3935 mos
1297 3880 1346 3934 est
1373 3892 1437 3934 nou
1459 3871 1591 3934 humare
1613 3889 1745 3955 corpora

412 3986 558 4039 suorum,
590 3963 650 4026 nisi
680 3983 698 4025 a
725 3963 800 4028 feris
823 3966 888 4028 sint
909 3974 983 4028 ante
1005 3966 1132 4027 laniata.
1173 3966 1209 4027 lu
1232 3965 1391 4049 Hyrcania
1411 3965 1502 4046 plebs
1524 3964 1668 4047 publicos
1690 3962 1747 4025 alit

412 4079 524 4132 canes,
554 4066 735 4140 optumates
758 4059 958 4123 domesticos.
1002 4059 1116 4123 Nobile
1141 4067 1246 4123 autem
1269 4079 1368 4141 genus
1392 4078 1504 4121 canum
1527 4056 1605 4121 illud
1628 4056 1745 4120 scimus

413 4173 499 4227 esse,
532 4151 590 4215 sed
622 4173 678 4233 pro
709 4173 765 4216 sua
795 4153 931 4237 quisque
959 4153 1108 4216 facultate
1139 4162 1269 4237 parata
1291 4154 1405 4236 quibus
1428 4152 1578 4226 lanietur,
1611 4165 1783 4234 eamqueto

414 4255 578 4329 optumam
602 4246 649 4309 illi
673 4267 742 4310 esse
765 4255 897 4310 censent
918 4248 1124 4331 sepulturam.
1160 4247 1318 4311 Permulta
1332 4247 1393 4310 alia
1408 4247 1529 4330 colligit
1544 4245 1746 4329 Chrysippus,

480 4539 503 4586 4,
522 4541 580 4585 sunt
597 4537 617 4586 0
638 4561 663 4570 -
683 4535 706 4584 3.
725 4537 797 4597 priua
812 4538 894 4597 Quam
909 4537 979 4598 {erae
997 4534 1116 4598 Bentley,
1135 4536 1200 4585 0-
1216 4535 1240 4584 4.
1259 4548 1308 4584 neu
1324 4535 1443 4596 reliquias
1459 4535 1570 4583 enatasti
1587 4534 1636 4583 reis
1647 4536 1679 4590 ῦς
1698 4546 1748 4583 neu

413 4612 536 4673 reliquias
552 4609 612 4659 miti
629 4611 679 4658 aeti
696 4612 746 4658 reis
758 4612 790 4664 44;
809 4624 840 4659 ne
857 4612 978 4674 reliquias
993 4612 1116 4660 iunianis
1133 4611 1227 4666 reicit,
1246 4611 1302 4659 Neu
1318 4610 1438 4673 reliquias
1454 4610 1490 4659 sic
1505 4622 1575 4659 mear
1590 4608 1648 4656 stris
1664 4608 1747 4656 lient-

413 4686 465 4748 ley,
484 4687 518 4737 0:
545 4686 600 4733 Neu
622 4689 650 4733 tu
672 4685 793 4745 reliquiar
815 4687 850 4734 sic
872 4699 940 4733 oreas
968 4688 1040 4734 cieris
1063 4684 1230 4740 Fleckeisen:
1258 4686 1313 4735 Neu
1334 4686 1454 4746 reliquias
1477 4697 1568 4746 quaeso
1589 4695 1659 4732 meas
1677 4683 1748 4731 eteris

414 4760 541 4811 liibbeck.
564 4785 591 4795 -
617 4759 641 4808 8.
658 4773 704 4821 per
721 4767 817 4810 umam
834 4761 868 4809 C:
893 4765 959 4808 tetra
979 4758 1099 4822 Bentley,
1117 4762 1137 4809 0
1158 4789 1190 4798 —
1212 4762 1252 4811 40,
1274 4762 1455 4811 tenendum„
1467 4759 1581 4809 inimicos
1597 4762 1620 4807 et
1635 4760 1747 4806 mortuas

408 4838 554 4899 puniuntur
576 4836 676 4884 Nonius
699 4847 724 4898 p.
743 4834 804 4892 tatu
829 4848 878 4897 qno
896 4835 968 4883 multi
990 4837 1103 4885 inimicos
1124 4837 1200 4884 etiarn
1220 4841 1330 4884 mortuos
1348 4836 1491 4897 puniuntur
1506 4833 1578 4883 idem
1595 4845 1627 4895 p.
1639 4830 1696 4881 444.
1718 4856 1745 4867 -

411 4914 567 4973 munitur
582 4910 676 4961 litteris
693 4924 721 4959 oe
738 4923 872 4972 superscr.
886 4924 904 4957 u
916 4910 978 4969 Gli,
995 4910 1150 4971 poeniuntur
1162 4911 1194 4968 a;
1211 4911 1362 4971 poeniuntur
1373 4906 1424 4959 alil.
1445 4911 1564 4968 (norun
1586 4909 1666 4969 Quam
1676 4905 1750 4955 multi

413 5012 449 5024 ··
461 4988 630 5049 poeniuntur!
653 4986 722 5034 liake
746 4985 762 5034 Ι.
783 4983 800 5033 l.
819 4998 844 5049 p.
859 4985 910 5045 444.)
928 5012 961 5021 -
984 4987 1022 5034 46.
1042 4986 1163 5035 omniaC
1185 5011 1217 5021 -
1239 4985 1278 5033 47,
1299 4984 1377 5048 Quae]
1400 4996 1478 5045 quarn
1495 4984 1524 5034 C.
1545 4982 1623 5033 «illibi
1640 4993 1747 5045 quoque

413 5060 546 5111 eiusmodi
566 5059 722 5110 exclamatio
740 5061 827 5123 (quani
838 5086 874 5097 ··
885 5062 986 5110 sentiret
995 5061 1014 5124 t)
1032 5061 1124 5123 frigida
1143 5073 1203 5110 esse
1221 5058 1334 5120 videtur,
1353 5073 1406 5123 qua
1424 5061 1503 5109 nimis
1520 5060 1631 5123 augetur
1648 5058 1749 5106 crucia·

413 5142 457 5186 tus
474 5134 544 5185 illius
561 5135 666 5185 duritia.
692 5137 849 5186 Ciceronem
871 5136 916 5184 itta
937 5137 1027 5185 inania
1049 5149 1110 5186 esse
1128 5137 1166 5186 sic
1184 5134 1332 5184 ostendisse
1350 5136 1458 5198 opinor:
1479 5136 1535 5185 Non
1552 5135 1609 5195 ipsu
1621 5158 1658 5173 --
1670 5136 1749 5182 cenem

413 5214 504 5270 optare
521 5211 626 5271 (Atreus
645 5214 701 5260 turn
719 5224 800 5261 sensu
818 5213 888 5261 omni
907 5210 1037 5271 vacabat).
1067 5213 1136 5271 Quae
1155 5211 1200 5273 (sic
1218 5214 1279 5259 ante
1291 5207 1420 5260 Klotzium
1432 5209 1509 5273 vulgo
1521 5223 1553 5260 er
1566 5212 1675 5272 antiqua
1687 5219 1749 5257 cor-

414 5285 534 5334 rectione
553 5282 698 5347 legebntur)
717 5288 806 5336 autem
824 5292 901 5335 essent
917 5288 993 5346 dura,
1015 5288 1037 5333 ei
1053 5287 1166 5346 sentiret,
1187 5298 1218 5335 ea
1236 5286 1307 5334 nuda
1322 5290 1379 5334 runt
1395 5288 1447 5335 sine
1463 5298 1543 5335 sensu
1563 5281 1640 5347 (Nihil
1658 5284 1748 5332 autem

414 5361 513 5409 durum
531 5362 587 5416 est,
611 5360 683 5421 quod
703 5373 754 5409 non
772 5363 897 5411 sentitur:
922 5374 985 5423 ergo
1007 5361 1047 5410 illa
1072 5359 1141 5410 nulle
1164 5360 1288 5421 luerunt.)
1314 5362 1356 5409 Sic
1373 5362 1502 5411 remotius
1519 5359 1581 5409 illud
1598 5360 1644 5408 iila
1661 5368 1748 5420 neque

414 5436 440 5485 iu
458 5440 536 5483 eueni
554 5432 700 5496 intelligere
717 5448 784 5500 opus
802 5440 843 5486 est
860 5449 948 5500 neque
966 5437 992 5485 id
1009 5440 1065 5496 est,
1084 5450 1138 5498 quo
1155 5449 1219 5497 quae
1236 5436 1350 5486 retertur
1361 5436 1442 5499 (quod
1460 5439 1549 5486 tamen
1566 5435 1624 5485 fleri
1641 5432 1747 5493 licebat,

414 5511 574 5574 praesertim
597 5522 658 5560 cum
681 5512 726 5560 ilia
750 5513 933 5561 incunctatam
951 5513 1026 5572 insit,
1045 5513 1078 5561 ct.
1099 5512 1131 5561 ad
1150 5513 1166 5574 s
1184 5513 1217 5572 3).
1244 5512 1304 5560 Sive
1322 5516 1411 5561 autem
1429 5509 1537 5573 legitur:
1557 5512 1749 5571 Quam--ren-

415 5588 490 5635 tiret!
512 5585 586 5635 neila
608 5589 671 5645 cet,
694 5589 763 5646 sive,
788 5591 817 5637 ut
834 5587 911 5650 vulgo
935 5602 965 5637 ea
989 5589 1121 5651 scriptura
1139 5588 1318 5649 distinguitur:
1339 5588 1580 5649 Quae-·rentiret;
1597 5585 1668 5635 nuta
1684 5585 1747 5644 cet,

415 5662 543 5726 equidem
561 5666 623 5710 ante
640 5662 711 5710 nulia
728 5662 852 5713 desidero
868 5677 947 5718 nunc;
966 5663 999 5713 cl.
1019 5664 1121 5713 Verrio.
1142 5664 1172 5721 11,
1188 5664 1245 5712 446.
1264 5664 1348 5713 Divin.
1364 5664 1382 5720 4,
1397 5662 1436 5712 60.
1450 5662 1477 5711 Τ.
1491 5663 1521 5711 D.
1535 5662 1576 5720 lll,
1590 5662 1613 5710 i.
1634 5660 1671 5710 De
1684 5672 1750 5721 quae

417 5742 445 5788 et
462 5735 513 5799 qui
528 5738 563 5797 th.
584 5736 600 5785 4.
621 5737 731 5788 tortasse
750 5742 859 5803 propter
875 5738 1040 5802 praecedens
1058 5738 1143 5800 quaml
1162 5738 1276 5788 contusis
1296 5737 1357 5799 ets
1375 5737 1421 5785 409
1440 5736 1475 5799 [et
1487 5735 1570 5799 4404.»
1589 5736 1630 5785 W.
1646 5761 1673 5771 -
1691 5748 1749 5785 ters-

418 5816 494 5864 tireet
511 5815 545 5864 C:
565 5814 717 5862 sentirentur
734 5814 785 5863 atii.
801 5841 827 5849 -
850 5815 888 5863 48.
908 5818 965 5863 eunt
982 5827 1035 5863 om.
1050 5815 1085 5866 Cr
1104 5814 1155 5863 boc
1173 5811 1231 5864 loco
1248 5814 1335 5877 posuit
1349 5811 1507 5873 Tregderus,
1526 5813 1587 5875 post
1602 5811 1705 5861 eentuO
1720 5836 1747 5846 -

418 5890 460 5941 2l.
478 5890 602 5953 ophionis
618 5889 667 5939 644
687 5916 713 5927 -
733 5889 773 5938 28.
792 5890 946 5940 bircanialt
966 5915 993 5924 -
1018 5888 1141 5952 supplicos
1158 5888 1207 5938 Ga
1224 5886 1358 5952 (publicos,
1376 5886 1424 5936 sed
1438 5884 1490 5948 pub
1507 5886 1533 5937 lu
1551 5898 1652 5948 maura,
1670 5886 1698 5949 444
1718 5912 1746 5926 -
