4342 7459
661 1277 729 1342 nn.
752 1278 776 1339 ι.
808 1276 882 1341 cu.
905 1277 1257 1342 xxxv-xxxvia.
1284 1276 1330 1362 ss
1352 1274 1501 1341 vr-sa.
1686 1269 1750 1340 aci

420 1436 547 1521 1444444
570 1435 768 1510 diffundunt,
790 1456 886 1520 quam
908 1445 974 1503 tum
997 1445 1100 1502 terras
1121 1439 1265 1502 cavernis
1284 1438 1468 1513 includunt,
1497 1444 1563 1499 tum
1583 1435 1748 1499 hominum

419 1531 540 1597 naturis
561 1531 744 1613 implicaot3
777 1551 850 1594 nam
879 1541 981 1596 terrae
1010 1533 1058 1595 vis
1084 1531 1229 1615 Pythiam
1256 1532 1389 1616 Delphis
1418 1531 1588 1605 incitabat,
1618 1538 1748 1592 naturae

419 1623 584 1709 Sibyllam.
629 1622 713 1699 Quid
736 1626 846 1688 snimt
871 1645 938 1688 non
958 1626 1102 1690 videmus
1124 1645 1220 1707 quam
1242 1627 1307 1689 sint
1327 1626 1412 1690 varia
1436 1633 1587 1688 temanum
1610 1622 1748 1705 generat

418 1737 459 1784 ox
481 1719 599 1802 quihus
620 1727 653 1780 ct
675 1717 835 1783 mortifera
862 1719 1020 1802 quaedam
1048 1739 1121 1802 pars
1143 1726 1206 1793 est,
1237 1728 1274 1783 ut
1295 1729 1327 1783 et
1347 1718 1530 1800 Ampsancti
1553 1718 1586 1780 in
1607 1713 1748 1797 Hirpinis

418 1820 451 1878 ct
471 1814 504 1876 in
526 1811 602 1875 haia
622 1811 784 1884 Plutonia,
814 1832 896 1895 quae
920 1813 1072 1888 vidimus,
1102 1821 1135 1876 et
1156 1819 1230 1876 sunt
1251 1822 1356 1896 partes
1378 1832 1525 1895 agrorum
1547 1810 1629 1873 alias
1651 1806 1772 1891 pesti-t

417 1906 530 1981 lentes,
552 1906 634 1971 alias
657 1905 810 1979 salubres,
825 1907 909 1970 aliae
924 1926 1007 1989 quae
1022 1915 1114 1969 acuta
1130 1906 1257 1988 ingenia
1272 1908 1416 1988 gignant,
1430 1906 1512 1968 aliae
1527 1924 1611 1987 quae
1626 1910 1748 1964 retusa:

417 2020 500 2085 qnae
521 1987 629 2064 bmuia
651 1997 729 2061 fiunt
750 2006 782 2062 et
803 2020 845 2063 cx
867 2000 946 2063 caeli
969 2002 1120 2063 varietate
1142 2010 1175 2062 et
1196 2020 1236 2064 ex
1259 2000 1402 2082 disparili
1418 1998 1636 2080 adspiratione
1650 2002 1748 2058 torra-

416 2116 497 2163 rum.
540 2092 593 2157 80.
628 2095 677 2158 Fit
703 2094 797 2156 etiam
828 2113 924 2175 saepe
951 2096 1059 2176 specie
1087 2093 1239 2176 quadam,
1272 2114 1368 2175 saepe
1395 2113 1507 2156 vocum
1536 2090 1690 2173 gravitate
1717 2095 1749 2150 et

416 2191 577 2265 cantibus,
605 2195 640 2253 nt
663 2188 822 2269 pellantur
842 2188 939 2251 animi
964 2187 1200 2260 vehementius,
1230 2207 1326 2270 saepe
1352 2188 1444 2252 etiam
1473 2206 1548 2251 cura
1571 2194 1604 2250 et
1625 2184 1748 2255 timore,

418 2284 522 2367 qualis
543 2289 593 2345 est
614 2282 670 2345 illa
1756 2286 1785 2336 44

521 2376 744 2440 Fleuanima
774 2384 964 2459 tamquam
995 2375 1194 2460 lymphata
1223 2384 1291 2438 aut
1319 2375 1461 2438 Dacchi
1491 2380 1618 2441 sacris

522 2470 793 2543 Commota,'iu
816 2471 982 2534 tumulis
1004 2471 1195 2533 Teucrum
1217 2486 1524 2533 commemorans
1545 2492 1661 2534 suum.

499 2563 661 2628 xxxvii.
693 2567 799 2646 Atque
829 2564 922 2627 etiam
954 2564 1010 2628 illa
1039 2564 1207 2628 concitatio
1235 2562 1373 2626 declarat
1398 2563 1460 2626 vim
1486 2565 1519 2626 in
1540 2563 1654 2627 animis
1675 2582 1746 2626 osse

416 2657 565 2721 divinam.
599 2658 700 2741 Negat
721 2658 806 2721 enim
828 2660 896 2720 sine
914 2658 1020 2721 furore
1035 2660 1235 2721 Democritus
1250 2676 1442 2740 quemquam
1459 2665 1582 2742 postam
1599 2676 1746 2739 magnum
1864 2707 1868 2713 .

415 2771 485 2816 csse
507 2772 620 2834 posse,
642 2752 726 2834 quod
750 2752 834 2813 idem
857 2753 933 2816 dicit
954 2753 1056 2816 Plato.
1100 2752 1221 2827 Quem,
1244 2752 1271 2813 si
1294 2752 1413 2832 piacet,
1435 2750 1574 2835 appellet
1596 2750 1785 2823 sucorescit

416 2844 491 2909 dum
519 2844 614 2908 modo
643 2846 672 2908 is
700 2844 790 2908 luror
815 2848 858 2909 ita
885 2846 1048 2920 laudetur,
1079 2848 1168 2911 utin
1191 2845 1336 2908 Phaedro
1358 2846 1497 2908 Platonis
1519 2843 1665 2908 laudatus
1688 2852 1746 2906 est.

416 2938 528 3016 Quina
561 2946 666 3002 restra
690 2940 793 3002 oratio
815 2941 848 3003 in
872 2943 995 3012 causis,
1024 2940 1129 3023 quidt
1162 2940 1230 3022 ipss
1252 2940 1336 3002 actio
1358 2947 1555 3020 potestesse
1578 2937 1746 3000 vehemens

415 3033 573 3117 sagmis
595 3042 628 3096 et
649 3033 800 3115 copiosa,
833 3032 894 3096 nisi
918 3042 966 3096 est
987 3035 1113 3096 animus
1135 3035 1204 3115 ipse
1226 3034 1439 3096 commotioni
1474 3032 1630 3113 Equidem
1652 3032 1745 3095 etiam

415 3128 447 3191 in
468 3137 500 3191 te
522 3146 620 3210 saepe
641 3126 706 3190 vidi
729 3136 781 3198 ct,
813 3136 850 3188 ut
875 3125 916 3190 ad
938 3127 1059 3190 leviora
1080 3129 1267 3199 veniamus,
1300 3127 1333 3189 in
1356 3129 1481 3209 Aesopo
1509 3124 1658 3189 familiari
1687 3132 1745 3188 tuo

414 3228 536 3285 umam
556 3222 703 3284 ardorem
725 3220 869 3282 vultuum
892 3229 990 3304 atque
1014 3228 1175 3295 motuum,
1205 3228 1241 3283 ut
1270 3239 1344 3282 aum
1371 3220 1419 3283 vis
1446 3219 1603 3303 quaedam
1626 3219 1784 3282 ababa-⁸0

417 3315 503 3379 aisse
524 3333 544 3378 a
565 3333 662 3378 sensn
684 3315 799 3378 mentis
821 3314 990 3377 videretur.

498 3403 551 3469 8l.
579 3405 767 3471 Obiciuntur
788 3408 883 3472 etiam
907 3428 1002 3489 saepe
1024 3407 1159 3481 formae,
1189 3426 1271 3489 quae
1293 3425 1405 3490 reapse
1427 3407 1533 3471 nullae
1555 3412 1646 3478 sunt,
1674 3424 1746 3487 spe·

416 3501 497 3567 mem
523 3508 630 3565 autem
653 3502 811 3564 offerunt:
846 3503 933 3584 quod
961 3502 1131 3583 contigisse
1158 3503 1284 3564 Brenno
1313 3502 1428 3563 dicitur
1454 3502 1589 3585 eiusque
1617 3500 1745 3565 Gallicis

414 3596 534 3680 copiis,
564 3615 637 3659 cum
665 3594 739 3657 iano
761 3595 920 3677 Apollinis
946 3595 1093 3678 Delphici
1118 3594 1275 3658 nelarium
1303 3595 1421 3658 bellum
1449 3596 1622 3660 intulisset.
1664 3596 1744 3657 Tum

414 3692 499 3754 enim
521 3688 628 3753 ierunt
649 3708 691 3751 ex
712 3688 820 3751 oraclo
842 3688 973 3751 eclatam
996 3708 1067 3751 esse
1089 3688 1253 3772 Pythiam:
1752 3694 1782 3744 at

570 3783 652 3863 ligo
681 3781 905 3863 providebo
934 3803 1014 3845 rem
1043 3782 1163 3845 istam
1192 3791 1230 3845 et
1256 3782 1367 3846 albae
1395 3784 1587 3867 virgines.

412 3879 462 3943 Ex
495 3896 560 3961 quo
593 3875 709 3939 lactum
743 3884 778 3938 ut
807 3885 840 3939 et
870 3876 1052 3940 viderentur
1079 3878 1218 3960 virgines
1247 3876 1329 3941 terre
1359 3898 1446 3947 arma
1474 3888 1582 3943 contm
1612 3888 1644 3943 ct
1673 3879 1744 3941 nive

413 3972 577 4037 Gallorum
600 3971 789 4032 obrueretur
811 3971 979 4034 exercitus.

497 4064 675 4129 xxxvttt.
708 4064 893 4127 Aristotcles
923 4064 1053 4147 quidem
1081 4086 1139 4129 sos
1167 4067 1278 4140 etiam,
1305 4068 1360 4149 qui
1383 4068 1573 4132 valetudinis
1595 4068 1673 4129 vitio
1695 4064 1744 4127 lu·

411 4168 519 4224 rorent
547 4167 579 4221 et
607 4158 828 4221 melancholici
859 4159 1059 4233 dicerentur,
1093 4160 1243 4223 censebat
1271 4160 1386 4223 hahere
1415 4161 1538 4243 aliquid
1568 4161 1600 4222 in
1630 4159 1781 4222 animistt)

411 4254 616 4336 praesagiens
637 4261 734 4334 atque
756 4251 907 4316 divinum.
955 4255 1020 4335 Ego
1043 4261 1149 4315 autem
1172 4252 1255 4315 haud
1278 4254 1345 4316 scio
1367 4274 1407 4316 an
1430 4274 1489 4316 nec
1511 4254 1664 4317 cardiacis
1688 4254 1743 4315 tri·

411 4346 572 4409 huendum
594 4347 656 4408 hoc
678 4347 719 4407 sit
740 4365 798 4409 nec
820 4345 1034 4428 phreneticis;
1071 4347 1167 4408 animi
1196 4346 1280 4409 enim
1310 4347 1446 4428 integri,
1480 4367 1545 4409 non
1568 4347 1672 4410 vitiosi
1695 4355 1743 4409 est

413 4435 580 4524 [corporis]
609 4441 773 4503 divinatio.
817 4437 868 4500 82.
902 4439 1005 4514 Quam
1039 4439 1167 4523 quidem
1201 4459 1271 4501 esse
1303 4460 1338 4501 re
1369 4460 1443 4503 vera
1472 4441 1532 4503 hac
1563 4442 1741 4505 Stoicorum

410 4534 534 4596 ratione
557 4533 777 4595 concluditur:
807 4534 860 4595 «Si
883 4541 959 4595 sunt
980 4534 1011 4595 di
1034 4553 1139 4615 neque
1162 4542 1234 4595 ante
1262 4533 1424 4597 declarant
1452 4535 1633 4598 hominihus
1660 4555 1742 4618 quae

411 4626 517 4689 futura
538 4628 612 4700 sint,
635 4635 776 4689 autnon
799 4626 938 4708 diligunt
958 4626 1115 4700 homines,
1137 4637 1191 4690 aut
1213 4627 1289 4709 quid
1313 4638 1499 4691 eventurum
1523 4630 1564 4691 sit
1585 4630 1780 4710 ignorant,³⁵

411 4730 466 4784 aut
487 4721 680 4784 existumant
702 4720 782 4783 nihil
805 4722 959 4783 interesse
981 4720 1146 4784 hominum
1169 4723 1250 4784 scire
1273 4722 1349 4806 quid
1373 4724 1413 4786 sit
1431 4723 1587 4798 futurum,
1606 4733 1740 4787 autnon

475 4927 500 4974 4.
518 4937 645 4974 csaeraue
660 4930 745 4974 torrae
762 4922 793 4974 Η1
808 4951 834 4961 -
853 4923 877 4973 3.
897 4926 1003 4974 sibillam
1021 4926 1083 4974 ll-
1104 4924 1128 4976 l.
1148 4931 1176 4975 ut
1191 4932 1214 4975 44
1231 4927 1371 4975 amsancti
1388 4925 1426 4987 1³¹,
1445 4932 1474 4975 ut
1490 4928 1566 4976 etiam
1584 4941 1618 4989 ,p.
1632 4929 1740 4978 sanctia

411 5026 439 5038 -
457 4999 608 5060 tyrps'sisd
628 5024 654 5033 -
674 5000 698 5048 6.
715 5000 868 5060 platonicB
889 5025 915 5035 -
935 5001 1044 5049 uidimus
1061 5002 1172 5050 Peorce:
1192 5002 1305 5050 uidemus
1322 5002 1342 5051 C
1361 5027 1388 5037 -
1408 5002 1431 5049 6.
1451 5003 1583 5050 retuasclt
1604 5028 1630 5038 -
1651 5003 1674 5051 i.
1689 5004 1741 5052 dis-

407 5076 466 5136 pari
484 5086 552 5124 unus
570 5072 630 5123 cod.
651 5074 745 5123 hloseri
766 5100 791 5108 -
812 5075 836 5123 8.
856 5076 947 5135 specics
964 5075 1007 5125 llV
1029 5099 1054 5109 -
1075 5076 1259 5125 theumachi
1280 5102 1305 5111 —
1326 5077 1364 5124 44.
1378 5077 1520 5137 monimo
1537 5079 1596 5126 Aet
1610 5077 1690 5126 Varro
1708 5077 1742 5128 de

407 5146 425 5199 l.
444 5146 461 5197 l.
482 5148 540 5207 Vll,
559 5147 632 5210 gat:
650 5151 721 5212 giezo
737 5151 825 5198 animo
843 5149 895 5208 Ην,
913 5152 975 5213 peni
991 5151 1079 5198 ocimo
1098 5151 1115 5199 D
1136 5178 1163 5187 -
1182 5151 1342 5212 limphotoll
1365 5176 1389 5186 -
1416 5158 1460 5200 out
1478 5156 1609 5202 auratus:
1628 5155 1692 5202 ult}
1714 5180 1740 5190 -

407 5224 493 5274 hocchi
511 5222 643 5273 Palatinus
660 5236 729 5272 unus
747 5226 814 5272 teste
828 5226 950 5282 Grutero,
969 5228 999 5273 ut
1016 5228 1057 5273 est
1074 5224 1144 5287 apud
1163 5225 1325 5275 Varronem:
1345 5226 1438 5274 boccho
1456 5228 1485 5284 C,
1504 5227 1551 5276 sed
1571 5230 1596 5277 in
1615 5230 1633 5277 D
1652 5232 1743 5291 poste-

408 5302 462 5349 rior
478 5313 496 5348 o
513 5300 539 5348 in
558 5311 610 5347 ras.
629 5326 661 5335 -
680 5298 719 5348 tl.
737 5312 859 5361 magnam
877 5300 897 5346 V
927 5324 953 5333 -
974 5300 1013 5349 46.
1031 5312 1102 5360 posse
1119 5311 1177 5361 sup.
1193 5299 1271 5349 tina
1291 5327 1318 5335 -
1338 5301 1378 5349 46.
1392 5301 1516 5351 laudatur
1530 5303 1552 5352 Η
1566 5328 1592 5337 -
1614 5305 1653 5353 48.
1667 5305 1743 5351 ctiam

408 5388 462 5426 om.
482 5376 503 5425 Η
524 5400 550 5409 -
573 5375 613 5423 2⁰.
632 5374 730 5422 uultum
746 5379 823 5435 atque
841 5374 975 5424 motumll
997 5401 1021 5409 -
1047 5375 1207 5435 441446-
1227 5375 1291 5435 44444]
1310 5388 1367 5423 cum
1384 5376 1419 5426 ll.
1447 5381 1500 5423 tom
1523 5378 1591 5425 coni.
1611 5379 1741 5437 Davisius,

407 5449 553 5502 delendum
575 5451 678 5499 censuit
697 5448 846 5499 t'renzelius
865 5475 892 5485 -
917 5448 1108 5498 obstruxisscv
1133 5475 1160 5484 —
1184 5449 1225 5499 at.
1245 5462 1263 5497 c
1278 5462 1351 5498 sensu
1367 5455 1459 5498 meotes
1480 5451 1616 5509 Davisius,
1640 5466 1658 5500 o
1674 5458 1744 5502 statu

407 5528 495 5576 4444444
516 5528 637 5576 hloserus
663 5552 688 5560 -
716 5526 756 5575 44.
776 5538 869 5585 cums
885 5525 943 5575 abac
963 5525 1056 5581 ΑΒΗ,
1079 5536 1144 5582 quus
1161 5524 1249 5573 resch
1266 5538 1292 5573 ss
1309 5524 1329 5570 t'
1354 5550 1380 5558 -
1406 5523 1446 5573 st.
1466 5525 1551 5588 copiis]
1569 5528 1653 5586 opibus
1671 5530 1691 5578 lt
1712 5554 1739 5566 -
1793 5539 1799 5551 ·

407 5606 460 5651 m
476 5614 538 5651 acero
554 5603 660 5662 efferant
677 5601 698 5649 Η
724 5626 750 5635 -
779 5601 820 5649 36.
839 5601 943 5649 oraculo
960 5601 980 5650 0
999 5626 1026 5634 -
1046 5600 1155 5661 ecfatum
1172 5602 1214 5649 A:
1239 5601 1300 5650 hoec
1315 5601 1398 5662 [otum
1414 5600 1506 5659 A²BV,
1529 5600 1576 5649 sed
1596 5602 1614 5649 D
1632 5603 1657 5651 tn
1676 5616 1740 5663 ras,

410 5678 509 5737 effetam
525 5676 557 5732 ll,
577 5678 680 5737 affatum
696 5675 716 5723 0
738 5700 763 5711 -
783 5675 823 5724 66.
842 5676 951 5738 uirginis
968 5671 1021 5724 ΑΨ
1041 5701 1067 5711 -
1088 5675 1128 5722 tt.
1148 5679 1175 5722 ut
1190 5673 1223 5738 44]
1240 5681 1263 5726 44
1281 5677 1319 5733 lit,
1344 5680 1372 5723 ut
1390 5675 1425 5734 ll,
1447 5682 1475 5723 ut
1492 5676 1515 5723 44
1532 5675 1635 5738 hladvig
1653 5702 1679 5713 -·
1699 5679 1740 5728 28.

408 5749 526 5800 obruatur
544 5750 564 5799 ll
584 5774 611 5786 -
631 5749 672 5798 29.
691 5749 840 5797 ualitudinis
857 5750 919 5798 Η-
939 5749 980 5798 34.
998 5749 1060 5798 tout
1075 5749 1158 5799 A²V²:
1178 5755 1224 5798 cast
1240 5751 1335 5800 ΝΗΗ4
1350 5776 1376 5786 -
1395 5749 1448 5811 aec]
1466 5751 1526 5798 laec
1544 5750 1606 5799 ll-
1626 5752 1683 5801 trib.
1697 5754 1742 5803 hoc

409 5823 487 5875 DllV:
506 5824 552 5873 444
568 5823 625 5871 tss'b.
646 5825 729 5885 ΑΗὶθ
749 5847 774 5857 -
795 5823 836 5872 33.
854 5824 950 5886 integra
967 5822 998 5870 V¹
1017 5848 1043 5859 -
1063 5829 1099 5873 est
1115 5826 1229 5885 corporis
1245 5825 1338 5875 llllV:
1357 5830 1392 5874 est
1408 5828 1492 5873 naimo
1508 5827 1621 5886 corporis
1638 5828 1673 5886 B,
1691 5829 1741 5879 sed

408 5901 491 5949 444444
512 5903 687 5963 expunctum3
712 5901 825 5960 corporis
841 5904 876 5947 est
898 5900 932 5960 0,
954 5901 1011 5963 ipse
1032 5902 1145 5960 corporis
1165 5899 1259 5951 inclusi
1282 5927 1309 5937 -
1334 5902 1374 5951 36.
1392 5902 1442 5949 stat
1458 5900 1502 5950 AV
1519 5902 1547 5950 et
1564 5901 1583 5950 u
1600 5914 1660 5965 sup.
1679 5901 1739 5954 lin:

407 5973 806 6038 anttt¹tt0;ct.1t‚stot-
822 5974 938 6025 homins·
955 5976 991 6034 tt;
1010 5974 1044 6027 cl.
1058 5976 1089 6037 ll,
1103 5975 1117 6040 3
1131 5976 1175 6027 404
1197 6001 1224 6012 -
1244 5977 1311 6041 quod
1326 5976 1376 6029 ΑΗ
1396 6002 1422 6014 -
1442 5976 1610 6033 actuum
1626 5980 1659 6030 tit
1675 5978 1707 6036 ll.
