<?xml version="1.0" encoding="UTF-8"?>
<!DOCTYPE html PUBLIC "-//W3C//DTD XHTML 1.0 Transitional//EN"
    "http://www.w3.org/TR/xhtml1/DTD/xhtml1-transitional.dtd">
<html xmlns="http://www.w3.org/1999/xhtml" xml:lang="en" lang="en">
 <head>
  <title>
</title>
<meta http-equiv="Content-Type" content="text/html;charset=utf-8" />
  <meta name='ocr-system' content='tesseract 3.04.00' />
  <meta name='ocr-capabilities' content='ocr_page ocr_carea ocr_par ocr_line ocrx_word'/>
</head>
<body>
  <div class='ocr_page' id='page_1' title='image "./operaquaesupers00halmgoog/operaquaesupers00halmgoog_0027.png"; bbox 0 0 4342 7459; ppageno 0'>
   <div class='ocr_carea' id='block_1_1' title="bbox 728 1254 1724 1350">
    <p class='ocr_par' dir='ltr' id='par_1_1' title="bbox 728 1254 1724 1350">
     <span class='ocr_line' id='line_1_1' title="bbox 728 1254 1724 1350; baseline -0.007 -21"><span class='ocrx_word' id='word_1_1' title='bbox 728 1264 857 1330; x_wconf 62' lang='lat' dir='ltr'><strong>nau.</strong></span> <span class='ocrx_word' id='word_1_2' title='bbox 888 1261 1167 1329; x_wconf 63' lang='lat' dir='ltr'><strong>omum-rs</strong></span> <span class='ocrx_word' id='word_1_3' title='bbox 1193 1260 1408 1350; x_wconf 71' lang='lat' dir='ltr'><strong>§saa-ar.</strong></span> <span class='ocrx_word' id='word_1_4' title='bbox 1689 1254 1724 1322; x_wconf 84' lang='lat' dir='ltr'><strong>u</strong></span> 
     </span>
    </p>
   </div>
   <div class='ocr_carea' id='block_1_2' title="bbox 405 1431 1777 4805">
    <p class='ocr_par' dir='ltr' id='par_1_2' title="bbox 405 1431 1776 4056">
     <span class='ocr_line' id='line_1_2' title="bbox 408 1431 1732 1521; baseline -0.002 -22"><span class='ocrx_word' id='word_1_5' title='bbox 408 1444 445 1499; x_wconf 90' lang='lat' dir='ltr'><strong>ut</strong></span> <span class='ocrx_word' id='word_1_6' title='bbox 465 1436 634 1521; x_wconf 85' lang='lat' dir='ltr'><strong>quisquam</strong></span> <span class='ocrx_word' id='word_1_7' title='bbox 661 1434 740 1499; x_wconf 90' lang='lat' dir='ltr'><strong>tanti</strong></span> <span class='ocrx_word' id='word_1_8' title='bbox 767 1434 914 1497; x_wconf 88' lang='lat' dir='ltr'><strong>aestimet</strong></span> <span class='ocrx_word' id='word_1_9' title='bbox 943 1433 1135 1518; x_wconf 77' lang='lat' dir='ltr'><strong>aequitatem</strong></span> <span class='ocrx_word' id='word_1_10' title='bbox 1159 1440 1192 1498; x_wconf 91' lang='lat' dir='ltr'><strong>et</strong></span> <span class='ocrx_word' id='word_1_11' title='bbox 1211 1431 1322 1510; x_wconf 89' lang='lat' dir='ltr'><strong>fidem,</strong></span> <span class='ocrx_word' id='word_1_12' title='bbox 1350 1442 1386 1499; x_wconf 90' lang='lat' dir='ltr'><strong>ut</strong></span> <span class='ocrx_word' id='word_1_13' title='bbox 1406 1435 1475 1500; x_wconf 91' lang='lat' dir='ltr'><strong>eius</strong></span> <span class='ocrx_word' id='word_1_14' title='bbox 1497 1432 1732 1500; x_wconf 86' lang='lat' dir='ltr'><strong>conservandae</strong></span> 
     </span>
     <span class='ocr_line' id='line_1_3' title="bbox 409 1527 1733 1614; baseline -0.004 -19"><span class='ocrx_word' id='word_1_15' title='bbox 409 1550 504 1595; x_wconf 76' lang='lat' dir='ltr'><strong>eausa</strong></span> <span class='ocrx_word' id='word_1_16' title='bbox 524 1529 648 1594; x_wconf 92' lang='lat' dir='ltr'><strong>nullum</strong></span> <span class='ocrx_word' id='word_1_17' title='bbox 671 1528 860 1614; x_wconf 89' lang='lat' dir='ltr'><strong>supplicium</strong></span> <span class='ocrx_word' id='word_1_18' title='bbox 882 1535 1024 1603; x_wconf 89' lang='lat' dir='ltr'><strong>recuset,</strong></span> <span class='ocrx_word' id='word_1_19' title='bbox 1045 1527 1108 1591; x_wconf 89' lang='lat' dir='ltr'><strong>nisi</strong></span> <span class='ocrx_word' id='word_1_20' title='bbox 1124 1528 1163 1591; x_wconf 92' lang='lat' dir='ltr'><strong>iis</strong></span> <span class='ocrx_word' id='word_1_21' title='bbox 1178 1529 1273 1592; x_wconf 89' lang='lat' dir='ltr'><strong>rebus</strong></span> <span class='ocrx_word' id='word_1_22' title='bbox 1288 1529 1442 1594; x_wconf 75' lang='lat' dir='ltr'>adsensus</span> <span class='ocrx_word' id='word_1_23' title='bbox 1457 1531 1516 1606; x_wconf 90' lang='lat' dir='ltr'><strong>sit,</strong></span> <span class='ocrx_word' id='word_1_24' title='bbox 1538 1548 1621 1614; x_wconf 90' lang='lat' dir='ltr'><strong>quae</strong></span> <span class='ocrx_word' id='word_1_25' title='bbox 1635 1528 1733 1591; x_wconf 81' lang='lat' dir='ltr'><strong>falsae</strong></span> 
     </span>
     <span class='ocr_line' id='line_1_4' title="bbox 409 1620 1735 1707; baseline -0.004 -19"><span class='ocrx_word' id='word_1_26' title='bbox 409 1644 478 1688; x_wconf 83' lang='lat' dir='ltr'><strong>esse</strong></span> <span class='ocrx_word' id='word_1_27' title='bbox 500 1625 720 1707; x_wconf 83' lang='lat' dir='ltr'><strong>nonpossint.</strong></span> <span class='ocrx_word' id='word_1_28' title='bbox 761 1620 815 1686; x_wconf 52' lang='grc' dir='ltr'><strong>ᾖ.</strong></span> <span class='ocrx_word' id='word_1_29' title='bbox 836 1623 910 1704; x_wconf 89' lang='lat' dir='ltr'><strong>lpsa</strong></span> <span class='ocrx_word' id='word_1_30' title='bbox 930 1643 1007 1687; x_wconf 81' lang='lat' dir='ltr'><strong>vero</strong></span> <span class='ocrx_word' id='word_1_31' title='bbox 1029 1622 1201 1706; x_wconf 81' lang='lat' dir='ltr'><strong>sapientia,</strong></span> <span class='ocrx_word' id='word_1_32' title='bbox 1231 1623 1259 1686; x_wconf 94' lang='lat' dir='ltr'><strong>si</strong></span> <span class='ocrx_word' id='word_1_33' title='bbox 1281 1643 1315 1686; x_wconf 88' lang='lat' dir='ltr'><strong>se</strong></span> <span class='ocrx_word' id='word_1_34' title='bbox 1337 1624 1494 1706; x_wconf 73' lang='lat' dir='ltr'><strong>ignorabit</strong></span> <span class='ocrx_word' id='word_1_35' title='bbox 1515 1622 1671 1707; x_wconf 78' lang='lat' dir='ltr'><strong>sapientia</strong></span> <span class='ocrx_word' id='word_1_36' title='bbox 1693 1622 1735 1684; x_wconf 93' lang='lat' dir='ltr'><strong>sit</strong></span> 
     </span>
     <span class='ocr_line' id='line_1_5' title="bbox 408 1713 1732 1802; baseline -0.005 -20"><span class='ocrx_word' id='word_1_37' title='bbox 408 1738 524 1793; x_wconf 89' lang='lat' dir='ltr'><strong>necne,</strong></span> <span class='ocrx_word' id='word_1_38' title='bbox 546 1738 611 1802; x_wconf 94' lang='lat' dir='ltr'><strong>quo</strong></span> <span class='ocrx_word' id='word_1_39' title='bbox 634 1718 730 1782; x_wconf 92' lang='lat' dir='ltr'><strong>modo</strong></span> <span class='ocrx_word' id='word_1_40' title='bbox 751 1717 887 1801; x_wconf 89' lang='lat' dir='ltr'><strong>primum</strong></span> <span class='ocrx_word' id='word_1_41' title='bbox 903 1717 1058 1780; x_wconf 85' lang='lat' dir='ltr'><strong>obtinebit</strong></span> <span class='ocrx_word' id='word_1_42' title='bbox 1072 1736 1188 1779; x_wconf 88' lang='lat' dir='ltr'><strong>nomen</strong></span> <span class='ocrx_word' id='word_1_43' title='bbox 1204 1717 1405 1799; x_wconf 78' lang='lat' dir='ltr'><strong>sapientiae?</strong></span> <span class='ocrx_word' id='word_1_44' title='bbox 1428 1718 1545 1782; x_wconf 92' lang='lat' dir='ltr'><strong>deinde</strong></span> <span class='ocrx_word' id='word_1_45' title='bbox 1560 1737 1624 1801; x_wconf 93' lang='lat' dir='ltr'><strong>quo</strong></span> <span class='ocrx_word' id='word_1_46' title='bbox 1639 1713 1732 1778; x_wconf 93' lang='lat' dir='ltr'><strong>modo</strong></span> 
     </span>
     <span class='ocr_line' id='line_1_6' title="bbox 408 1808 1758 1896; baseline -0.004 -20"><span class='ocrx_word' id='word_1_47' title='bbox 408 1813 568 1894; x_wconf 88' lang='lat' dir='ltr'><strong>suscipere</strong></span> <span class='ocrx_word' id='word_1_48' title='bbox 597 1812 737 1896; x_wconf 89' lang='lat' dir='ltr'><strong>aliquam</strong></span> <span class='ocrx_word' id='word_1_49' title='bbox 764 1832 832 1874; x_wconf 90' lang='lat' dir='ltr'><strong>rem</strong></span> <span class='ocrx_word' id='word_1_50' title='bbox 860 1819 916 1875; x_wconf 93' lang='lat' dir='ltr'><strong>aut</strong></span> <span class='ocrx_word' id='word_1_51' title='bbox 936 1830 1029 1893; x_wconf 78' lang='lat' dir='ltr'><strong>agere</strong></span> <span class='ocrx_word' id='word_1_52' title='bbox 1050 1808 1187 1873; x_wconf 87' lang='lat' dir='ltr'><strong>fidenter</strong></span> <span class='ocrx_word' id='word_1_53' title='bbox 1207 1811 1351 1884; x_wconf 90' lang='lat' dir='ltr'><strong>audebit,</strong></span> <span class='ocrx_word' id='word_1_54' title='bbox 1381 1831 1453 1873; x_wconf 93' lang='lat' dir='ltr'><strong>cum</strong></span> <span class='ocrx_word' id='word_1_55' title='bbox 1474 1812 1552 1876; x_wconf 91' lang='lat' dir='ltr'><strong>certi</strong></span> <span class='ocrx_word' id='word_1_56' title='bbox 1574 1810 1654 1873; x_wconf 93' lang='lat' dir='ltr'><strong>nibil</strong></span> <span class='ocrx_word' id='word_1_57' title='bbox 1676 1809 1758 1871; x_wconf 78' lang='lat' dir='ltr'><strong>erite</strong></span> 
     </span>
     <span class='ocr_line' id='line_1_7' title="bbox 409 1903 1734 1991; baseline -0.003 -22"><span class='ocrx_word' id='word_1_58' title='bbox 409 1906 494 1991; x_wconf 93' lang='lat' dir='ltr'><strong>quod</strong></span> <span class='ocrx_word' id='word_1_59' title='bbox 516 1908 691 1991; x_wconf 80' lang='lat' dir='ltr'><strong>aequaturi</strong></span> <span class='ocrx_word' id='word_1_60' title='bbox 714 1924 786 1967; x_wconf 89' lang='lat' dir='ltr'><strong>cum</strong></span> <span class='ocrx_word' id='word_1_61' title='bbox 808 1924 883 1968; x_wconf 85' lang='lat' dir='ltr'><strong>vero</strong></span> <span class='ocrx_word' id='word_1_62' title='bbox 905 1904 1072 1978; x_wconf 84' lang='lat' dir='ltr'><strong>dubitabit,</strong></span> <span class='ocrx_word' id='word_1_63' title='bbox 1095 1904 1174 1987; x_wconf 89' lang='lat' dir='ltr'><strong>quid</strong></span> <span class='ocrx_word' id='word_1_64' title='bbox 1196 1905 1238 1968; x_wconf 92' lang='lat' dir='ltr'><strong>sit</strong></span> <span class='ocrx_word' id='word_1_65' title='bbox 1258 1912 1436 1969; x_wconf 45' lang='lat' dir='ltr'><strong>extremum*</strong></span> <span class='ocrx_word' id='word_1_66' title='bbox 1456 1912 1489 1969; x_wconf 90' lang='lat' dir='ltr'><strong>et</strong></span> <span class='ocrx_word' id='word_1_67' title='bbox 1509 1905 1654 1969; x_wconf 87' lang='lat' dir='ltr'><strong>ultimum</strong></span> <span class='ocrx_word' id='word_1_68' title='bbox 1676 1903 1734 1966; x_wconf 92' lang='lat' dir='ltr'><strong>bo-</strong></span> 
     </span>
     <span class='ocr_line' id='line_1_8' title="bbox 407 1997 1734 2084; baseline -0.002 -23"><span class='ocrx_word' id='word_1_69' title='bbox 407 2019 536 2072; x_wconf 89' lang='lat' dir='ltr'><strong>nomm,</strong></span> <span class='ocrx_word' id='word_1_70' title='bbox 558 2000 708 2081; x_wconf 76' lang='lat' dir='ltr'><strong>ignorans</strong></span> <span class='ocrx_word' id='word_1_71' title='bbox 731 2018 795 2082; x_wconf 93' lang='lat' dir='ltr'><strong>quo</strong></span> <span class='ocrx_word' id='word_1_72' title='bbox 819 1998 927 2061; x_wconf 90' lang='lat' dir='ltr'><strong>omnia</strong></span> <span class='ocrx_word' id='word_1_73' title='bbox 949 1997 1142 2072; x_wconf 81' lang='lat' dir='ltr'><strong>referantur,</strong></span> <span class='ocrx_word' id='word_1_74' title='bbox 1164 1999 1219 2081; x_wconf 93' lang='lat' dir='ltr'><strong>qui</strong></span> <span class='ocrx_word' id='word_1_75' title='bbox 1241 2000 1359 2081; x_wconf 87' lang='lat' dir='ltr'><strong>poterit</strong></span> <span class='ocrx_word' id='word_1_76' title='bbox 1382 2019 1452 2068; x_wconf 86' lang='lat' dir='ltr'><strong>esse</strong></span> <span class='ocrx_word' id='word_1_77' title='bbox 1475 1999 1651 2084; x_wconf 81' lang='lat' dir='ltr'><strong>sapientiai</strong></span> <span class='ocrx_word' id='word_1_78' title='bbox 1678 1998 1734 2059; x_wconf 80' lang='lat' dir='ltr'><strong>At·</strong></span> 
     </span>
     <span class='ocr_line' id='line_1_9' title="bbox 408 2090 1734 2176; baseline -0.002 -21"><span class='ocrx_word' id='word_1_79' title='bbox 408 2112 471 2176; x_wconf 92' lang='lat' dir='ltr'><strong>que</strong></span> <span class='ocrx_word' id='word_1_80' title='bbox 501 2094 595 2155; x_wconf 88' lang='lat' dir='ltr'><strong>etiam</strong></span> <span class='ocrx_word' id='word_1_81' title='bbox 623 2092 702 2155; x_wconf 91' lang='lat' dir='ltr'><strong>illud</strong></span> <span class='ocrx_word' id='word_1_82' title='bbox 732 2093 937 2175; x_wconf 89' lang='lat' dir='ltr'><strong>perspicuum</strong></span> <span class='ocrx_word' id='word_1_83' title='bbox 964 2100 1028 2166; x_wconf 90' lang='lat' dir='ltr'><strong>est,</strong></span> <span class='ocrx_word' id='word_1_84' title='bbox 1058 2092 1206 2156; x_wconf 87' lang='lat' dir='ltr'><strong>constitui</strong></span> <span class='ocrx_word' id='word_1_85' title='bbox 1229 2112 1359 2156; x_wconf 89' lang='lat' dir='ltr'><strong>neeesse</strong></span> <span class='ocrx_word' id='word_1_86' title='bbox 1382 2113 1453 2157; x_wconf 89' lang='lat' dir='ltr'><strong>esse</strong></span> <span class='ocrx_word' id='word_1_87' title='bbox 1475 2094 1618 2167; x_wconf 89' lang='lat' dir='ltr'><strong>initium,</strong></span> <span class='ocrx_word' id='word_1_88' title='bbox 1647 2090 1734 2175; x_wconf 92' lang='lat' dir='ltr'><strong>quod</strong></span> 
     </span>
     <span class='ocr_line' id='line_1_10' title="bbox 407 2185 1735 2270; baseline -0.002 -21"><span class='ocrx_word' id='word_1_89' title='bbox 407 2188 578 2269; x_wconf 82' lang='lat' dir='ltr'><strong>sapientia,</strong></span> <span class='ocrx_word' id='word_1_90' title='bbox 602 2206 675 2249; x_wconf 91' lang='lat' dir='ltr'><strong>cum</strong></span> <span class='ocrx_word' id='word_1_91' title='bbox 697 2185 774 2270; x_wconf 89' lang='lat' dir='ltr'><strong>quid</strong></span> <span class='ocrx_word' id='word_1_92' title='bbox 795 2206 890 2268; x_wconf 79' lang='lat' dir='ltr'><strong>agere</strong></span> <span class='ocrx_word' id='word_1_93' title='bbox 910 2187 1054 2268; x_wconf 88' lang='lat' dir='ltr'><strong>incipiat,</strong></span> <span class='ocrx_word' id='word_1_94' title='bbox 1076 2193 1243 2269; x_wconf 90' lang='lat' dir='ltr'><strong>sequatur,</strong></span> <span class='ocrx_word' id='word_1_95' title='bbox 1264 2186 1362 2270; x_wconf 92' lang='lat' dir='ltr'><strong>idque</strong></span> <span class='ocrx_word' id='word_1_96' title='bbox 1376 2187 1504 2250; x_wconf 90' lang='lat' dir='ltr'><strong>initium</strong></span> <span class='ocrx_word' id='word_1_97' title='bbox 1518 2206 1588 2250; x_wconf 89' lang='lat' dir='ltr'><strong>esse</strong></span> <span class='ocrx_word' id='word_1_98' title='bbox 1603 2192 1735 2248; x_wconf 90' lang='lat' dir='ltr'><strong>naturae</strong></span> 
     </span>
     <span class='ocr_line' id='line_1_11' title="bbox 407 2272 1773 2364; baseline -0.003 -21"><span class='ocrx_word' id='word_1_99' title='bbox 407 2280 690 2345; x_wconf 86' lang='lat' dir='ltr'><strong>accommodatum.</strong></span> <span class='ocrx_word' id='word_1_100' title='bbox 712 2281 791 2342; x_wconf 87' lang='lat' dir='ltr'><strong>Nam</strong></span> <span class='ocrx_word' id='word_1_101' title='bbox 806 2280 897 2342; x_wconf 89' lang='lat' dir='ltr'><strong>aliter</strong></span> <span class='ocrx_word' id='word_1_102' title='bbox 911 2279 1066 2363; x_wconf 87' lang='lat' dir='ltr'><strong>adpetitio</strong></span> <span class='ocrx_word' id='word_1_103' title='bbox 1080 2314 1123 2327; x_wconf 97' lang='lat'><em>-</em></span> <span class='ocrx_word' id='word_1_104' title='bbox 1138 2300 1206 2343; x_wconf 88' lang='lat' dir='ltr'><strong>eam</strong></span> <span class='ocrx_word' id='word_1_105' title='bbox 1223 2280 1307 2343; x_wconf 90' lang='lat' dir='ltr'><strong>enim</strong></span> <span class='ocrx_word' id='word_1_106' title='bbox 1322 2279 1468 2360; x_wconf 87' lang='lat' dir='ltr'><strong>volumus</strong></span> <span class='ocrx_word' id='word_1_107' title='bbox 1482 2300 1553 2343; x_wconf 86' lang='lat' dir='ltr'><strong>esse</strong></span> <span class='ocrx_word' id='word_1_108' title='bbox 1568 2272 1734 2364; x_wconf 48' lang='lat' dir='ltr'><strong>cippis-5</strong></span> <span class='ocrx_word' id='word_1_109' title='bbox 1745 2293 1773 2340; x_wconf 82' lang='lat' dir='ltr'><strong>te</strong></span> 
     </span>
     <span class='ocr_line' id='line_1_12' title="bbox 408 2372 1734 2458; baseline -0.003 -20"><span class='ocrx_word' id='word_1_110' title='bbox 408 2392 471 2458; x_wconf 85' lang='lat' dir='ltr'><strong>qua</strong></span> <span class='ocrx_word' id='word_1_111' title='bbox 497 2373 537 2437; x_wconf 89' lang='lat' dir='ltr'><strong>ad</strong></span> <span class='ocrx_word' id='word_1_112' title='bbox 566 2374 724 2456; x_wconf 72' lang='lat' dir='ltr'><strong>agendum</strong></span> <span class='ocrx_word' id='word_1_113' title='bbox 746 2374 940 2457; x_wconf 84' lang='lat' dir='ltr'><strong>impellimur</strong></span> <span class='ocrx_word' id='word_1_114' title='bbox 956 2384 990 2438; x_wconf 89' lang='lat' dir='ltr'><strong>et</strong></span> <span class='ocrx_word' id='word_1_115' title='bbox 1009 2375 1043 2437; x_wconf 96' lang='lat' dir='ltr'><strong>id</strong></span> <span class='ocrx_word' id='word_1_116' title='bbox 1065 2374 1261 2457; x_wconf 88' lang='lat' dir='ltr'><strong>adpetimus,</strong></span> <span class='ocrx_word' id='word_1_117' title='bbox 1288 2375 1373 2458; x_wconf 92' lang='lat' dir='ltr'><strong>quod</strong></span> <span class='ocrx_word' id='word_1_118' title='bbox 1396 2382 1446 2437; x_wconf 84' lang='lat' dir='ltr'><strong>eat</strong></span> <span class='ocrx_word' id='word_1_119' title='bbox 1465 2376 1585 2447; x_wconf 85' lang='lat' dir='ltr'><strong>visum,</strong></span> <span class='ocrx_word' id='word_1_120' title='bbox 1614 2372 1734 2435; x_wconf 83' lang='lat' dir='ltr'><strong>moveri</strong></span> 
     </span>
     <span class='ocr_line' id='line_1_13' title="bbox 407 2463 1737 2552; baseline -0.002 -20"><span class='ocrx_word' id='word_1_121' title='bbox 407 2488 472 2532; x_wconf 91' lang='lat' dir='ltr'><strong>nou</strong></span> <span class='ocrx_word' id='word_1_122' title='bbox 499 2474 616 2550; x_wconf 82' lang='lat' dir='ltr'><strong>potest.</strong></span> <span class='ocrx_word' id='word_1_123' title='bbox 658 2463 710 2529; x_wconf 73' lang='lat'><strong>25.</strong></span> <span class='ocrx_word' id='word_1_124' title='bbox 733 2467 817 2529; x_wconf 90' lang='lat' dir='ltr'><strong>lllud</strong></span> <span class='ocrx_word' id='word_1_125' title='bbox 847 2475 967 2543; x_wconf 89' lang='lat' dir='ltr'><strong>autem,</strong></span> <span class='ocrx_word' id='word_1_126' title='bbox 997 2468 1083 2552; x_wconf 93' lang='lat' dir='ltr'><strong>quod</strong></span> <span class='ocrx_word' id='word_1_127' title='bbox 1113 2474 1232 2541; x_wconf 88' lang='lat' dir='ltr'><strong>movet,</strong></span> <span class='ocrx_word' id='word_1_128' title='bbox 1261 2467 1351 2549; x_wconf 92' lang='lat' dir='ltr'><strong>prius</strong></span> <span class='ocrx_word' id='word_1_129' title='bbox 1372 2474 1497 2552; x_wconf 89' lang='lat' dir='ltr'><strong>oportet</strong></span> <span class='ocrx_word' id='word_1_130' title='bbox 1516 2466 1619 2530; x_wconf 81' lang='lat' dir='ltr'><strong>videri</strong></span> <span class='ocrx_word' id='word_1_131' title='bbox 1641 2466 1737 2549; x_wconf 87' lang='lat' dir='ltr'><strong>eique</strong></span> 
     </span>
     <span class='ocr_line' id='line_1_14' title="bbox 407 2560 1737 2646; baseline -0.005 -19"><span class='ocrx_word' id='word_1_132' title='bbox 407 2562 514 2627; x_wconf 85' lang='lat' dir='ltr'><strong>credi:</strong></span> <span class='ocrx_word' id='word_1_133' title='bbox 537 2561 624 2646; x_wconf 92' lang='lat' dir='ltr'><strong>quod</strong></span> <span class='ocrx_word' id='word_1_134' title='bbox 646 2562 715 2625; x_wconf 85' lang='lat' dir='ltr'><strong>lieri</strong></span> <span class='ocrx_word' id='word_1_135' title='bbox 739 2581 804 2625; x_wconf 93' lang='lat' dir='ltr'><strong>non</strong></span> <span class='ocrx_word' id='word_1_136' title='bbox 827 2570 948 2644; x_wconf 87' lang='lat' dir='ltr'><strong>potest&#39;,</strong></span> <span class='ocrx_word' id='word_1_137' title='bbox 979 2562 1005 2625; x_wconf 89' lang='lat' dir='ltr'><strong>si</strong></span> <span class='ocrx_word' id='word_1_138' title='bbox 1028 2561 1076 2635; x_wconf 94' lang='lat' dir='ltr'><strong>id,</strong></span> <span class='ocrx_word' id='word_1_139' title='bbox 1100 2560 1187 2645; x_wconf 90' lang='lat' dir='ltr'><strong>quod</strong></span> <span class='ocrx_word' id='word_1_140' title='bbox 1208 2562 1311 2625; x_wconf 81' lang='lat' dir='ltr'><strong>uisum</strong></span> <span class='ocrx_word' id='word_1_141' title='bbox 1334 2561 1411 2635; x_wconf 89' lang='lat' dir='ltr'><strong>erit,</strong></span> <span class='ocrx_word' id='word_1_142' title='bbox 1434 2561 1570 2625; x_wconf 88' lang='lat' dir='ltr'><strong>discerni</strong></span> <span class='ocrx_word' id='word_1_143' title='bbox 1592 2580 1656 2623; x_wconf 90' lang='lat' dir='ltr'><strong>nou</strong></span> <span class='ocrx_word' id='word_1_144' title='bbox 1679 2578 1737 2642; x_wconf 91' lang='lat' dir='ltr'><strong>po·</strong></span> 
     </span>
     <span class='ocr_line' id='line_1_15' title="bbox 407 2653 1736 2739; baseline -0.005 -18"><span class='ocrx_word' id='word_1_145' title='bbox 407 2658 481 2721; x_wconf 89' lang='lat' dir='ltr'><strong>terit</strong></span> <span class='ocrx_word' id='word_1_146' title='bbox 507 2676 527 2721; x_wconf 91' lang='lat' dir='ltr'><strong>a</strong></span> <span class='ocrx_word' id='word_1_147' title='bbox 554 2656 645 2720; x_wconf 76' lang='lat' dir='ltr'><strong>salso.</strong></span> <span class='ocrx_word' id='word_1_148' title='bbox 690 2655 762 2731; x_wconf 88' lang='lat' dir='ltr'><strong>Quo</strong></span> <span class='ocrx_word' id='word_1_149' title='bbox 793 2655 887 2719; x_wconf 92' lang='lat' dir='ltr'><strong>modo</strong></span> <span class='ocrx_word' id='word_1_150' title='bbox 909 2664 1015 2718; x_wconf 86' lang='lat' dir='ltr'><strong>autern</strong></span> <span class='ocrx_word' id='word_1_151' title='bbox 1037 2654 1158 2718; x_wconf 88' lang='lat' dir='ltr'><strong>moveri</strong></span> <span class='ocrx_word' id='word_1_152' title='bbox 1181 2655 1304 2718; x_wconf 92' lang='lat' dir='ltr'><strong>animus</strong></span> <span class='ocrx_word' id='word_1_153' title='bbox 1325 2656 1364 2719; x_wconf 93' lang='lat' dir='ltr'><strong>ad</strong></span> <span class='ocrx_word' id='word_1_154' title='bbox 1386 2653 1599 2739; x_wconf 87' lang='lat' dir='ltr'><strong>adpetendum</strong></span> <span class='ocrx_word' id='word_1_155' title='bbox 1622 2659 1736 2737; x_wconf 90' lang='lat' dir='ltr'><strong>potest,</strong></span> 
     </span>
     <span class='ocr_line' id='line_1_16' title="bbox 406 2747 1774 2833; baseline -0.003 -20"><span class='ocrx_word' id='word_1_156' title='bbox 406 2750 434 2813; x_wconf 85' lang='lat' dir='ltr'><strong>si</strong></span> <span class='ocrx_word' id='word_1_157' title='bbox 462 2750 510 2823; x_wconf 89' lang='lat' dir='ltr'><strong>id,</strong></span> <span class='ocrx_word' id='word_1_158' title='bbox 537 2750 623 2833; x_wconf 92' lang='lat' dir='ltr'><strong>quod</strong></span> <span class='ocrx_word' id='word_1_159' title='bbox 652 2750 794 2825; x_wconf 83' lang='lat' dir='ltr'><strong>videtur,</strong></span> <span class='ocrx_word' id='word_1_160' title='bbox 824 2770 888 2814; x_wconf 92' lang='lat' dir='ltr'><strong>non</strong></span> <span class='ocrx_word' id='word_1_161' title='bbox 917 2748 1109 2832; x_wconf 85' lang='lat' dir='ltr'><strong>percipitur,</strong></span> <span class='ocrx_word' id='word_1_162' title='bbox 1138 2749 1449 2812; x_wconf 84' lang='lat' dir='ltr'><strong>accommodatumne</strong></span> <span class='ocrx_word' id='word_1_163' title='bbox 1479 2755 1609 2812; x_wconf 86' lang='lat' dir='ltr'><strong>naturae</strong></span> <span class='ocrx_word' id='word_1_164' title='bbox 1631 2747 1674 2810; x_wconf 86' lang='lat' dir='ltr'><strong>sit</strong></span> <span class='ocrx_word' id='word_1_165' title='bbox 1694 2758 1774 2810; x_wconf 76' lang='lat' dir='ltr'><strong>ante</strong></span> 
     </span>
     <span class='ocr_line' id='line_1_17' title="bbox 405 2840 1737 2927; baseline -0.004 -20"><span class='ocrx_word' id='word_1_166' title='bbox 405 2843 572 2907; x_wconf 75' lang='lat' dir='ltr'><strong>alienum?</strong></span> <span class='ocrx_word' id='word_1_167' title='bbox 607 2843 769 2927; x_wconf 87' lang='lat' dir='ltr'><strong>Itemque,</strong></span> <span class='ocrx_word' id='word_1_168' title='bbox 791 2844 817 2906; x_wconf 91' lang='lat' dir='ltr'><strong>si</strong></span> <span class='ocrx_word' id='word_1_169' title='bbox 843 2843 921 2927; x_wconf 91' lang='lat' dir='ltr'><strong>quid</strong></span> <span class='ocrx_word' id='word_1_170' title='bbox 943 2840 1027 2906; x_wconf 88' lang='lat' dir='ltr'><strong>offici</strong></span> <span class='ocrx_word' id='word_1_171' title='bbox 1048 2843 1096 2905; x_wconf 88' lang='lat' dir='ltr'><strong>sui</strong></span> <span class='ocrx_word' id='word_1_172' title='bbox 1119 2844 1161 2906; x_wconf 93' lang='lat' dir='ltr'><strong>sit</strong></span> <span class='ocrx_word' id='word_1_173' title='bbox 1182 2864 1247 2907; x_wconf 89' lang='lat' dir='ltr'><strong>uon</strong></span> <span class='ocrx_word' id='word_1_174' title='bbox 1263 2843 1402 2907; x_wconf 89' lang='lat' dir='ltr'><strong>occurrit</strong></span> <span class='ocrx_word' id='word_1_175' title='bbox 1422 2842 1545 2917; x_wconf 89' lang='lat' dir='ltr'><strong>animo,</strong></span> <span class='ocrx_word' id='word_1_176' title='bbox 1567 2841 1647 2905; x_wconf 92' lang='lat' dir='ltr'><strong>nihil</strong></span> <span class='ocrx_word' id='word_1_177' title='bbox 1667 2860 1737 2903; x_wconf 89' lang='lat' dir='ltr'><strong>um·</strong></span> 
     </span>
     <span class='ocr_line' id='line_1_18' title="bbox 407 2938 1737 3022; baseline -0.002 -22"><span class='ocrx_word' id='word_1_178' title='bbox 407 2956 502 3021; x_wconf 89' lang='lat' dir='ltr'><strong>quam</strong></span> <span class='ocrx_word' id='word_1_179' title='bbox 525 2938 657 3001; x_wconf 91' lang='lat' dir='ltr'><strong>omnino</strong></span> <span class='ocrx_word' id='word_1_180' title='bbox 679 2947 768 3021; x_wconf 79' lang='lat' dir='ltr'><strong>aget,</strong></span> <span class='ocrx_word' id='word_1_181' title='bbox 791 2938 833 3000; x_wconf 90' lang='lat' dir='ltr'><strong>ad</strong></span> <span class='ocrx_word' id='word_1_182' title='bbox 855 2938 973 3001; x_wconf 92' lang='lat' dir='ltr'><strong>nullam</strong></span> <span class='ocrx_word' id='word_1_183' title='bbox 996 2959 1062 3001; x_wconf 91' lang='lat' dir='ltr'><strong>rem</strong></span> <span class='ocrx_word' id='word_1_184' title='bbox 1086 2959 1235 3022; x_wconf 93' lang='lat' dir='ltr'><strong>umquam</strong></span> <span class='ocrx_word' id='word_1_185' title='bbox 1257 2938 1454 3022; x_wconf 87' lang='lat' dir='ltr'><strong>impelletur,</strong></span> <span class='ocrx_word' id='word_1_186' title='bbox 1476 2956 1647 3021; x_wconf 88' lang='lat' dir='ltr'><strong>numquam</strong></span> <span class='ocrx_word' id='word_1_187' title='bbox 1671 2954 1737 2999; x_wconf 88' lang='lat' dir='ltr'><strong>mn-</strong></span> 
     </span>
     <span class='ocr_line' id='line_1_19' title="bbox 407 3030 1737 3115; baseline -0.002 -22"><span class='ocrx_word' id='word_1_188' title='bbox 407 3030 540 3093; x_wconf 78' lang='lat' dir='ltr'><strong>vebitur.</strong></span> <span class='ocrx_word' id='word_1_189' title='bbox 574 3030 719 3107; x_wconf 85' lang='lat' dir='ltr'><strong>Quodsi</strong></span> <span class='ocrx_word' id='word_1_190' title='bbox 741 3032 862 3115; x_wconf 91' lang='lat' dir='ltr'><strong>aliquid</strong></span> <span class='ocrx_word' id='word_1_191' title='bbox 884 3032 1057 3115; x_wconf 89' lang='lat' dir='ltr'><strong>aliquando</strong></span> <span class='ocrx_word' id='word_1_192' title='bbox 1080 3042 1207 3095; x_wconf 89' lang='lat' dir='ltr'><strong>acturus</strong></span> <span class='ocrx_word' id='word_1_193' title='bbox 1230 3039 1293 3105; x_wconf 90' lang='lat' dir='ltr'><strong>est,</strong></span> <span class='ocrx_word' id='word_1_194' title='bbox 1316 3050 1447 3094; x_wconf 87' lang='lat' dir='ltr'><strong>necesse</strong></span> <span class='ocrx_word' id='word_1_195' title='bbox 1462 3039 1512 3094; x_wconf 90' lang='lat' dir='ltr'><strong>est</strong></span> <span class='ocrx_word' id='word_1_196' title='bbox 1525 3031 1557 3093; x_wconf 93' lang='lat' dir='ltr'><strong>id</strong></span> <span class='ocrx_word' id='word_1_197' title='bbox 1573 3031 1602 3092; x_wconf 88' lang='lat' dir='ltr'><strong>ei</strong></span> <span class='ocrx_word' id='word_1_198' title='bbox 1618 3050 1737 3101; x_wconf 85' lang='lat' dir='ltr'><strong>verum,</strong></span> 
     </span>
     <span class='ocr_line' id='line_1_20' title="bbox 407 3122 1737 3209; baseline -0.001 -23"><span class='ocrx_word' id='word_1_199' title='bbox 407 3123 492 3207; x_wconf 91' lang='lat' dir='ltr'><strong>quod</strong></span> <span class='ocrx_word' id='word_1_200' title='bbox 515 3125 669 3199; x_wconf 86' lang='lat' dir='ltr'><strong>occurrit,</strong></span> <span class='ocrx_word' id='word_1_201' title='bbox 697 3124 809 3189; x_wconf 82' lang='lat' dir='ltr'><strong>videri.</strong></span> <span class='ocrx_word' id='word_1_202' title='bbox 853 3122 904 3187; x_wconf 73' lang='lat'><strong>26.</strong></span> <span class='ocrx_word' id='word_1_203' title='bbox 928 3124 1013 3200; x_wconf 88' lang='lat' dir='ltr'><strong>Quid</strong></span> <span class='ocrx_word' id='word_1_204' title='bbox 1042 3127 1146 3209; x_wconf 93' lang='lat' dir='ltr'><strong>quod,</strong></span> <span class='ocrx_word' id='word_1_205' title='bbox 1176 3126 1203 3188; x_wconf 93' lang='lat' dir='ltr'><strong>si</strong></span> <span class='ocrx_word' id='word_1_206' title='bbox 1229 3126 1291 3189; x_wconf 90' lang='lat' dir='ltr'><strong>ista</strong></span> <span class='ocrx_word' id='word_1_207' title='bbox 1317 3144 1392 3187; x_wconf 85' lang='lat' dir='ltr'><strong>vera</strong></span> <span class='ocrx_word' id='word_1_208' title='bbox 1413 3132 1504 3199; x_wconf 91' lang='lat' dir='ltr'><strong>sunt,</strong></span> <span class='ocrx_word' id='word_1_209' title='bbox 1531 3125 1612 3188; x_wconf 92' lang='lat' dir='ltr'><strong>ratio</strong></span> <span class='ocrx_word' id='word_1_210' title='bbox 1634 3122 1737 3187; x_wconf 91' lang='lat' dir='ltr'><strong>omnis</strong></span> 
     </span>
     <span class='ocr_line' id='line_1_21' title="bbox 406 3217 1775 3304; baseline 0.001 -23"><span class='ocrx_word' id='word_1_211' title='bbox 406 3217 544 3291; x_wconf 90' lang='lat' dir='ltr'><strong>tollitur,</strong></span> <span class='ocrx_word' id='word_1_212' title='bbox 574 3220 666 3302; x_wconf 88' lang='lat' dir='ltr'><strong>quasi</strong></span> <span class='ocrx_word' id='word_1_213' title='bbox 697 3220 853 3304; x_wconf 87' lang='lat' dir='ltr'><strong>quaedam</strong></span> <span class='ocrx_word' id='word_1_214' title='bbox 875 3220 933 3282; x_wconf 85' lang='lat' dir='ltr'><strong>lux</strong></span> <span class='ocrx_word' id='word_1_215' title='bbox 954 3220 1128 3303; x_wconf 88' lang='lat' dir='ltr'><strong>lumenque</strong></span> <span class='ocrx_word' id='word_1_216' title='bbox 1151 3219 1249 3293; x_wconf 89' lang='lat' dir='ltr'><strong>vitae,</strong></span> <span class='ocrx_word' id='word_1_217' title='bbox 1277 3227 1423 3282; x_wconf 91' lang='lat' dir='ltr'><strong>tamenne</strong></span> <span class='ocrx_word' id='word_1_218' title='bbox 1446 3219 1478 3281; x_wconf 94' lang='lat' dir='ltr'><strong>in</strong></span> <span class='ocrx_word' id='word_1_219' title='bbox 1501 3219 1562 3282; x_wconf 88' lang='lat' dir='ltr'><strong>ista</strong></span> <span class='ocrx_word' id='word_1_220' title='bbox 1583 3217 1775 3301; x_wconf 72' lang='lat' dir='ltr'><strong>pravitatem</strong></span> 
     </span>
     <span class='ocr_line' id='line_1_22' title="bbox 407 3310 1738 3397; baseline -0.002 -23"><span class='ocrx_word' id='word_1_221' title='bbox 407 3312 614 3396; x_wconf 79' lang='lat' dir='ltr'><strong>perstabitisi</strong></span> <span class='ocrx_word' id='word_1_222' title='bbox 646 3315 726 3376; x_wconf 82' lang='lat' dir='ltr'><strong>llam</strong></span> <span class='ocrx_word' id='word_1_223' title='bbox 749 3314 922 3397; x_wconf 89' lang='lat' dir='ltr'><strong>quaerendi</strong></span> <span class='ocrx_word' id='word_1_224' title='bbox 946 3315 1073 3378; x_wconf 91' lang='lat' dir='ltr'><strong>initium</strong></span> <span class='ocrx_word' id='word_1_225' title='bbox 1096 3315 1175 3377; x_wconf 91' lang='lat' dir='ltr'><strong>ratio</strong></span> <span class='ocrx_word' id='word_1_226' title='bbox 1190 3312 1312 3385; x_wconf 89' lang='lat' dir='ltr'><strong>attulit,</strong></span> <span class='ocrx_word' id='word_1_227' title='bbox 1335 3330 1416 3393; x_wconf 89' lang='lat' dir='ltr'><strong>quae</strong></span> <span class='ocrx_word' id='word_1_228' title='bbox 1431 3310 1565 3394; x_wconf 79' lang='lat' dir='ltr'><strong>perfecit</strong></span> <span class='ocrx_word' id='word_1_229' title='bbox 1578 3313 1738 3384; x_wconf 84' lang='lat' dir='ltr'><strong>virtutem,</strong></span> 
     </span>
     <span class='ocr_line' id='line_1_23' title="bbox 408 3405 1748 3494; baseline 0 -26"><span class='ocrx_word' id='word_1_230' title='bbox 408 3426 478 3469; x_wconf 89' lang='lat' dir='ltr'><strong>cum</strong></span> <span class='ocrx_word' id='word_1_231' title='bbox 502 3413 586 3469; x_wconf 87' lang='lat' dir='ltr'><strong>esset</strong></span> <span class='ocrx_word' id='word_1_232' title='bbox 607 3405 678 3489; x_wconf 86' lang='lat' dir='ltr'><strong>ipsa</strong></span> <span class='ocrx_word' id='word_1_233' title='bbox 699 3409 780 3471; x_wconf 89' lang='lat' dir='ltr'><strong>ratio</strong></span> <span class='ocrx_word' id='word_1_234' title='bbox 802 3407 987 3472; x_wconf 85' lang='lat' dir='ltr'><strong>confirmata</strong></span> <span class='ocrx_word' id='word_1_235' title='bbox 1002 3410 1196 3491; x_wconf 88' lang='lat' dir='ltr'><strong>quaerendo.</strong></span> <span class='ocrx_word' id='word_1_236' title='bbox 1234 3405 1387 3482; x_wconf 88' lang='lat' dir='ltr'><strong>Quaestio</strong></span> <span class='ocrx_word' id='word_1_237' title='bbox 1403 3414 1508 3468; x_wconf 89' lang='lat' dir='ltr'><strong>autem</strong></span> <span class='ocrx_word' id='word_1_238' title='bbox 1524 3405 1748 3494; x_wconf 33' lang='lat' dir='ltr'><strong>estadpetitio·</strong></span> 
     </span>
     <span class='ocr_line' id='line_1_24' title="bbox 408 3498 1738 3588; baseline 0.001 -27"><span class='ocrx_word' id='word_1_239' title='bbox 408 3498 597 3581; x_wconf 75' lang='lat' dir='ltr'><strong>cognitionis</strong></span> <span class='ocrx_word' id='word_1_240' title='bbox 620 3503 883 3588; x_wconf 89' lang='lat' dir='ltr'><strong>quaestionisque</strong></span> <span class='ocrx_word' id='word_1_241' title='bbox 906 3501 978 3567; x_wconf 88' lang='lat' dir='ltr'><strong>finis</strong></span> <span class='ocrx_word' id='word_1_242' title='bbox 1001 3504 1152 3567; x_wconf 87' lang='lat' dir='ltr'><strong>inventio.</strong></span> <span class='ocrx_word' id='word_1_243' title='bbox 1187 3503 1228 3564; x_wconf 80' lang='lat' dir='ltr'><strong>bt</strong></span> <span class='ocrx_word' id='word_1_244' title='bbox 1249 3519 1342 3563; x_wconf 92' lang='lat' dir='ltr'><strong>nemo</strong></span> <span class='ocrx_word' id='word_1_245' title='bbox 1363 3500 1485 3564; x_wconf 89' lang='lat' dir='ltr'><strong>invenit</strong></span> <span class='ocrx_word' id='word_1_246' title='bbox 1499 3500 1594 3575; x_wconf 83' lang='lat' dir='ltr'><strong>falsa,</strong></span> <span class='ocrx_word' id='word_1_247' title='bbox 1617 3518 1674 3563; x_wconf 89' lang='lat' dir='ltr'><strong>nec</strong></span> <span class='ocrx_word' id='word_1_248' title='bbox 1690 3518 1738 3573; x_wconf 89' lang='lat' dir='ltr'><strong>ea,</strong></span> 
     </span>
     <span class='ocr_line' id='line_1_25' title="bbox 407 3593 1738 3680; baseline 0.001 -26"><span class='ocrx_word' id='word_1_249' title='bbox 407 3611 489 3676; x_wconf 89' lang='lat' dir='ltr'><strong>quae</strong></span> <span class='ocrx_word' id='word_1_250' title='bbox 512 3594 632 3657; x_wconf 88' lang='lat' dir='ltr'><strong>incerta</strong></span> <span class='ocrx_word' id='word_1_251' title='bbox 654 3606 858 3679; x_wconf 90' lang='lat' dir='ltr'><strong>permanent,</strong></span> <span class='ocrx_word' id='word_1_252' title='bbox 881 3599 1009 3662; x_wconf 89' lang='lat' dir='ltr'><strong>inventa</strong></span> <span class='ocrx_word' id='word_1_253' title='bbox 1031 3618 1101 3660; x_wconf 89' lang='lat' dir='ltr'><strong>esse</strong></span> <span class='ocrx_word' id='word_1_254' title='bbox 1119 3603 1268 3680; x_wconf 90' lang='lat' dir='ltr'><strong>possunt,</strong></span> <span class='ocrx_word' id='word_1_255' title='bbox 1290 3593 1361 3668; x_wconf 89' lang='lat' dir='ltr'><strong>sed,</strong></span> <span class='ocrx_word' id='word_1_256' title='bbox 1385 3615 1526 3668; x_wconf 90' lang='lat' dir='ltr'><strong>cumea,</strong></span> <span class='ocrx_word' id='word_1_257' title='bbox 1548 3614 1630 3678; x_wconf 91' lang='lat' dir='ltr'><strong>quae</strong></span> <span class='ocrx_word' id='word_1_258' title='bbox 1646 3593 1738 3676; x_wconf 88' lang='lat' dir='ltr'><strong>quasi</strong></span> 
     </span>
     <span class='ocr_line' id='line_1_26' title="bbox 407 3686 1776 3775; baseline 0.002 -26"><span class='ocrx_word' id='word_1_259' title='bbox 407 3686 549 3751; x_wconf 82' lang='lat' dir='ltr'><strong>insoluta</strong></span> <span class='ocrx_word' id='word_1_260' title='bbox 581 3688 724 3764; x_wconf 80' lang='lat' dir='ltr'><strong>suerunt,</strong></span> <span class='ocrx_word' id='word_1_261' title='bbox 758 3700 866 3775; x_wconf 87' lang='lat' dir='ltr'><strong>aperta</strong></span> <span class='ocrx_word' id='word_1_262' title='bbox 898 3700 987 3766; x_wconf 92' lang='lat' dir='ltr'><strong>sunt,</strong></span> <span class='ocrx_word' id='word_1_263' title='bbox 1020 3700 1084 3755; x_wconf 92' lang='lat' dir='ltr'><strong>tum</strong></span> <span class='ocrx_word' id='word_1_264' title='bbox 1119 3692 1248 3753; x_wconf 89' lang='lat' dir='ltr'><strong>inventa</strong></span> <span class='ocrx_word' id='word_1_265' title='bbox 1279 3688 1436 3751; x_wconf 91' lang='lat' dir='ltr'><strong>dicuntur.</strong></span> <span class='ocrx_word' id='word_1_266' title='bbox 1481 3689 1533 3751; x_wconf 87' lang='lat' dir='ltr'><strong>Sic</strong></span> <span class='ocrx_word' id='word_1_267' title='bbox 1554 3696 1587 3750; x_wconf 91' lang='lat' dir='ltr'><strong>et</strong></span> <span class='ocrx_word' id='word_1_268' title='bbox 1615 3688 1776 3752; x_wconf 81' lang='lat' dir='ltr'><strong>initiumatt</strong></span> 
     </span>
     <span class='ocr_line' id='line_1_27' title="bbox 408 3780 1738 3870; baseline -0.002 -27"><span class='ocrx_word' id='word_1_269' title='bbox 408 3781 582 3864; x_wconf 89' lang='lat' dir='ltr'><strong>quaerendi</strong></span> <span class='ocrx_word' id='word_1_270' title='bbox 604 3794 635 3846; x_wconf 88' lang='lat' dir='ltr'><strong>et</strong></span> <span class='ocrx_word' id='word_1_271' title='bbox 658 3788 764 3863; x_wconf 83' lang='lat' dir='ltr'><strong>exitus</strong></span> <span class='ocrx_word' id='word_1_272' title='bbox 791 3787 987 3870; x_wconf 89' lang='lat' dir='ltr'><strong>percipiundi</strong></span> <span class='ocrx_word' id='word_1_273' title='bbox 1011 3796 1043 3848; x_wconf 88' lang='lat' dir='ltr'><strong>et</strong></span> <span class='ocrx_word' id='word_1_274' title='bbox 1065 3781 1353 3868; x_wconf 86' lang='lat' dir='ltr'><strong>comprehendendi</strong></span> <span class='ocrx_word' id='word_1_275' title='bbox 1375 3790 1510 3845; x_wconf 88' lang='lat' dir='ltr'><strong>tenetur.</strong></span> <span class='ocrx_word' id='word_1_276' title='bbox 1552 3780 1738 3863; x_wconf 79' lang='lat' dir='ltr'><strong>Argumeuti</strong></span> 
     </span>
     <span class='ocr_line' id='line_1_28' title="bbox 409 3874 1739 3962; baseline -0.003 -23"><span class='ocrx_word' id='word_1_277' title='bbox 409 3876 592 3952; x_wconf 79' lang='lat' dir='ltr'><strong>conclusio,</strong></span> <span class='ocrx_word' id='word_1_278' title='bbox 616 3898 696 3962; x_wconf 89' lang='lat' dir='ltr'><strong>quae</strong></span> <span class='ocrx_word' id='word_1_279' title='bbox 718 3888 768 3942; x_wconf 87' lang='lat' dir='ltr'><strong>est</strong></span> <span class='ocrx_word' id='word_1_280' title='bbox 782 3880 902 3942; x_wconf 87' lang='lat' dir='ltr'><strong>Graece</strong></span> <span class='ocrx_word' id='word_1_281' title='bbox 924 3875 1107 3955; x_wconf 73' lang='grc' dir='ltr'><strong>ἀπόδειξις,</strong></span> <span class='ocrx_word' id='word_1_282' title='bbox 1131 3879 1173 3940; x_wconf 91' lang='lat' dir='ltr'><strong>ita</strong></span> <span class='ocrx_word' id='word_1_283' title='bbox 1189 3876 1354 3938; x_wconf 89' lang='lat' dir='ltr'><strong>definitur:</strong></span> <span class='ocrx_word' id='word_1_284' title='bbox 1377 3876 1468 3950; x_wconf 91' lang='lat' dir='ltr'><strong>ratio,</strong></span> <span class='ocrx_word' id='word_1_285' title='bbox 1491 3895 1575 3959; x_wconf 88' lang='lat' dir='ltr'><strong>quae</strong></span> <span class='ocrx_word' id='word_1_286' title='bbox 1591 3896 1630 3938; x_wconf 84' lang='lat' dir='ltr'><strong>ex</strong></span> <span class='ocrx_word' id='word_1_287' title='bbox 1645 3874 1739 3937; x_wconf 89' lang='lat' dir='ltr'><strong>rebus</strong></span> 
     </span>
     <span class='ocr_line' id='line_1_29' title="bbox 409 3970 1327 4056; baseline 0 -25"><span class='ocrx_word' id='word_1_288' title='bbox 409 3972 564 4052; x_wconf 85' lang='lat' dir='ltr'><strong>perceptis</strong></span> <span class='ocrx_word' id='word_1_289' title='bbox 586 3972 626 4034; x_wconf 90' lang='lat' dir='ltr'><strong>ad</strong></span> <span class='ocrx_word' id='word_1_290' title='bbox 649 3972 698 4045; x_wconf 93' lang='lat' dir='ltr'><strong>id,</strong></span> <span class='ocrx_word' id='word_1_291' title='bbox 722 3975 807 4055; x_wconf 95' lang='lat' dir='ltr'><strong>quod</strong></span> <span class='ocrx_word' id='word_1_292' title='bbox 833 3993 894 4035; x_wconf 90' lang='lat' dir='ltr'><strong>noo</strong></span> <span class='ocrx_word' id='word_1_293' title='bbox 918 3972 1165 4056; x_wconf 88' lang='lat' dir='ltr'><strong>percipiebatur,</strong></span> <span class='ocrx_word' id='word_1_294' title='bbox 1189 3970 1327 4033; x_wconf 86' lang='lat' dir='ltr'><strong>adducit.</strong></span> 
     </span>
    </p>

    <p class='ocr_par' dir='ltr' id='par_1_3' title="bbox 410 4063 1777 4805">
     <span class='ocr_line' id='line_1_30' title="bbox 492 4063 1740 4145; baseline -0.002 -18"><span class='ocrx_word' id='word_1_295' title='bbox 492 4066 547 4128; x_wconf 85' lang='lat' dir='ltr'><strong>lll.</strong></span> <span class='ocrx_word' id='word_1_296' title='bbox 570 4063 622 4127; x_wconf 71' lang='lat'><strong>27.</strong></span> <span class='ocrx_word' id='word_1_297' title='bbox 647 4066 742 4141; x_wconf 87' lang='lat' dir='ltr'><strong>Quod</strong></span> <span class='ocrx_word' id='word_1_298' title='bbox 765 4068 791 4127; x_wconf 90' lang='lat' dir='ltr'><strong>si</strong></span> <span class='ocrx_word' id='word_1_299' title='bbox 815 4066 919 4129; x_wconf 89' lang='lat' dir='ltr'><strong>omnia</strong></span> <span class='ocrx_word' id='word_1_300' title='bbox 943 4066 1010 4127; x_wconf 90' lang='lat' dir='ltr'><strong>visa</strong></span> <span class='ocrx_word' id='word_1_301' title='bbox 1032 4066 1101 4126; x_wconf 92' lang='lat' dir='ltr'><strong>eius</strong></span> <span class='ocrx_word' id='word_1_302' title='bbox 1124 4065 1208 4126; x_wconf 90' lang='lat' dir='ltr'><strong>modi</strong></span> <span class='ocrx_word' id='word_1_303' title='bbox 1232 4071 1352 4137; x_wconf 89' lang='lat' dir='ltr'><strong>essent,</strong></span> <span class='ocrx_word' id='word_1_304' title='bbox 1375 4064 1482 4145; x_wconf 89' lang='lat' dir='ltr'><strong>qualia</strong></span> <span class='ocrx_word' id='word_1_305' title='bbox 1497 4065 1549 4126; x_wconf 90' lang='lat' dir='ltr'><strong>isti</strong></span> <span class='ocrx_word' id='word_1_306' title='bbox 1564 4063 1682 4136; x_wconf 88' lang='lat' dir='ltr'><strong>dicunt,</strong></span> <span class='ocrx_word' id='word_1_307' title='bbox 1704 4070 1740 4125; x_wconf 92' lang='lat' dir='ltr'><strong>ut</strong></span> 
     </span>
     <span class='ocr_line' id='line_1_31' title="bbox 410 4159 1777 4243; baseline -0.001 -22"><span class='ocrx_word' id='word_1_308' title='bbox 410 4179 447 4221; x_wconf 88' lang='lat' dir='ltr'><strong>ea</strong></span> <span class='ocrx_word' id='word_1_309' title='bbox 476 4159 526 4221; x_wconf 86' lang='lat' dir='ltr'><strong>vel</strong></span> <span class='ocrx_word' id='word_1_310' title='bbox 556 4160 633 4223; x_wconf 80' lang='lat' dir='ltr'><strong>salsa</strong></span> <span class='ocrx_word' id='word_1_311' title='bbox 658 4183 728 4224; x_wconf 91' lang='lat' dir='ltr'><strong>esse</strong></span> <span class='ocrx_word' id='word_1_312' title='bbox 760 4170 905 4242; x_wconf 88' lang='lat' dir='ltr'><strong>possent,</strong></span> <span class='ocrx_word' id='word_1_313' title='bbox 936 4180 1040 4243; x_wconf 90' lang='lat' dir='ltr'><strong>neque</strong></span> <span class='ocrx_word' id='word_1_314' title='bbox 1063 4180 1101 4220; x_wconf 87' lang='lat' dir='ltr'><strong>eo</strong></span> <span class='ocrx_word' id='word_1_315' title='bbox 1124 4168 1230 4240; x_wconf 85' lang='lat' dir='ltr'><strong>posset</strong></span> <span class='ocrx_word' id='word_1_316' title='bbox 1254 4159 1316 4220; x_wconf 91' lang='lat' dir='ltr'><strong>ulla</strong></span> <span class='ocrx_word' id='word_1_317' title='bbox 1339 4160 1426 4221; x_wconf 89' lang='lat' dir='ltr'><strong>notio</strong></span> <span class='ocrx_word' id='word_1_318' title='bbox 1449 4159 1644 4229; x_wconf 88' lang='lat' dir='ltr'><strong>discernere,</strong></span> <span class='ocrx_word' id='word_1_319' title='bbox 1675 4175 1777 4240; x_wconf 83' lang='lat' dir='ltr'><strong>quoae</strong></span> 
     </span>
     <span class='ocr_line' id='line_1_32' title="bbox 410 4251 1740 4338; baseline 0.002 -24"><span class='ocrx_word' id='word_1_320' title='bbox 410 4251 503 4314; x_wconf 91' lang='lat' dir='ltr'><strong>modo</strong></span> <span class='ocrx_word' id='word_1_321' title='bbox 534 4274 725 4338; x_wconf 87' lang='lat' dir='ltr'><strong>quemquam</strong></span> <span class='ocrx_word' id='word_1_322' title='bbox 756 4265 810 4316; x_wconf 89' lang='lat' dir='ltr'><strong>aut</strong></span> <span class='ocrx_word' id='word_1_323' title='bbox 838 4255 1029 4316; x_wconf 89' lang='lat' dir='ltr'><strong>conclusisse</strong></span> <span class='ocrx_word' id='word_1_324' title='bbox 1056 4253 1176 4334; x_wconf 91' lang='lat' dir='ltr'><strong>aliquid</strong></span> <span class='ocrx_word' id='word_1_325' title='bbox 1200 4262 1254 4314; x_wconf 91' lang='lat' dir='ltr'><strong>aut</strong></span> <span class='ocrx_word' id='word_1_326' title='bbox 1276 4254 1435 4315; x_wconf 88' lang='lat' dir='ltr'><strong>invenisse</strong></span> <span class='ocrx_word' id='word_1_327' title='bbox 1460 4254 1658 4316; x_wconf 71' lang='lat' dir='ltr'><strong>diceremus?</strong></span> <span class='ocrx_word' id='word_1_328' title='bbox 1685 4264 1740 4316; x_wconf 91' lang='lat' dir='ltr'><strong>aut</strong></span> 
     </span>
     <span class='ocr_line' id='line_1_33' title="bbox 411 4344 1739 4432; baseline 0.003 -26"><span class='ocrx_word' id='word_1_329' title='bbox 411 4367 492 4427; x_wconf 88' lang='lat' dir='ltr'><strong>quae</strong></span> <span class='ocrx_word' id='word_1_330' title='bbox 525 4358 608 4410; x_wconf 87' lang='lat' dir='ltr'><strong>esset</strong></span> <span class='ocrx_word' id='word_1_331' title='bbox 635 4349 777 4411; x_wconf 87' lang='lat' dir='ltr'><strong>conclusi</strong></span> <span class='ocrx_word' id='word_1_332' title='bbox 811 4348 988 4428; x_wconf 84' lang='lat' dir='ltr'><strong>argumenti</strong></span> <span class='ocrx_word' id='word_1_333' title='bbox 1024 4344 1125 4408; x_wconf 84' lang='lat' dir='ltr'><strong>sides‘l</strong></span> <span class='ocrx_word' id='word_1_334' title='bbox 1170 4348 1240 4430; x_wconf 91' lang='lat' dir='ltr'><strong>lpsa</strong></span> <span class='ocrx_word' id='word_1_335' title='bbox 1270 4356 1375 4408; x_wconf 89' lang='lat' dir='ltr'><strong>autem</strong></span> <span class='ocrx_word' id='word_1_336' title='bbox 1406 4347 1624 4430; x_wconf 88' lang='lat' dir='ltr'><strong>philosophia,</strong></span> <span class='ocrx_word' id='word_1_337' title='bbox 1658 4368 1739 4432; x_wconf 88' lang='lat' dir='ltr'><strong>quae</strong></span> 
     </span>
     <span class='ocr_line' id='line_1_34' title="bbox 412 4440 1739 4526; baseline 0.002 -25"><span class='ocrx_word' id='word_1_338' title='bbox 412 4440 585 4503; x_wconf 90' lang='lat' dir='ltr'><strong>rationibus</strong></span> <span class='ocrx_word' id='word_1_339' title='bbox 609 4444 756 4524; x_wconf 77' lang='lat' dir='ltr'><strong>progredi</strong></span> <span class='ocrx_word' id='word_1_340' title='bbox 780 4444 888 4515; x_wconf 87' lang='lat' dir='ltr'><strong>debet,</strong></span> <span class='ocrx_word' id='word_1_341' title='bbox 912 4462 1005 4525; x_wconf 88' lang='lat' dir='ltr'><strong>quem</strong></span> <span class='ocrx_word' id='word_1_342' title='bbox 1029 4441 1158 4503; x_wconf 89' lang='lat' dir='ltr'><strong>habebit</strong></span> <span class='ocrx_word' id='word_1_343' title='bbox 1180 4442 1322 4502; x_wconf 74' lang='lat' dir='ltr'><strong>exitum?</strong></span> <span class='ocrx_word' id='word_1_344' title='bbox 1358 4441 1538 4522; x_wconf 89' lang='lat' dir='ltr'><strong>Sapientiae</strong></span> <span class='ocrx_word' id='word_1_345' title='bbox 1561 4462 1636 4503; x_wconf 91' lang='lat' dir='ltr'><strong>vero</strong></span> <span class='ocrx_word' id='word_1_346' title='bbox 1664 4443 1739 4526; x_wconf 94' lang='lat' dir='ltr'><strong>quid</strong></span> 
     </span>
     <span class='ocr_line' id='line_1_35' title="bbox 412 4534 1741 4619; baseline 0.002 -24"><span class='ocrx_word' id='word_1_347' title='bbox 412 4534 549 4597; x_wconf 84' lang='lat' dir='ltr'><strong>futurum</strong></span> <span class='ocrx_word' id='word_1_348' title='bbox 572 4540 645 4597; x_wconf 76' lang='lat' dir='ltr'><strong>esti</strong></span> <span class='ocrx_word' id='word_1_349' title='bbox 677 4557 758 4619; x_wconf 91' lang='lat' dir='ltr'><strong>quae</strong></span> <span class='ocrx_word' id='word_1_350' title='bbox 782 4555 886 4618; x_wconf 91' lang='lat' dir='ltr'><strong>neque</strong></span> <span class='ocrx_word' id='word_1_351' title='bbox 909 4536 949 4596; x_wconf 91' lang='lat' dir='ltr'><strong>de</strong></span> <span class='ocrx_word' id='word_1_352' title='bbox 972 4555 1005 4595; x_wconf 89' lang='lat' dir='ltr'><strong>se</strong></span> <span class='ocrx_word' id='word_1_353' title='bbox 1028 4536 1097 4616; x_wconf 91' lang='lat' dir='ltr'><strong>ipsa</strong></span> <span class='ocrx_word' id='word_1_354' title='bbox 1121 4534 1264 4596; x_wconf 91' lang='lat' dir='ltr'><strong>dubitare</strong></span> <span class='ocrx_word' id='word_1_355' title='bbox 1289 4535 1383 4597; x_wconf 88' lang='lat' dir='ltr'><strong>debet</strong></span> <span class='ocrx_word' id='word_1_356' title='bbox 1405 4554 1511 4616; x_wconf 90' lang='lat' dir='ltr'><strong>neque</strong></span> <span class='ocrx_word' id='word_1_357' title='bbox 1534 4535 1573 4596; x_wconf 90' lang='lat' dir='ltr'><strong>de</strong></span> <span class='ocrx_word' id='word_1_358' title='bbox 1596 4536 1662 4597; x_wconf 89' lang='lat' dir='ltr'><strong>suis</strong></span> <span class='ocrx_word' id='word_1_359' title='bbox 1686 4535 1741 4597; x_wconf 91' lang='lat' dir='ltr'><strong>de·</strong></span> 
     </span>
     <span class='ocr_line' id='line_1_36' title="bbox 412 4623 1777 4713; baseline -0.001 -24"><span class='ocrx_word' id='word_1_360' title='bbox 412 4629 522 4702; x_wconf 85' lang='lat' dir='ltr'><strong>eretis,</strong></span> <span class='ocrx_word' id='word_1_361' title='bbox 555 4649 636 4711; x_wconf 90' lang='lat' dir='ltr'><strong>quae</strong></span> <span class='ocrx_word' id='word_1_362' title='bbox 669 4629 850 4713; x_wconf 85' lang='lat' dir='ltr'><strong>philosophi</strong></span> <span class='ocrx_word' id='word_1_363' title='bbox 879 4638 994 4690; x_wconf 90' lang='lat' dir='ltr'><strong>vocant</strong></span> <span class='ocrx_word' id='word_1_364' title='bbox 1022 4623 1191 4711; x_wconf 63' lang='grc' dir='ltr'><strong>δόγματα,</strong></span> <span class='ocrx_word' id='word_1_365' title='bbox 1222 4648 1357 4711; x_wconf 89' lang='lat' dir='ltr'><strong>quorum</strong></span> <span class='ocrx_word' id='word_1_366' title='bbox 1387 4628 1507 4690; x_wconf 91' lang='lat' dir='ltr'><strong>nullum</strong></span> <span class='ocrx_word' id='word_1_367' title='bbox 1531 4628 1599 4690; x_wconf 87' lang='lat' dir='ltr'><strong>siue</strong></span> <span class='ocrx_word' id='word_1_368' title='bbox 1621 4628 1777 4691; x_wconf 83' lang='lat' dir='ltr'><strong>scelereae</strong></span> 
     </span>
     <span class='ocr_line' id='line_1_37' title="bbox 413 4722 1738 4805; baseline 0.001 -22"><span class='ocrx_word' id='word_1_369' title='bbox 413 4722 502 4803; x_wconf 90' lang='lat' dir='ltr'><strong>prodi</strong></span> <span class='ocrx_word' id='word_1_370' title='bbox 525 4724 653 4805; x_wconf 91' lang='lat' dir='ltr'><strong>poterit.</strong></span> <span class='ocrx_word' id='word_1_371' title='bbox 690 4723 766 4785; x_wconf 88' lang='lat' dir='ltr'><strong>Cum</strong></span> <span class='ocrx_word' id='word_1_372' title='bbox 790 4723 874 4785; x_wconf 88' lang='lat' dir='ltr'><strong>enim</strong></span> <span class='ocrx_word' id='word_1_373' title='bbox 898 4723 1060 4785; x_wconf 88' lang='lat' dir='ltr'><strong>decretum</strong></span> <span class='ocrx_word' id='word_1_374' title='bbox 1084 4725 1242 4805; x_wconf 92' lang='lat' dir='ltr'><strong>proditur,</strong></span> <span class='ocrx_word' id='word_1_375' title='bbox 1265 4723 1316 4785; x_wconf 85' lang='lat' dir='ltr'><strong>lex</strong></span> <span class='ocrx_word' id='word_1_376' title='bbox 1332 4723 1399 4785; x_wconf 89' lang='lat' dir='ltr'><strong>veri</strong></span> <span class='ocrx_word' id='word_1_377' title='bbox 1421 4722 1563 4805; x_wconf 88' lang='lat' dir='ltr'><strong>rectique</strong></span> <span class='ocrx_word' id='word_1_378' title='bbox 1579 4722 1738 4805; x_wconf 89' lang='lat' dir='ltr'><strong>proditur:</strong></span> 
     </span>
    </p>
   </div>
   <div class='ocr_carea' id='block_1_3' title="bbox 416 4894 551 4902">
    <p class='ocr_par' dir='ltr' id='par_1_4' title="bbox 416 4894 551 4902">
     <span class='ocr_line' id='line_1_38' title="bbox 416 4894 551 4902; baseline -0.007 0"><span class='ocrx_word' id='word_1_379' title='bbox 416 4894 551 4902; x_wconf 71' lang='lat'><strong><em>——-.-—-</em></strong></span> 
     </span>
    </p>
   </div>
   <div class='ocr_carea' id='block_1_4' title="bbox 412 4999 1743 5289">
    <p class='ocr_par' dir='ltr' id='par_1_5' title="bbox 412 4999 1743 5289">
     <span class='ocr_line' id='line_1_39' title="bbox 476 4999 1742 5065; baseline 0.004 -16"><span class='ocrx_word' id='word_1_380' title='bbox 476 5002 498 5052; x_wconf 84' lang='lat' dir='ltr'><strong>t.</strong></span> <span class='ocrx_word' id='word_1_381' title='bbox 518 5004 632 5050; x_wconf 79' lang='lat' dir='ltr'><strong>aestimet</strong></span> <span class='ocrx_word' id='word_1_382' title='bbox 649 4999 710 5050; x_wconf 61' lang='grc' dir='ltr'><strong>ΑΨ</strong></span> <span class='ocrx_word' id='word_1_383' title='bbox 735 5028 760 5037; x_wconf 94' lang='grc'>-</span> <span class='ocrx_word' id='word_1_384' title='bbox 786 5002 810 5050; x_wconf 76' lang='lat'><strong>2.</strong></span> <span class='ocrx_word' id='word_1_385' title='bbox 829 5002 877 5050; x_wconf 83' lang='lat' dir='ltr'><strong>uisi</strong></span> <span class='ocrx_word' id='word_1_386' title='bbox 899 5004 918 5051; x_wconf 88' lang='lat' dir='ltr'>B</span> <span class='ocrx_word' id='word_1_387' title='bbox 942 5015 1000 5065; x_wconf 86' lang='lat' dir='ltr'><strong>sup.</strong></span> <span class='ocrx_word' id='word_1_388' title='bbox 1020 5000 1065 5052; x_wconf 89' lang='lat' dir='ltr'><strong>lin.</strong></span> <span class='ocrx_word' id='word_1_389' title='bbox 1089 5029 1110 5038; x_wconf 98' lang='lat'><em>-</em></span> <span class='ocrx_word' id='word_1_390' title='bbox 1139 5002 1186 5050; x_wconf 81' lang='lat' dir='ltr'><strong>biis</strong></span> <span class='ocrx_word' id='word_1_391' title='bbox 1202 5003 1236 5060; x_wconf 84' lang='lat' dir='ltr'><strong>B,</strong></span> <span class='ocrx_word' id='word_1_392' title='bbox 1255 5002 1293 5050; x_wconf 75' lang='lat' dir='ltr'><strong>bia</strong></span> <span class='ocrx_word' id='word_1_393' title='bbox 1309 5002 1361 5051; x_wconf 76' lang='lat' dir='ltr'><strong>AV</strong></span> <span class='ocrx_word' id='word_1_394' title='bbox 1381 5029 1408 5038; x_wconf 93' lang='lat'><em>-</em></span> <span class='ocrx_word' id='word_1_395' title='bbox 1431 5003 1454 5051; x_wconf 83' lang='grc'><strong>3,</strong></span> <span class='ocrx_word' id='word_1_396' title='bbox 1472 5004 1565 5063; x_wconf 83' lang='lat' dir='ltr'><strong>possint</strong></span> <span class='ocrx_word' id='word_1_397' title='bbox 1583 5004 1619 5052; x_wconf 89' lang='lat' dir='ltr'><strong>C:</strong></span> <span class='ocrx_word' id='word_1_398' title='bbox 1639 5011 1742 5065; x_wconf 76' lang='lat' dir='ltr'><strong>portarit</strong></span> 
     </span>
     <span class='ocr_line' id='line_1_40' title="bbox 412 5075 1741 5140; baseline 0.002 -14"><span class='ocrx_word' id='word_1_399' title='bbox 412 5075 483 5136; x_wconf 82' lang='lat' dir='ltr'><strong>edd,</strong></span> <span class='ocrx_word' id='word_1_400' title='bbox 501 5080 530 5126; x_wconf 95' lang='lat' dir='ltr'><strong>ut</strong></span> <span class='ocrx_word' id='word_1_401' title='bbox 547 5079 599 5126; x_wconf 86' lang='lat' dir='ltr'><strong>iarn</strong></span> <span class='ocrx_word' id='word_1_402' title='bbox 617 5091 633 5125; x_wconf 86' lang='lat' dir='ltr'>v</span> <span class='ocrx_word' id='word_1_403' title='bbox 650 5104 683 5113; x_wconf 93' lang='lat'>-</span> <span class='ocrx_word' id='word_1_404' title='bbox 700 5077 721 5125; x_wconf 81' lang='lat' dir='ltr'><strong>ai</strong></span> <span class='ocrx_word' id='word_1_405' title='bbox 738 5091 763 5125; x_wconf 80' lang='lat' dir='ltr'><strong>se</strong></span> <span class='ocrx_word' id='word_1_406' title='bbox 780 5078 831 5140; x_wconf 76' lang='lat' dir='ltr'><strong>ipa.</strong></span> <span class='ocrx_word' id='word_1_407' title='bbox 850 5079 973 5138; x_wconf 73' lang='lat' dir='ltr'><strong>copientis</strong></span> <span class='ocrx_word' id='word_1_408' title='bbox 991 5089 1043 5126; x_wconf 87' lang='lat' dir='ltr'><strong>om.</strong></span> <span class='ocrx_word' id='word_1_409' title='bbox 1064 5081 1094 5127; x_wconf 61' lang='grc' dir='ltr'><strong>Αἱ</strong></span> <span class='ocrx_word' id='word_1_410' title='bbox 1115 5103 1140 5113; x_wconf 92' lang='grc'><strong>-</strong></span> <span class='ocrx_word' id='word_1_411' title='bbox 1164 5076 1179 5127; x_wconf 83' lang='lat' dir='ltr'><strong>l</strong></span> <span class='ocrx_word' id='word_1_412' title='bbox 1205 5078 1316 5138; x_wconf 87' lang='lat' dir='ltr'><strong>primum</strong></span> <span class='ocrx_word' id='word_1_413' title='bbox 1334 5090 1382 5138; x_wconf 91' lang='lat' dir='ltr'><strong>quo</strong></span> <span class='ocrx_word' id='word_1_414' title='bbox 1398 5078 1471 5125; x_wconf 88' lang='lat' dir='ltr'><strong>modo</strong></span> <span class='ocrx_word' id='word_1_415' title='bbox 1489 5076 1581 5127; x_wconf 81' lang='lat' dir='ltr'><strong>bamb.</strong></span> <span class='ocrx_word' id='word_1_416' title='bbox 1603 5103 1629 5112; x_wconf 90' lang='lat'>—</span> <span class='ocrx_word' id='word_1_417' title='bbox 1649 5080 1741 5129; x_wconf 66' lang='lat' dir='ltr'><strong>darell</strong></span> 
     </span>
     <span class='ocr_line' id='line_1_41' title="bbox 414 5151 1741 5215; baseline 0.002 -14"><span class='ocrx_word' id='word_1_418' title='bbox 414 5180 439 5188; x_wconf 97' lang='lat'>-</span> <span class='ocrx_word' id='word_1_419' title='bbox 458 5153 482 5201; x_wconf 83' lang='lat'><strong>6.</strong></span> <span class='ocrx_word' id='word_1_420' title='bbox 501 5152 623 5201; x_wconf 82' lang='lat' dir='ltr'><strong>dubitauit</strong></span> <span class='ocrx_word' id='word_1_421' title='bbox 641 5151 700 5201; x_wconf 82' lang='lat' dir='ltr'><strong>li¹V</strong></span> <span class='ocrx_word' id='word_1_422' title='bbox 720 5178 745 5187; x_wconf 92' lang='lat'><em>-</em></span> <span class='ocrx_word' id='word_1_423' title='bbox 766 5153 790 5202; x_wconf 79' lang='grc'><strong>7.</strong></span> <span class='ocrx_word' id='word_1_424' title='bbox 809 5154 936 5212; x_wconf 68' lang='lat' dir='ltr'><strong>reseratur</strong></span> <span class='ocrx_word' id='word_1_425' title='bbox 954 5155 982 5202; x_wconf 72' lang='grc' dir='ltr'><strong>Α1</strong></span> <span class='ocrx_word' id='word_1_426' title='bbox 1004 5176 1029 5187; x_wconf 95' lang='grc'>-</span> <span class='ocrx_word' id='word_1_427' title='bbox 1055 5153 1079 5201; x_wconf 85' lang='grc'><strong>9,</strong></span> <span class='ocrx_word' id='word_1_428' title='bbox 1100 5154 1167 5215; x_wconf 81' lang='lat' dir='ltr'><strong>itque</strong></span> <span class='ocrx_word' id='word_1_429' title='bbox 1184 5152 1204 5197; x_wconf 92' lang='lat' dir='ltr'>V</span> <span class='ocrx_word' id='word_1_430' title='bbox 1222 5178 1254 5187; x_wconf 93' lang='lat'>-</span> <span class='ocrx_word' id='word_1_431' title='bbox 1277 5152 1317 5201; x_wconf 81' lang='lat'><strong>⁴0.</strong></span> <span class='ocrx_word' id='word_1_432' title='bbox 1335 5152 1384 5200; x_wconf 88' lang='lat' dir='ltr'><strong>uot.</strong></span> <span class='ocrx_word' id='word_1_433' title='bbox 1403 5165 1453 5201; x_wconf 80' lang='lat' dir='ltr'><strong>csse</strong></span> <span class='ocrx_word' id='word_1_434' title='bbox 1469 5151 1535 5202; x_wconf 82' lang='lat' dir='ltr'><strong>Ab:</strong></span> <span class='ocrx_word' id='word_1_435' title='bbox 1559 5165 1608 5201; x_wconf 80' lang='lat' dir='ltr'><strong>esse</strong></span> <span class='ocrx_word' id='word_1_436' title='bbox 1623 5153 1672 5202; x_wconf 89' lang='lat' dir='ltr'><strong>ool.</strong></span> <span class='ocrx_word' id='word_1_437' title='bbox 1692 5154 1741 5203; x_wconf 88' lang='lat' dir='ltr'><strong>VO</strong></span> 
     </span>
     <span class='ocr_line' id='line_1_42' title="bbox 413 5226 1743 5289; baseline 0.002 -14"><span class='ocrx_word' id='word_1_438' title='bbox 413 5253 439 5262; x_wconf 93' lang='lat'><em>-</em></span> <span class='ocrx_word' id='word_1_439' title='bbox 457 5227 558 5276; x_wconf 75' lang='lat' dir='ltr'><strong>bonnac</strong></span> <span class='ocrx_word' id='word_1_440' title='bbox 580 5227 599 5275; x_wconf 89' lang='lat' dir='ltr'>C</span> <span class='ocrx_word' id='word_1_441' title='bbox 620 5251 646 5261; x_wconf 96' lang='lat'><em>-</em></span> <span class='ocrx_word' id='word_1_442' title='bbox 672 5226 712 5275; x_wconf 84' lang='lat' dir='ltr'><strong>ld.</strong></span> <span class='ocrx_word' id='word_1_443' title='bbox 732 5226 807 5289; x_wconf 73' lang='lat' dir='ltr'><strong>offleii</strong></span> <span class='ocrx_word' id='word_1_444' title='bbox 830 5227 881 5276; x_wconf 87' lang='lat' dir='ltr'><strong>VO</strong></span> <span class='ocrx_word' id='word_1_445' title='bbox 907 5253 934 5263; x_wconf 94' lang='lat'>-</span> <span class='ocrx_word' id='word_1_446' title='bbox 959 5227 999 5275; x_wconf 76' lang='lat' dir='ltr'><strong>li.</strong></span> <span class='ocrx_word' id='word_1_447' title='bbox 1017 5240 1078 5274; x_wconf 83' lang='lat' dir='ltr'><strong>num</strong></span> <span class='ocrx_word' id='word_1_448' title='bbox 1095 5226 1234 5275; x_wconf 79' lang='lat' dir='ltr'><strong>monebitur</strong></span> <span class='ocrx_word' id='word_1_449' title='bbox 1251 5226 1272 5274; x_wconf 92' lang='lat' dir='ltr'>V</span> <span class='ocrx_word' id='word_1_450' title='bbox 1291 5253 1317 5262; x_wconf 92' lang='lat'><em>-</em></span> <span class='ocrx_word' id='word_1_451' title='bbox 1344 5226 1383 5275; x_wconf 78' lang='grc'><strong>49.</strong></span> <span class='ocrx_word' id='word_1_452' title='bbox 1403 5227 1463 5289; x_wconf 87' lang='lat' dir='ltr'><strong>quid</strong></span> <span class='ocrx_word' id='word_1_453' title='bbox 1480 5228 1546 5289; x_wconf 87' lang='lat' dir='ltr'><strong>quod</strong></span> <span class='ocrx_word' id='word_1_454' title='bbox 1561 5228 1594 5287; x_wconf 90' lang='lat' dir='ltr'><strong>V,</strong></span> <span class='ocrx_word' id='word_1_455' title='bbox 1617 5226 1665 5277; x_wconf 85' lang='lat' dir='ltr'><strong>sed</strong></span> <span class='ocrx_word' id='word_1_456' title='bbox 1683 5230 1743 5289; x_wconf 82' lang='lat' dir='ltr'><strong>quid</strong></span> 
     </span>
    </p>
   </div>
   <div class='ocr_carea' id='block_1_5' title="bbox 410 5320 1744 6019">
    <p class='ocr_par' dir='ltr' id='par_1_6' title="bbox 410 5320 1744 6019">
     <span class='ocr_line' id='line_1_43' title="bbox 411 5320 1743 5422; baseline 0.003 -18"><span class='ocrx_word' id='word_1_457' title='bbox 411 5356 469 5405; x_wconf 83' lang='lat' dir='ltr'><strong>ead.</strong></span> <span class='ocrx_word' id='word_1_458' title='bbox 489 5369 525 5405; x_wconf 87' lang='lat' dir='ltr'><strong>nr.</strong></span> <span class='ocrx_word' id='word_1_459' title='bbox 545 5359 707 5420; x_wconf 77' lang='lat' dir='ltr'><strong>expunctum</strong></span> <span class='ocrx_word' id='word_1_460' title='bbox 725 5383 757 5393; x_wconf 92' lang='lat'>-</span> <span class='ocrx_word' id='word_1_461' title='bbox 780 5357 820 5405; x_wconf 72' lang='grc' dir='ltr'><strong>ΞΟ.</strong></span> <span class='ocrx_word' id='word_1_462' title='bbox 841 5358 894 5405; x_wconf 77' lang='lat' dir='ltr'><strong>due</strong></span> <span class='ocrx_word' id='word_1_463' title='bbox 911 5358 1041 5417; x_wconf 78' lang='lat' dir='ltr'><strong>truncoque</strong></span> <span class='ocrx_word' id='word_1_464' title='bbox 1057 5355 1169 5418; x_wconf 79' lang='lat' dir='ltr'><strong>bentley</strong></span> <span class='ocrx_word' id='word_1_465' title='bbox 1188 5383 1214 5392; x_wconf 93' lang='lat'><em>-</em></span> <span class='ocrx_word' id='word_1_466' title='bbox 1238 5357 1278 5406; x_wconf 67' lang='grc' dir='ltr'><strong>Ἡ.</strong></span> <span class='ocrx_word' id='word_1_467' title='bbox 1300 5320 1404 5418; x_wconf 43' lang='lat' dir='ltr'><strong>perfec&gt;</strong></span> <span class='ocrx_word' id='word_1_468' title='bbox 1421 5357 1451 5414; x_wconf 82' lang='lat' dir='ltr'><strong>V,</strong></span> <span class='ocrx_word' id='word_1_469' title='bbox 1471 5358 1569 5422; x_wconf 67' lang='lat' dir='ltr'><strong>perlicit</strong></span> <span class='ocrx_word' id='word_1_470' title='bbox 1585 5358 1623 5414; x_wconf 87' lang='lat' dir='ltr'><strong>E;</strong></span> <span class='ocrx_word' id='word_1_471' title='bbox 1645 5359 1743 5421; x_wconf 74' lang='lat' dir='ltr'><strong>perficit</strong></span> 
     </span>
     <span class='ocr_line' id='line_1_44' title="bbox 410 5431 1744 5494; baseline 0.002 -14"><span class='ocrx_word' id='word_1_472' title='bbox 410 5433 538 5490; x_wconf 81' lang='lat' dir='ltr'><strong>uirtutem,</strong></span> <span class='ocrx_word' id='word_1_473' title='bbox 557 5444 614 5479; x_wconf 86' lang='lat' dir='ltr'><strong>cum</strong></span> <span class='ocrx_word' id='word_1_474' title='bbox 631 5437 665 5480; x_wconf 81' lang='lat' dir='ltr'><strong>est</strong></span> <span class='ocrx_word' id='word_1_475' title='bbox 681 5434 736 5494; x_wconf 83' lang='lat' dir='ltr'><strong>ipso</strong></span> <span class='ocrx_word' id='word_1_476' title='bbox 754 5436 805 5482; x_wconf 88' lang='lat' dir='ltr'><strong>cet.</strong></span> <span class='ocrx_word' id='word_1_477' title='bbox 825 5434 893 5483; x_wconf 89' lang='lat' dir='ltr'><strong>coni.</strong></span> <span class='ocrx_word' id='word_1_478' title='bbox 914 5433 1001 5482; x_wconf 85' lang='lat' dir='ltr'><strong>Christ</strong></span> <span class='ocrx_word' id='word_1_479' title='bbox 1016 5460 1040 5468; x_wconf 96' lang='lat'>-</span> <span class='ocrx_word' id='word_1_480' title='bbox 1061 5431 1093 5480; x_wconf 76' lang='lat'><strong>23</strong></span> <span class='ocrx_word' id='word_1_481' title='bbox 1123 5432 1319 5493; x_wconf 79' lang='lat' dir='ltr'><strong>quaestionisque</strong></span> <span class='ocrx_word' id='word_1_482' title='bbox 1334 5434 1391 5494; x_wconf 70' lang='lat' dir='ltr'><strong>fiilis</strong></span> <span class='ocrx_word' id='word_1_483' title='bbox 1408 5433 1427 5481; x_wconf 89' lang='lat' dir='ltr'>B</span> <span class='ocrx_word' id='word_1_484' title='bbox 1445 5434 1470 5482; x_wconf 89' lang='lat' dir='ltr'><strong>iu</strong></span> <span class='ocrx_word' id='word_1_485' title='bbox 1489 5446 1540 5482; x_wconf 89' lang='lat' dir='ltr'><strong>ras.</strong></span> <span class='ocrx_word' id='word_1_486' title='bbox 1561 5432 1686 5483; x_wconf 86' lang='lat' dir='ltr'><strong>habet-</strong></span> <span class='ocrx_word' id='word_1_487' title='bbox 1709 5435 1744 5483; x_wconf 90' lang='lat' dir='ltr'><strong>od</strong></span> 
     </span>
     <span class='ocr_line' id='line_1_45' title="bbox 411 5505 1741 5569; baseline 0.002 -13"><span class='ocrx_word' id='word_1_488' title='bbox 411 5505 441 5556; x_wconf 77' lang='lat' dir='ltr'><strong>A¹</strong></span> <span class='ocrx_word' id='word_1_489' title='bbox 460 5533 486 5542; x_wconf 94' lang='lat'><em>-</em></span> <span class='ocrx_word' id='word_1_490' title='bbox 510 5519 555 5554; x_wconf 79' lang='lat' dir='ltr'><strong>nec</strong></span> <span class='ocrx_word' id='word_1_491' title='bbox 577 5519 607 5554; x_wconf 83' lang='lat' dir='ltr'><strong>eo</strong></span> <span class='ocrx_word' id='word_1_492' title='bbox 625 5506 645 5553; x_wconf 93' lang='lat' dir='ltr'>V</span> <span class='ocrx_word' id='word_1_493' title='bbox 663 5520 732 5556; x_wconf 88' lang='lat' dir='ltr'><strong>corr.</strong></span> <span class='ocrx_word' id='word_1_494' title='bbox 752 5520 783 5556; x_wconf 80' lang='lat' dir='ltr'><strong>ex</strong></span> <span class='ocrx_word' id='word_1_495' title='bbox 801 5512 872 5556; x_wconf 82' lang='lat' dir='ltr'><strong>necto</strong></span> <span class='ocrx_word' id='word_1_496' title='bbox 891 5532 917 5541; x_wconf 94' lang='lat'><em>-</em></span> <span class='ocrx_word' id='word_1_497' title='bbox 944 5508 986 5556; x_wconf 71' lang='lat'><strong>¹25.</strong></span> <span class='ocrx_word' id='word_1_498' title='bbox 1005 5508 1031 5555; x_wconf 86' lang='lat' dir='ltr'><strong>io</strong></span> <span class='ocrx_word' id='word_1_499' title='bbox 1048 5508 1176 5567; x_wconf 84' lang='lat' dir='ltr'><strong>uoluptate</strong></span> <span class='ocrx_word' id='word_1_500' title='bbox 1192 5507 1223 5564; x_wconf 85' lang='lat' dir='ltr'><strong>V,</strong></span> <span class='ocrx_word' id='word_1_501' title='bbox 1247 5510 1273 5554; x_wconf 91' lang='lat' dir='ltr'><strong>to</strong></span> <span class='ocrx_word' id='word_1_502' title='bbox 1292 5506 1394 5569; x_wconf 80' lang='lat' dir='ltr'><strong>suerunt</strong></span> <span class='ocrx_word' id='word_1_503' title='bbox 1411 5508 1429 5557; x_wconf 81' lang='lat' dir='ltr'><strong>li</strong></span> <span class='ocrx_word' id='word_1_504' title='bbox 1448 5509 1473 5558; x_wconf 92' lang='lat' dir='ltr'><strong>in</strong></span> <span class='ocrx_word' id='word_1_505' title='bbox 1491 5522 1542 5558; x_wconf 91' lang='lat' dir='ltr'><strong>ras.</strong></span> <span class='ocrx_word' id='word_1_506' title='bbox 1563 5507 1658 5565; x_wconf 69' lang='lat' dir='ltr'><strong>babet,</strong></span> <span class='ocrx_word' id='word_1_507' title='bbox 1682 5508 1741 5559; x_wconf 87' lang='lat' dir='ltr'><strong>lort.</strong></span> 
     </span>
     <span class='ocr_line' id='line_1_46' title="bbox 411 5580 1743 5646; baseline 0.004 -18"><span class='ocrx_word' id='word_1_508' title='bbox 411 5581 520 5630; x_wconf 78' lang='lat' dir='ltr'><strong>inuoluto</strong></span> <span class='ocrx_word' id='word_1_509' title='bbox 536 5586 596 5629; x_wconf 82' lang='lat' dir='ltr'><strong>onte</strong></span> <span class='ocrx_word' id='word_1_510' title='bbox 610 5581 711 5641; x_wconf 70' lang='lat' dir='ltr'><strong>suerum</strong></span> <span class='ocrx_word' id='word_1_511' title='bbox 731 5608 757 5617; x_wconf 84' lang='lat'>-</span> <span class='ocrx_word' id='word_1_512' title='bbox 783 5581 825 5630; x_wconf 72' lang='lat'><strong>26.</strong></span> <span class='ocrx_word' id='word_1_513' title='bbox 845 5582 940 5630; x_wconf 73' lang='lat' dir='ltr'><strong>auitum</strong></span> <span class='ocrx_word' id='word_1_514' title='bbox 957 5583 973 5631; x_wconf 73' lang='lat' dir='ltr'><strong>t</strong></span> <span class='ocrx_word' id='word_1_515' title='bbox 991 5580 1068 5630; x_wconf 89' lang='lat' dir='ltr'><strong>codd.</strong></span> <span class='ocrx_word' id='word_1_516' title='bbox 1090 5581 1185 5630; x_wconf 85' lang='lat' dir='ltr'><strong>Davisii</strong></span> <span class='ocrx_word' id='word_1_517' title='bbox 1205 5607 1231 5617; x_wconf 91' lang='lat'><em>-</em></span> <span class='ocrx_word' id='word_1_518' title='bbox 1251 5583 1440 5644; x_wconf 69' lang='lat' dir='ltr'><strong>percipiendo</strong></span> <span class='ocrx_word' id='word_1_519' title='bbox 1461 5612 1485 5620; x_wconf 96' lang='lat'>-</span> <span class='ocrx_word' id='word_1_520' title='bbox 1505 5584 1695 5646; x_wconf 81' lang='lat' dir='ltr'><strong>comprendeudi</strong></span> <span class='ocrx_word' id='word_1_521' title='bbox 1712 5580 1743 5633; x_wconf 90' lang='lat' dir='ltr'><strong>V¹</strong></span> 
     </span>
     <span class='ocr_line' id='line_1_47' title="bbox 412 5653 1743 5722; baseline 0.004 -19"><span class='ocrx_word' id='word_1_522' title='bbox 412 5681 438 5691; x_wconf 96' lang='lat'><em>-</em></span> <span class='ocrx_word' id='word_1_523' title='bbox 459 5661 555 5704; x_wconf 77' lang='lat' dir='ltr'><strong>tenetur</strong></span> <span class='ocrx_word' id='word_1_524' title='bbox 571 5653 697 5717; x_wconf 82' lang='lat' dir='ltr'><strong>Bentley:</strong></span> <span class='ocrx_word' id='word_1_525' title='bbox 717 5660 780 5705; x_wconf 79' lang='lat' dir='ltr'><strong>tenet</strong></span> <span class='ocrx_word' id='word_1_526' title='bbox 793 5657 822 5714; x_wconf 89' lang='lat' dir='ltr'><strong>C,</strong></span> <span class='ocrx_word' id='word_1_527' title='bbox 843 5654 915 5717; x_wconf 88' lang='lat' dir='ltr'><strong>quod</strong></span> <span class='ocrx_word' id='word_1_528' title='bbox 933 5656 1057 5705; x_wconf 88' lang='lat' dir='ltr'><strong>tuebatur</strong></span> <span class='ocrx_word' id='word_1_529' title='bbox 1068 5657 1177 5705; x_wconf 84' lang='lat' dir='ltr'><strong>Guietus</strong></span> <span class='ocrx_word' id='word_1_530' title='bbox 1193 5658 1388 5708; x_wconf 65' lang='lat' dir='ltr'><strong>reuocauit</strong></span> <span class='ocrx_word' id='word_1_531' title='bbox 1405 5658 1546 5722; x_wconf 85' lang='lat' dir='ltr'><strong>suppleos;</strong></span> <span class='ocrx_word' id='word_1_532' title='bbox 1566 5662 1656 5708; x_wconf 89' lang='lat' dir='ltr'><strong>contra</strong></span> <span class='ocrx_word' id='word_1_533' title='bbox 1669 5656 1743 5710; x_wconf 87' lang='lat' dir='ltr'><strong>Wal-</strong></span> 
     </span>
     <span class='ocr_line' id='line_1_48' title="bbox 411 5730 1744 5796; baseline 0.003 -17"><span class='ocrx_word' id='word_1_534' title='bbox 411 5731 474 5780; x_wconf 82' lang='lat' dir='ltr'><strong>lrero</strong></span> <span class='ocrx_word' id='word_1_535' title='bbox 491 5733 558 5779; x_wconf 85' lang='lat' dir='ltr'><strong>rotie</strong></span> <span class='ocrx_word' id='word_1_536' title='bbox 575 5734 637 5780; x_wconf 88' lang='lat' dir='ltr'><strong>ante</strong></span> <span class='ocrx_word' id='word_1_537' title='bbox 655 5736 677 5779; x_wconf 87' lang='lat' dir='ltr'><strong>et</strong></span> <span class='ocrx_word' id='word_1_538' title='bbox 694 5732 793 5780; x_wconf 84' lang='lat' dir='ltr'><strong>initium</strong></span> <span class='ocrx_word' id='word_1_539' title='bbox 810 5730 964 5781; x_wconf 87' lang='lat' dir='ltr'><strong>addendum</strong></span> <span class='ocrx_word' id='word_1_540' title='bbox 983 5730 1131 5781; x_wconf 86' lang='lat' dir='ltr'><strong>videbatur.</strong></span> <span class='ocrx_word' id='word_1_541' title='bbox 1152 5757 1178 5766; x_wconf 91' lang='lat'><em>-</em></span> <span class='ocrx_word' id='word_1_542' title='bbox 1199 5736 1341 5795; x_wconf 80' lang='lat' dir='ltr'><strong>arqummti</strong></span> <span class='ocrx_word' id='word_1_543' title='bbox 1358 5737 1388 5783; x_wconf 76' lang='grc' dir='ltr'><strong>Α·</strong></span> <span class='ocrx_word' id='word_1_544' title='bbox 1399 5734 1434 5780; x_wconf 87' lang='lat' dir='ltr'><strong>V:</strong></span> <span class='ocrx_word' id='word_1_545' title='bbox 1454 5737 1538 5795; x_wconf 85' lang='lat' dir='ltr'><strong>itaque</strong></span> <span class='ocrx_word' id='word_1_546' title='bbox 1555 5734 1697 5796; x_wconf 80' lang='lat' dir='ltr'><strong>orpumenti</strong></span> <span class='ocrx_word' id='word_1_547' title='bbox 1713 5732 1744 5784; x_wconf 75' lang='lat' dir='ltr'><strong>A²</strong></span> 
     </span>
     <span class='ocr_line' id='line_1_49' title="bbox 410 5806 1742 5873; baseline 0.002 -18"><span class='ocrx_word' id='word_1_548' title='bbox 410 5806 460 5855; x_wconf 81' lang='lat' dir='ltr'><strong>no</strong></span> <span class='ocrx_word' id='word_1_549' title='bbox 481 5833 506 5842; x_wconf 96' lang='lat'>-</span> <span class='ocrx_word' id='word_1_550' title='bbox 525 5807 565 5856; x_wconf 70' lang='lat' dir='ltr'><strong>ti.</strong></span> <span class='ocrx_word' id='word_1_551' title='bbox 586 5808 704 5868; x_wconf 73' lang='lat' dir='ltr'><strong>opodteia</strong></span> <span class='ocrx_word' id='word_1_552' title='bbox 725 5808 743 5857; x_wconf 89' lang='lat' dir='ltr'>C</span> <span class='ocrx_word' id='word_1_553' title='bbox 764 5834 790 5843; x_wconf 91' lang='lat'>-</span> <span class='ocrx_word' id='word_1_554' title='bbox 811 5821 843 5856; x_wconf 81' lang='lat' dir='ltr'><strong>ec</strong></span> <span class='ocrx_word' id='word_1_555' title='bbox 860 5809 880 5856; x_wconf 86' lang='grc' dir='ltr'><strong>Α</strong></span> <span class='ocrx_word' id='word_1_556' title='bbox 899 5820 969 5857; x_wconf 92' lang='lat' dir='ltr'><strong>corr.</strong></span> <span class='ocrx_word' id='word_1_557' title='bbox 988 5821 1020 5855; x_wconf 81' lang='lat' dir='ltr'><strong>ex</strong></span> <span class='ocrx_word' id='word_1_558' title='bbox 1037 5812 1060 5856; x_wconf 87' lang='lat' dir='ltr'><strong>et</strong></span> <span class='ocrx_word' id='word_1_559' title='bbox 1079 5833 1106 5842; x_wconf 94' lang='lat'><em>-</em></span> <span class='ocrx_word' id='word_1_560' title='bbox 1127 5808 1167 5856; x_wconf 82' lang='lat'><strong>30.</strong></span> <span class='ocrx_word' id='word_1_561' title='bbox 1186 5808 1224 5857; x_wconf 85' lang='lat' dir='ltr'><strong>uel</strong></span> <span class='ocrx_word' id='word_1_562' title='bbox 1239 5809 1306 5871; x_wconf 73' lang='lat' dir='ltr'><strong>soleo</strong></span> <span class='ocrx_word' id='word_1_563' title='bbox 1322 5810 1361 5859; x_wconf 86' lang='lat' dir='ltr'><strong>cel</strong></span> <span class='ocrx_word' id='word_1_564' title='bbox 1375 5823 1437 5857; x_wconf 86' lang='lat' dir='ltr'><strong>uero</strong></span> <span class='ocrx_word' id='word_1_565' title='bbox 1454 5822 1595 5873; x_wconf 88' lang='lat' dir='ltr'><strong>perperam</strong></span> <span class='ocrx_word' id='word_1_566' title='bbox 1614 5812 1654 5858; x_wconf 87' lang='lat' dir='ltr'><strong>est</strong></span> <span class='ocrx_word' id='word_1_567' title='bbox 1672 5821 1742 5858; x_wconf 89' lang='lat' dir='ltr'><strong>corr.</strong></span> 
     </span>
     <span class='ocr_line' id='line_1_50' title="bbox 411 5879 1740 5947; baseline 0.002 -19"><span class='ocrx_word' id='word_1_568' title='bbox 411 5880 437 5929; x_wconf 88' lang='lat' dir='ltr'><strong>io</strong></span> <span class='ocrx_word' id='word_1_569' title='bbox 453 5879 469 5928; x_wconf 76' lang='lat'>2</span> <span class='ocrx_word' id='word_1_570' title='bbox 487 5880 565 5930; x_wconf 87' lang='lat' dir='ltr'><strong>codd.</strong></span> <span class='ocrx_word' id='word_1_571' title='bbox 585 5881 680 5931; x_wconf 79' lang='lat' dir='ltr'><strong>Davisii</strong></span> <span class='ocrx_word' id='word_1_572' title='bbox 700 5906 726 5917; x_wconf 88' lang='lat'><em>-</em></span> <span class='ocrx_word' id='word_1_573' title='bbox 753 5883 793 5931; x_wconf 79' lang='lat' dir='ltr'><strong>at.</strong></span> <span class='ocrx_word' id='word_1_574' title='bbox 813 5883 956 5944; x_wconf 77' lang='lat' dir='ltr'><strong>quernpiom</strong></span> <span class='ocrx_word' id='word_1_575' title='bbox 977 5882 1036 5933; x_wconf 91' lang='lat' dir='ltr'><strong>cod.</strong></span> <span class='ocrx_word' id='word_1_576' title='bbox 1061 5883 1121 5933; x_wconf 84' lang='lat' dir='ltr'><strong>Car.</strong></span> <span class='ocrx_word' id='word_1_577' title='bbox 1140 5883 1266 5947; x_wconf 87' lang='lat' dir='ltr'><strong>Stephani</strong></span> <span class='ocrx_word' id='word_1_578' title='bbox 1290 5908 1317 5918; x_wconf 91' lang='lat'><em>-</em></span> <span class='ocrx_word' id='word_1_579' title='bbox 1343 5883 1433 5945; x_wconf 86' lang='lat' dir='ltr'><strong>otiquit</strong></span> <span class='ocrx_word' id='word_1_580' title='bbox 1450 5884 1481 5933; x_wconf 61' lang='grc' dir='ltr'><strong>Α*</strong></span> <span class='ocrx_word' id='word_1_581' title='bbox 1499 5909 1525 5918; x_wconf 98' lang='grc'>-</span> <span class='ocrx_word' id='word_1_582' title='bbox 1550 5882 1693 5932; x_wconf 71' lang='lat' dir='ltr'><strong>ducaeac</strong></span> <span class='ocrx_word' id='word_1_583' title='bbox 1714 5907 1740 5917; x_wconf 93' lang='lat'>-</span> 
     </span>
     <span class='ocr_line' id='line_1_51' title="bbox 410 5953 996 6019; baseline 0.005 -16"><span class='ocrx_word' id='word_1_584' title='bbox 410 5953 451 6003; x_wconf 79' lang='grc'><strong>35.</strong></span> <span class='ocrx_word' id='word_1_585' title='bbox 469 5955 589 6019; x_wconf 67' lang='grc' dir='ltr'><strong>ὼρηιαια</strong></span> <span class='ocrx_word' id='word_1_586' title='bbox 607 5957 626 6006; x_wconf 91' lang='lat' dir='ltr'>C</span> <span class='ocrx_word' id='word_1_587' title='bbox 646 5957 708 6016; x_wconf 83' lang='lat' dir='ltr'><strong>(doc.</strong></span> <span class='ocrx_word' id='word_1_588' title='bbox 724 5956 751 6018; x_wconf 79' lang='lat' dir='ltr'><strong>Vl</strong></span> <span class='ocrx_word' id='word_1_589' title='bbox 772 5984 799 5993; x_wconf 92' lang='lat'><em>-</em></span> <span class='ocrx_word' id='word_1_590' title='bbox 818 5957 859 6007; x_wconf 82' lang='grc'><strong>36.</strong></span> <span class='ocrx_word' id='word_1_591' title='bbox 878 5970 942 6007; x_wconf 83' lang='lat' dir='ltr'><strong>uera</strong></span> <span class='ocrx_word' id='word_1_592' title='bbox 958 5954 996 6006; x_wconf 91' lang='lat' dir='ltr'><strong>B¹.</strong></span> 
     </span>
    </p>
   </div>
   <div class='ocr_carea' id='block_1_6' title="bbox 0 0 2180 7459">
    <p class='ocr_par' dir='ltr' id='par_1_7' title="bbox 0 0 2180 7459">
     <span class='ocr_line' id='line_1_52' title="bbox 0 0 2180 7459; baseline 0 0"><span class='ocrx_word' id='word_1_593' title='bbox 0 0 2180 7459; x_wconf 95' lang='lat' dir='ltr'><strong> </strong></span> 
     </span>
    </p>
   </div>
  </div>
 </body>
</html>
