4342 7459
443 1235 507 1302 aad
770 1237 1096 1305 TUSCULANARUM
1116 1237 1449 1304 bisuntinorum

443 1405 528 1462 certa
548 1397 597 1463 sui
620 1417 730 1462 cursus
751 1399 853 1483 spatia
877 1395 1037 1462 deliniant.
1068 1400 1189 1466 Horum
1211 1399 1360 1462 nimirum
1383 1405 1531 1482 aspectus
1553 1398 1680 1481 impulit
1701 1399 1775 1464 illos

442 1501 565 1557 veteres
588 1501 620 1555 et
640 1492 821 1568 admonuit,
844 1500 879 1557 ut
898 1494 988 1577 plura
1004 1503 1203 1578 quaererent.
1236 1494 1314 1558 lude
1336 1501 1386 1557 est
1400 1494 1562 1576 indagatio
1576 1501 1648 1556 nata
1667 1493 1777 1556 initio·

441 1605 512 1650 ruas
534 1594 568 1650 at
588 1595 749 1671 umquam
771 1588 943 1662 seminum,
965 1588 1051 1651 unde
1074 1597 1180 1652 essent
1201 1590 1307 1653 omnia
1329 1596 1408 1663 orta,
1431 1596 1595 1671 generata,
1616 1596 1775 1662 concreta,

441 1699 588 1765 quaeque
610 1680 762 1763 cuiusque
784 1682 909 1762 generis
924 1682 973 1744 vel
995 1682 1127 1744 inanimi
1143 1682 1192 1745 vel
1209 1682 1376 1745 animantis
1391 1683 1441 1746 rel
1458 1684 1534 1745 muti
1550 1681 1776 1766 relinquentis

414 1776 542 1858 ⁵origo,
563 1794 646 1858 quae
668 1774 747 1848 rita,
770 1775 825 1858 qui
848 1775 993 1838 interitus
1010 1794 1158 1858 quaeque
1180 1775 1304 1838 exalia
1326 1776 1359 1838 in
1374 1777 1460 1839 aliud
1477 1775 1662 1840 vicissitudo
1680 1784 1776 1859 atque

441 1869 584 1941 mutatio,
606 1867 692 1932 unde
714 1876 797 1930 terra
819 1873 851 1931 et
873 1868 987 1952 quibus
1009 1868 1122 1935 librata
1145 1867 1353 1952 ponderibus,
1375 1867 1492 1953 quibus
1510 1871 1653 1934 cavernis
1676 1870 1776 1933 maria

440 1962 669 2035 sustineantur,
698 1980 762 2044 qua
787 1962 895 2024 omnia
922 1961 1026 2025 delata
1053 1963 1207 2043 gravitate
1228 1962 1367 2026 medium
1390 1964 1498 2026 mundi
1522 1963 1627 2027 lacum
1649 1981 1778 2045 sempor

440 2061 606 2138 expetant,
629 2054 684 2139 qui
707 2064 756 2117 est
777 2055 862 2118 idem
885 2052 1011 2118 infimus
1032 2053 1065 2118 in
1089 2057 1237 2119 rutundo.
1315 2062 1319 2069 '

525 2149 625 2212 XXV.
647 2145 700 2210 70.
722 2149 807 2213 ilaec
829 2150 974 2212 tractanti
996 2150 1103 2213 animo
1127 2158 1160 2213 et
1173 2159 1283 2213 noctes
1298 2159 1330 2213 ct
1347 2150 1416 2214 dies
1431 2152 1580 2234 cogitanti
1596 2153 1704 2216 existit
1719 2152 1774 2216 ilia

402 2254 460 2308 soa
481 2241 542 2307 dec
564 2242 697 2324 Delphis
719 2250 887 2325 praecepta
909 2242 1059 2326 cognitio,
1081 2251 1117 2306 ut
1138 2244 1206 2326 ipsa
1229 2265 1264 2307 se
1288 2264 1377 2307 mens
1394 2255 1546 2327 agnoscat
1560 2248 1775 2311 coniunctam·

441 2357 504 2422 que
532 2357 605 2404 curn
627 2336 735 2400 divina
756 2345 862 2399 mente
883 2356 918 2400 se
940 2338 1070 2411 sentiat,
1102 2355 1143 2399 ex
1165 2356 1230 2421 quo
1252 2337 1424 2401 insatiabili
1447 2338 1564 2420 gaudio
1587 2339 1774 2424 completur.

439 2432 512 2514 lpaa
542 2432 625 2495 enim
654 2430 803 2512 cogitatio
826 2429 867 2492 de
888 2431 919 2493 ri
941 2437 973 2493 at
993 2438 1108 2493 natura
1130 2431 1263 2493 deorum
1286 2432 1425 2494 studium
1448 2433 1590 2497 incendit
1612 2433 1698 2497 iilius
1720 2452 1774 2497 oe·

439 2524 597 2590 tenuitatis
626 2522 771 2587 imitandi
797 2543 906 2607 noque
935 2542 970 2587 se
998 2526 1031 2589 in
1061 2520 1217 2587 brevitate
1238 2525 1322 2587 vitae
1344 2525 1543 2589 conlocatum
1565 2535 1669 2609 putat,
1701 2547 1772 2591 cum

436 2637 544 2683 renam
571 2638 681 2683 cauma
708 2617 787 2681 alias
809 2638 850 2681 ex
874 2618 945 2681 aliis
967 2626 1057 2701 aptas
1079 2627 1114 2681 et
1133 2618 1320 2682 necessitate
1343 2638 1443 2682 nexas
1464 2620 1564 2693 videt,
1592 2621 1709 2702 quibus
1733 2620 1773 2684 ab

402 2720 570 2778 “talarno
588 2721 732 2795 tempore
754 2712 925 2776 fluentibus
946 2714 980 2775 in
1002 2721 1167 2776 aeternum
1189 2712 1270 2774 ratio
1289 2720 1394 2774 tamen
1410 2732 1563 2795 meusque
1579 2713 1773 2778 moderatur.

438 2802 492 2868 7⁴.
516 2807 603 2870 llaec
630 2807 686 2870 illa
713 2806 842 2869 intuens
868 2814 966 2890 atque
989 2806 1167 2889 suspiciens
1191 2804 1240 2868 vei
1262 2805 1368 2888 potius
1391 2807 1493 2869 omnis
1516 2808 1613 2890 partis
1635 2826 1775 2892 orasque

438 2900 698 2985 circumspiciens
725 2907 845 2983 quanta
874 2920 983 2963 rursus
1012 2900 1109 2963 animi
1140 2898 1370 2980 tranquillitate
1398 2898 1535 2962 bumana
1566 2908 1597 2962 et
1625 2901 1774 2964 citeriora

438 2993 635 3058 considerati
660 2994 742 3056 ilinc
761 2993 817 3057 illa
840 2994 980 3076 cognitio
997 2994 1123 3056 virtutis
1145 2993 1268 3065 existit,
1291 2990 1494 3055 efflorescunt
1515 3012 1628 3074 genera
1650 3003 1774 3077 partes·

438 3106 502 3170 que
525 3084 689 3161 virtutum,
712 3087 874 3150 iuvenitur
894 3087 969 3168 quid
992 3088 1035 3150 sit
1056 3086 1144 3170 quod
1164 3094 1278 3148 natura
1294 3093 1416 3170 spectet
1430 3094 1605 3151 extremum
1621 3090 1653 3151 in
1668 3087 1772 3162 bonis,

400 3178 515 3262 aquid
535 3181 568 3243 iu
591 3181 681 3244 malis
702 3182 872 3254 ultumum,
894 3200 959 3264 quo
981 3180 1148 3243 referenda
1170 3179 1233 3242 siut
1247 3178 1361 3252 cilicia,
1383 3197 1466 3261 quae
1481 3179 1643 3262 degendae
1658 3182 1773 3245 aetatis

438 3274 518 3337 ratio
540 3272 711 3357 diligenda.
745 3273 868 3349 Quibus
891 3283 924 3336 et
943 3273 1061 3338 talibus
1082 3274 1177 3336 rebus
1200 3273 1368 3356 exquisitis
1390 3273 1451 3335 boc
1472 3273 1523 3335 vei
1545 3274 1683 3336 maxime
1703 3270 1772 3336 eiii·

438 3368 533 3441 citur,
561 3367 645 3449 quad
675 3367 735 3430 bac
764 3366 980 3450 disputatione
1009 3368 1148 3450 agimus,
1177 3375 1213 3429 ut
1235 3367 1334 3429 virtum
1356 3366 1395 3429 ad
1420 3367 1513 3431 beate
1535 3366 1705 3430 vivendum
1729 3368 1772 3430 sit

438 3481 473 3526 se
494 3462 563 3545 ipsa
585 3467 745 3524 contenta.
781 3458 831 3522 ts.
856 3460 1008 3543 Sequitur
1028 3461 1135 3533 tertia,
1165 3478 1247 3543 quaa
1269 3479 1328 3541 per
1351 3461 1454 3523 omnis
1476 3463 1573 3543 partis
1595 3462 1769 3544 sapientiae

438 3563 544 3619 manat
565 3560 597 3617 et
611 3553 765 3627 funditur,
787 3572 870 3637 quas
886 3572 951 3615 rem
967 3550 1104 3627 definit,‘
1115 3571 1231 3635 genera
1247 3552 1408 3635 dispertit,
1431 3556 1599 3638 sequentia
1614 3554 1767 3637 adiungit,

399 3648 577 3732 inperfecta
604 3646 782 3721 concludit,
810 3666 885 3709 vera
912 3654 945 3708 et
972 3645 1051 3708 falsa
1073 3645 1244 3720 diiudicat,
1267 3647 1445 3711 disserendi
1467 3649 1547 3711 satio
1571 3656 1603 3711 ot
1624 3649 1768 3713 scicntia.

1599 3817 1765 3830 —

500 3908 526 3962 i.
543 3909 669 3972 inquesitas
688 3920 759 3959 corr.
778 3908 803 3957 in
820 3907 942 3968 loquentis
958 3908 979 3958 lt
996 3932 1023 3943 -
1049 3909 1073 3957 s.
1093 3920 1159 3970 qaas
1174 3909 1290 3958 interitus
1306 3907 1404 3959 Gii¹li¹
1423 3934 1450 3945 -·
1468 3910 1494 3961 7.
1512 3911 1649 3961 mansoni
1666 3904 1767 3969 tittB¹;

434 3985 556 4037 manns
571 3981 629 4034 li¹0
648 4008 675 4020 ·-
695 3996 747 4045 psa
762 3983 899 4034 Davisius:
923 3984 951 4031 ia
972 3996 1025 4045 qua
1047 3983 1097 4034 Co
1116 4009 1143 4019 -
1163 3984 1188 4034 8.
1206 3984 1375 4046 expectante
1395 4011 1422 4020 -
1448 3986 1559 4035 mimda
1576 3986 1635 4037 Gli:
1658 3988 1769 4037 rotundo

435 4060 498 4112 lio.
522 4058 562 4110 Ci.
580 4071 606 4123 p.
625 4059 683 4118 iii,
703 4058 743 4109 is.
764 4082 791 4096 -
811 4058 835 4109 ii.
855 4058 981 4107 tractandi
998 4058 1048 4108 GR
1068 4085 1095 4097 -
1116 4058 1155 4109 so.
1174 4071 1193 4109 a
1209 4070 1261 4109 om.
1277 4059 1311 4109 C.
1331 4058 1399 4110 Vide
1416 4059 1449 4109 ad
1467 4059 1535 4123 8⁸⁰·
1553 4086 1579 4097 -
1599 4062 1639 4110 it.
1658 4062 1769 4124 anapia-

435 4141 478 4191 tur·
494 4133 618 4197 Bentley:
637 4133 792 4195 compisatrn·
808 4134 828 4184 C
849 4160 876 4169 -
896 4133 936 4183 ii.
953 4134 1046 4183 incedit
1063 4135 1112 4182 Gli
1133 4160 1158 4169 -
1180 4134 1220 4185 ts.
1238 4133 1376 4184 inritandas
1388 4137 1416 4184 0.
1436 4135 1594 4199 Madvigium
1607 4139 1691 4200 etqui
1704 4149 1768 4187 eum

435 4212 520 4265 manti
537 4211 599 4261 suut
615 4211 649 4271 (v.
667 4210 764 4273 Zumpt
780 4210 896 4258 Gramm.
916 4207 931 4270 S
948 4208 1006 4268 iii)
1024 4210 1152 4270 negantes
1168 4208 1290 4271 gennadii
1310 4209 1453 4270 genitivum
1469 4221 1532 4260 cum
1548 4214 1664 4274 genitivo
1681 4214 1770 4277 impss-

434 4286 486 4338 iari
501 4284 727 4336 substantivorum
744 4283 816 4346 iungi
832 4284 930 4333 salutat
947 4286 1054 4346 praeter
1069 4283 1142 4333 hunc
1159 4280 1248 4333 locum
1266 4285 1346 4333 etism
1364 4283 1447 4334 Pisut.
1467 4286 1542 4348 capt.
1561 4286 1592 4345 V,
1606 4287 1631 4347 i,
1645 4289 1688 4337 ii:
1708 4290 1770 4350 paria

434 4364 470 4411 nsi
485 4362 544 4411 can
563 4366 591 4409 at
610 4365 726 4421 porcinas
747 4359 827 4408 iacis
848 4359 894 4407 dar
915 4360 1021 4408 tuendi
1038 4359 1144 4419 copiam.
1172 4360 1258 4421 ,itque
1277 4359 1357 4408 etiam
1375 4360 1401 4409 in
1420 4372 1499 4410 versu
1518 4360 1636 4411 Enniano
1653 4361 1687 4412 de
1706 4363 1769 4413 Fata

434 4437 449 4502 g
467 4436 498 4487 aa
516 4437 543 4486 et
560 4434 592 4485 ad
611 4434 727 4484 Harena.
745 4434 767 4483 ll
785 4433 800 4496 S
817 4433 849 4483 :tt
867 4447 881 4482 e
899 4434 1016 4496 vestigiis
1035 4431 1158 4482 codicum
1176 4433 1349 4484 scribendum
1363 4435 1469 4485 videtur
1484 4439 1557 4487 namt
1572 4438 1704 4487 inclinandi
1721 4452 1769 4489 aa·

434 4514 543 4563 ordinari.
555 4535 581 4545 -
600 4508 757 4558 eminentiam
768 4506 829 4558 cod.
843 4507 1015 4557 Pithoesuus:
1034 4508 1165 4556 conlocata
1177 4508 1197 4556 G
1207 4509 1240 4560 liz
1259 4509 1415 4559 commotam
1426 4510 1445 4559 li
1456 4510 1491 4559 0.
1510 4512 1583 4571 «liic,
1602 4510 1648 4561 ubi
1660 4512 1771 4563 attentus·

434 4590 511 4649 ratio,
530 4600 578 4637 cur
594 4584 694 4647 sopiens
710 4583 733 4646 (g
751 4582 783 4633 os
799 4582 937 4644 mpiemis),
957 4583 998 4630 cui
1015 4581 1076 4629 isaac
1093 4582 1120 4644 (i.
1134 4594 1158 4631 e.
1173 4582 1264 4631 mundi
1283 4587 1404 4633 naturam
1418 4587 1444 4633 et
1456 4586 1584 4647 originem
1601 4589 1683 4650 atque
1698 4600 1768 4651 quae

434 4663 496 4715 inde
514 4660 639 4724 cognosci
655 4661 756 4723 potest,
774 4657 887 4707 deorum
905 4658 959 4706 vim
977 4659 1004 4706 et
1022 4658 1153 4715 naturum)
1171 4660 1330 4707 tractanti
1349 4660 1433 4708 animo
1445 4658 1545 4721 (ablat.)
1564 4666 1636 4710 ctu
1647 4665 1770 4726 cogitanti

433 4741 526 4790 matut
541 4735 649 4799 monitio
665 4747 726 4785 auae
741 4733 842 4791 nentis,
864 4730 1002 4781 scutati
1021 4730 1116 4794 naama
1133 4731 1295 4794 complectar,
1321 4746 1371 4797 ego
1389 4746 1420 4783 ex
1439 4734 1499 4784 cod.
1519 4735 1584 4785 Pitb.
1604 4736 1643 4787 sic
1661 4737 1767 4787 scribo:

432 4815 491 4878 ipsu
512 4814 579 4863 assim
599 4809 718 4873 sopitoun
736 4810 778 4869 i:
794 4806 860 4857 iilud
883 4807 955 4856 snitu
978 4806 1080 4869 ipsum,
1100 4805 1171 4869 quod
1188 4808 1286 4869 sapiens
1303 4809 1409 4871 cogitat)
1426 4810 1456 4859 de
1471 4811 1649 4861 mercatura
1666 4814 1770 4863 dsontns

432 4888 542 4939 studiant
559 4888 606 4947 (sc.
626 4884 697 4945 sius)
715 4883 824 4932 imondit
841 4882 879 4943 (=
890 4882 958 4932 Cum
976 4880 1048 4930 enim
1064 4882 1164 4942 sapiens
1181 4883 1291 4945 cogitat,
1316 4884 1465 4933 incenditur
1487 4885 1583 4946 studio)
1601 4887 1669 4936 iiiito
1685 4893 1769 4937 aetn-

432 4963 520 5015 nitutis
535 4960 674 5011 imitandae
689 4971 769 5020 nepas
785 4958 825 5021 (=
835 4958 862 5007 id
873 4960 921 5016 ast,
935 4955 997 5017 non}
1012 4967 1038 5004 ss
1050 4955 1076 5003 in
1088 4954 1207 5004 breuitate
1218 4961 1286 5006 vitae
1301 4958 1495 5008 collocatam
1509 4965 1596 5021 putat,
1614 4975 1672 5011 cren
1682 4976 1770 5012 rentem

432 5048 663 5089 empnam
679 5035 759 5095 ctist,
784 5032 872 5095 quibos
883 5056 919 5068 ··
930 5032 997 5079 ratio
1016 5029 1119 5090 (divinat
1137 5031 1291 5081 moderator.
1319 5029 1401 5094 Vulgo
1418 5045 1513 5082 omnes
1531 5036 1597 5084 mire
1615 5035 1699 5087 edunt
1715 5038 1770 5087 coi-

433 5115 549 5164 iocatum.
576 5115 615 5160 Au
637 5121 702 5159 vero
726 5108 820 5158 Cicera
840 5109 922 5170 ipsam
943 5106 1119 5169 cogimionem
1141 5106 1171 5154 ds
1192 5106 1218 5154 ci
1239 5112 1263 5156 et
1281 5110 1377 5155 natura
1394 5107 1497 5156 moram
1515 5111 1575 5168 (non
1593 5113 1706 5161 animam
1724 5116 1770 5163 ant

433 5194 551 5247 mm,
574 5182 646 5248 quod
664 5182 727 5233 lensi
745 5184 855 5247 poterat]
874 5187 966 5245 putare
982 5182 1028 5229 aut
1045 5182 1152 5243 propris
1170 5179 1261 5231 dicore
1279 5180 1364 5244 potuit
1380 5183 1426 5230 aut
1443 5180 1567 5234 translato
1585 5187 1623 5246 (ut
1639 5187 1768 5251 cogitatio,

434 5262 506 5329 quod
524 5262 551 5312 in
566 5259 677 5310 innuant
692 5258 799 5321 proprie
817 5256 918 5307 dictum
936 5260 992 5316 est,
1011 5258 1037 5305 in
1051 5260 1126 5317 putat
1142 5255 1175 5305 sit
1192 5256 1226 5315 is,
1246 5257 1289 5316 qni
1300 5256 1403 5318 capiat)
1421 5268 1502 5307 ausus
1514 5260 1574 5307 esti
1592 5264 1708 5325 Apparet
1721 5276 1769 5326 per

435 5339 586 5391 warinum
602 5334 671 5383 inter
688 5344 718 5382 se
736 5331 900 5396 respondere
917 5332 975 5393 ipsa
987 5355 1023 5366 ··
1034 5331 1137 5379 decusa
1154 5332 1182 5378 et
1197 5343 1254 5378 οοοι
1269 5330 1335 5378 oidet
1347 5354 1398 5388 ·-‚
1418 5332 1529 5381 stadium
1539 5358 1553 5369 -
1563 5359 1576 5369 -
1587 5335 1726 5386 manniae
1743 5340 1770 5387 et

434 5415 604 5474 ungium:
629 5406 702 5471 quod
726 5407 748 5457 si
771 5408 806 5456 ita
828 5408 883 5467 esi,
906 5406 1058 5457 subiectum
1076 5403 1150 5453 verbi
1168 5410 1242 5466 potat
1260 5418 1312 5454 non
1330 5407 1417 5468 potest
1434 5419 1487 5456 non
1505 5406 1577 5457 idem
1595 5422 1670 5467 esse.
1695 5410 1769 5474 quod

436 5486 567 5551 (logicum)
584 5480 720 5534 obiectum
738 5485 779 5531 est
796 5481 870 5531 verbi
887 5482 1008 5540 incendit,
1027 5480 1043 5530 i.
1058 5493 1082 5528 ο.
1096 5492 1162 5540 amn,
1181 5480 1256 5529 cuius
1273 5477 1390 5530 studium
1404 5481 1562 5531 incenditur.
1580 5484 1768 5536 subiectorum

436 5575 506 5627 quaa
523 5560 550 5611 h.
562 5559 580 5611 i.
594 5560 637 5608 est
652 5557 762 5607 mutatio
780 5558 962 5619 grammatica,
982 5569 1034 5606 non
1050 5553 1145 5617 logica,
1163 5558 1320 5618 praesertim
1333 5568 1395 5605 cum
1413 5558 1533 5619 proxime
1552 5558 1696 5621 praecedat
1712 5565 1769 5609 tra-

435 5638 561 5689 ctasti·-
572 5632 709 5695 corapiatar
729 5634 758 5682 et
778 5636 907 5695 sequetur
924 5631 965 5693 ide
982 5631 1109 5697 sapientis
1126 5642 1158 5680 ex
1176 5629 1258 5679 altera
1281 5630 1461 5694 philosophiae
1482 5635 1557 5695 parte
1574 5632 1685 5695 gaudiis]
1702 5634 1771 5684 iiasc

435 5713 491 5764 iiia
506 5713 616 5768 istm
636 5720 697 5758 eam
714 5719 803 5770 neque
820 5719 949 5757 excusare
968 5719 1055 5770 neque
1073 5703 1201 5769 exemplis
1219 5706 1377 5755 confirmare
1390 5718 1457 5769 opus
1468 5708 1534 5756 esta
1554 5707 1596 5755 W.
1615 5706 1770 5756 adsentitur

438 5787 507 5839 ltalia
525 5785 542 5837 l.
555 5785 572 5837 i.
586 5797 613 5849 p.
626 5784 684 5842 itt.
701 5781 750 5833 sed
767 5785 907 5845 praeterea
925 5781 1097 5832 scribendum
1111 5784 1204 5831 censet
1218 5785 1300 5841 putat,
1319 5782 1372 5842 qai
1387 5794 1475 5830 rm
1485 5807 1523 5820 --
1534 5781 1614 5841 sidet,
1632 5781 1721 5844 patius
1731 5807 1768 5820 --

436 5862 624 5913 moderator.
642 5882 675 5895 -
697 5856 738 5909 tt.
756 5861 868 5922 mnus
888 5868 957 5906 corr.
975 5857 1002 5908 in
1021 5860 1112 5919 spectat
1133 5857 1154 5905 (i
1178 5880 1206 5892 ·-
1229 5856 1270 5905 20.
1289 5856 1401 5917 natac:
1426 5856 1493 5917 qood
1509 5856 1529 5905 0
1547 5879 1575 5892 -
1594 5856 1695 5919 dspmta
1711 5858 1769 5917 (su-

438 5929 928 5999 periectio-tisthenes&
951 5926 1431 5994 munao-imitatatio&
1453 5927 1683 5993 thsadiiii.
