<?xml version="1.0" encoding="UTF-8"?>
<!DOCTYPE html PUBLIC "-//W3C//DTD XHTML 1.0 Transitional//EN"
    "http://www.w3.org/TR/xhtml1/DTD/xhtml1-transitional.dtd">
<html xmlns="http://www.w3.org/1999/xhtml" xml:lang="en" lang="en">
 <head>
  <title>
</title>
<meta http-equiv="Content-Type" content="text/html;charset=utf-8" />
  <meta name='ocr-system' content='tesseract 3.04.00' />
  <meta name='ocr-capabilities' content='ocr_page ocr_carea ocr_par ocr_line ocrx_word'/>
</head>
<body>
  <div class='ocr_page' id='page_1' title='image "./operaquaesupers00halmgoog/operaquaesupers00halmgoog_0290.png"; bbox 0 0 4342 7459; ppageno 0'>
   <div class='ocr_carea' id='block_1_1' title="bbox 554 1843 1645 2167">
    <p class='ocr_par' dir='ltr' id='par_1_1' title="bbox 554 1843 1645 2167">
     <span class='ocr_line' id='line_1_1' title="bbox 869 1843 1339 1939; baseline 0 -4"><span class='ocrx_word' id='word_1_1' title='bbox 869 1845 913 1936; x_wconf 91' lang='lat' dir='ltr'><strong>ll.</strong></span> <span class='ocrx_word' id='word_1_2' title='bbox 940 1845 1083 1937; x_wconf 86' lang='lat' dir='ltr'>TULLII</span> <span class='ocrx_word' id='word_1_3' title='bbox 1110 1843 1339 1939; x_wconf 82' lang='lat' dir='ltr'>CICERONIS</span> 
     </span>
     <span class='ocr_line' id='line_1_2' title="bbox 554 2072 1645 2167; baseline 0 -6"><span class='ocrx_word' id='word_1_4' title='bbox 554 2073 1081 2167; x_wconf 79' lang='lat' dir='ltr'><strong>TUSCULANARUM</strong></span> <span class='ocrx_word' id='word_1_5' title='bbox 1109 2072 1645 2165; x_wconf 72' lang='lat' dir='ltr'><strong>DtsPtJunutoNuttt</strong></span> 
     </span>
    </p>
   </div>
   <div class='ocr_carea' id='block_1_2' title="bbox 949 2312 1255 2376">
    <p class='ocr_par' dir='ltr' id='par_1_2' title="bbox 949 2312 1255 2376">
     <span class='ocr_line' id='line_1_3' title="bbox 949 2312 1255 2376; baseline 0 0"><span class='ocrx_word' id='word_1_6' title='bbox 949 2316 1002 2376; x_wconf 81' lang='grc' dir='ltr'><strong>ΑΙ)</strong></span> <span class='ocrx_word' id='word_1_7' title='bbox 1026 2315 1066 2375; x_wconf 87' lang='grc' dir='ltr'><strong>Μ.</strong></span> <span class='ocrx_word' id='word_1_8' title='bbox 1090 2312 1255 2376; x_wconf 84' lang='lat' dir='ltr'><strong>BRUTUM</strong></span> 
     </span>
    </p>
   </div>
   <div class='ocr_carea' id='block_1_3' title="bbox 896 2523 1308 2597">
    <p class='ocr_par' dir='ltr' id='par_1_3' title="bbox 896 2523 1308 2597">
     <span class='ocr_line' id='line_1_4' title="bbox 896 2523 1308 2597; baseline 0.002 -1"><span class='ocrx_word' id='word_1_9' title='bbox 896 2525 1052 2596; x_wconf 73' lang='lat' dir='ltr'><strong>unm</strong></span> <span class='ocrx_word' id='word_1_10' title='bbox 1073 2523 1308 2597; x_wconf 76' lang='lat' dir='ltr'><strong>TERTIUS.</strong></span> 
     </span>
    </p>
   </div>
   <div class='ocr_carea' id='block_1_4' title="bbox 993 2804 1199 2814">
    <p class='ocr_par' dir='ltr' id='par_1_4' title="bbox 993 2804 1199 2814">
     <span class='ocr_line' id='line_1_5' title="bbox 993 2804 1199 2814; baseline 0.005 -2"><span class='ocrx_word' id='word_1_11' title='bbox 993 2804 1199 2814; x_wconf 83' lang='lat'><em>——-—</em></span> 
     </span>
    </p>
   </div>
   <div class='ocr_carea' id='block_1_5' title="bbox 415 3042 1771 3597">
    <p class='ocr_par' dir='ltr' id='par_1_5' title="bbox 438 3042 1771 3411">
     <span class='ocr_line' id='line_1_6' title="bbox 522 3042 1769 3127; baseline -0.001 -18"><span class='ocrx_word' id='word_1_12' title='bbox 522 3047 546 3109; x_wconf 91' lang='lat' dir='ltr'><strong>l.</strong></span> <span class='ocrx_word' id='word_1_13' title='bbox 570 3042 599 3109; x_wconf 89' lang='lat' dir='ltr'><strong>l.</strong></span> <span class='ocrx_word' id='word_1_14' title='bbox 623 3046 781 3121; x_wconf 80' lang='lat' dir='ltr'><strong>Quidnam</strong></span> <span class='ocrx_word' id='word_1_15' title='bbox 806 3066 891 3118; x_wconf 89' lang='lat' dir='ltr'><strong>esse,</strong></span> <span class='ocrx_word' id='word_1_16' title='bbox 921 3048 1035 3120; x_wconf 83' lang='lat' dir='ltr'>Brute,</span> <span class='ocrx_word' id='word_1_17' title='bbox 1061 3064 1175 3109; x_wconf 88' lang='lat' dir='ltr'><strong>causae</strong></span> <span class='ocrx_word' id='word_1_18' title='bbox 1197 3051 1304 3127; x_wconf 89' lang='lat' dir='ltr'><strong>putem</strong></span> <span class='ocrx_word' id='word_1_19' title='bbox 1327 3064 1401 3118; x_wconf 92' lang='lat' dir='ltr'><strong>cur,</strong></span> <span class='ocrx_word' id='word_1_20' title='bbox 1430 3064 1500 3106; x_wconf 92' lang='lat' dir='ltr'><strong>cum</strong></span> <span class='ocrx_word' id='word_1_21' title='bbox 1524 3052 1705 3108; x_wconf 75' lang='lat' dir='ltr'><strong>constemus</strong></span> <span class='ocrx_word' id='word_1_22' title='bbox 1728 3062 1769 3108; x_wconf 86' lang='lat' dir='ltr'><strong>ex</strong></span> 
     </span>
     <span class='ocr_line' id='line_1_7' title="bbox 438 3138 1771 3222; baseline -0.002 -18"><span class='ocrx_word' id='word_1_23' title='bbox 438 3142 544 3205; x_wconf 87' lang='lat' dir='ltr'><strong>animo</strong></span> <span class='ocrx_word' id='word_1_24' title='bbox 568 3149 599 3203; x_wconf 91' lang='lat' dir='ltr'><strong>et</strong></span> <span class='ocrx_word' id='word_1_25' title='bbox 620 3160 761 3222; x_wconf 87' lang='lat' dir='ltr'><strong>corpore,</strong></span> <span class='ocrx_word' id='word_1_26' title='bbox 784 3140 927 3222; x_wconf 91' lang='lat' dir='ltr'><strong>corporis</strong></span> <span class='ocrx_word' id='word_1_27' title='bbox 950 3140 1079 3203; x_wconf 88' lang='lat' dir='ltr'><strong>curandi</strong></span> <span class='ocrx_word' id='word_1_28' title='bbox 1104 3140 1278 3222; x_wconf 86' lang='lat' dir='ltr'><strong>tuendique</strong></span> <span class='ocrx_word' id='word_1_29' title='bbox 1302 3153 1397 3201; x_wconf 87' lang='lat' dir='ltr'><strong>causa</strong></span> <span class='ocrx_word' id='word_1_30' title='bbox 1419 3138 1564 3221; x_wconf 87' lang='lat' dir='ltr'><strong>quaesita</strong></span> <span class='ocrx_word' id='word_1_31' title='bbox 1587 3139 1629 3201; x_wconf 87' lang='lat' dir='ltr'><strong>sit</strong></span> <span class='ocrx_word' id='word_1_32' title='bbox 1650 3157 1702 3200; x_wconf 89' lang='lat' dir='ltr'><strong>ars</strong></span> <span class='ocrx_word' id='word_1_33' title='bbox 1724 3145 1771 3201; x_wconf 84' lang='lat' dir='ltr'><strong>at·</strong></span> 
     </span>
     <span class='ocr_line' id='line_1_8' title="bbox 441 3233 1771 3319; baseline 0 -23"><span class='ocrx_word' id='word_1_34' title='bbox 441 3254 504 3319; x_wconf 91' lang='lat' dir='ltr'><strong>que</strong></span> <span class='ocrx_word' id='word_1_35' title='bbox 528 3235 597 3296; x_wconf 90' lang='lat' dir='ltr'><strong>eius</strong></span> <span class='ocrx_word' id='word_1_36' title='bbox 620 3233 739 3296; x_wconf 87' lang='lat' dir='ltr'><strong>utilitas</strong></span> <span class='ocrx_word' id='word_1_37' title='bbox 760 3235 889 3296; x_wconf 92' lang='lat' dir='ltr'><strong>deorum</strong></span> <span class='ocrx_word' id='word_1_38' title='bbox 913 3233 1126 3296; x_wconf 74' lang='lat' dir='ltr'><strong>inmortalium</strong></span> <span class='ocrx_word' id='word_1_39' title='bbox 1142 3233 1318 3295; x_wconf 89' lang='lat' dir='ltr'><strong>inventioni</strong></span> <span class='ocrx_word' id='word_1_40' title='bbox 1336 3239 1528 3305; x_wconf 83' lang='lat' dir='ltr'><strong>consecrata,</strong></span> <span class='ocrx_word' id='word_1_41' title='bbox 1550 3233 1647 3295; x_wconf 87' lang='lat' dir='ltr'><strong>animi</strong></span> <span class='ocrx_word' id='word_1_42' title='bbox 1662 3241 1771 3296; x_wconf 85' lang='lat' dir='ltr'><strong>autem</strong></span> 
     </span>
     <span class='ocr_line' id='line_1_9' title="bbox 440 3327 1770 3411; baseline 0.002 -23"><span class='ocrx_word' id='word_1_43' title='bbox 440 3327 592 3390; x_wconf 91' lang='lat' dir='ltr'><strong>medicina</strong></span> <span class='ocrx_word' id='word_1_44' title='bbox 614 3346 673 3389; x_wconf 88' lang='lat' dir='ltr'><strong>nec</strong></span> <span class='ocrx_word' id='word_1_45' title='bbox 695 3334 757 3389; x_wconf 66' lang='lat' dir='ltr'><strong>mm</strong></span> <span class='ocrx_word' id='word_1_46' title='bbox 782 3327 958 3390; x_wconf 89' lang='lat' dir='ltr'><strong>desiderata</strong></span> <span class='ocrx_word' id='word_1_47' title='bbox 981 3328 1022 3389; x_wconf 83' lang='lat' dir='ltr'><strong>sit</strong></span> <span class='ocrx_word' id='word_1_48' title='bbox 1043 3335 1115 3389; x_wconf 87' lang='lat' dir='ltr'><strong>ante</strong></span> <span class='ocrx_word' id='word_1_49' title='bbox 1139 3347 1233 3409; x_wconf 92' lang='lat' dir='ltr'><strong>quam</strong></span> <span class='ocrx_word' id='word_1_50' title='bbox 1257 3328 1401 3399; x_wconf 87' lang='lat' dir='ltr'><strong>inventa,</strong></span> <span class='ocrx_word' id='word_1_51' title='bbox 1424 3345 1482 3386; x_wconf 90' lang='lat' dir='ltr'><strong>nec</strong></span> <span class='ocrx_word' id='word_1_52' title='bbox 1510 3334 1573 3388; x_wconf 86' lang='lat' dir='ltr'><strong>tam</strong></span> <span class='ocrx_word' id='word_1_53' title='bbox 1599 3327 1685 3389; x_wconf 87' lang='lat' dir='ltr'><strong>culta</strong></span> <span class='ocrx_word' id='word_1_54' title='bbox 1712 3346 1770 3411; x_wconf 93' lang='lat' dir='ltr'><strong>po·</strong></span> 
     </span>
    </p>

    <p class='ocr_par' dir='ltr' id='par_1_6' title="bbox 415 3418 1768 3597">
     <span class='ocr_line' id='line_1_10' title="bbox 415 3418 1767 3503; baseline -0.001 -19"><span class='ocrx_word' id='word_1_55' title='bbox 415 3428 505 3485; x_wconf 81' lang='lat' dir='ltr'><strong>solea</strong></span> <span class='ocrx_word' id='word_1_56' title='bbox 528 3441 622 3503; x_wconf 92' lang='lat' dir='ltr'><strong>quam</strong></span> <span class='ocrx_word' id='word_1_57' title='bbox 645 3422 771 3502; x_wconf 88' lang='lat' dir='ltr'><strong>cognita</strong></span> <span class='ocrx_word' id='word_1_58' title='bbox 794 3431 858 3495; x_wconf 89' lang='lat' dir='ltr'><strong>est,</strong></span> <span class='ocrx_word' id='word_1_59' title='bbox 881 3441 939 3484; x_wconf 88' lang='lat' dir='ltr'><strong>neo</strong></span> <span class='ocrx_word' id='word_1_60' title='bbox 963 3432 1025 3483; x_wconf 92' lang='lat' dir='ltr'><strong>tam</strong></span> <span class='ocrx_word' id='word_1_61' title='bbox 1049 3421 1156 3484; x_wconf 88' lang='lat' dir='ltr'><strong>multis</strong></span> <span class='ocrx_word' id='word_1_62' title='bbox 1179 3427 1267 3502; x_wconf 87' lang='lat' dir='ltr'><strong>grata</strong></span> <span class='ocrx_word' id='word_1_63' title='bbox 1290 3429 1321 3481; x_wconf 85' lang='lat' dir='ltr'><strong>et</strong></span> <span class='ocrx_word' id='word_1_64' title='bbox 1344 3418 1492 3501; x_wconf 85' lang='lat' dir='ltr'><strong>probata,</strong></span> <span class='ocrx_word' id='word_1_65' title='bbox 1514 3419 1657 3501; x_wconf 90' lang='lat' dir='ltr'><strong>pluribus</strong></span> <span class='ocrx_word' id='word_1_66' title='bbox 1672 3422 1767 3484; x_wconf 85' lang='lat' dir='ltr'><strong>etiam</strong></span> 
     </span>
     <span class='ocr_line' id='line_1_11' title="bbox 439 3512 1768 3597; baseline -0.001 -20"><span class='ocrx_word' id='word_1_67' title='bbox 439 3522 586 3597; x_wconf 85' lang='lat' dir='ltr'><strong>suspecta</strong></span> <span class='ocrx_word' id='word_1_68' title='bbox 609 3522 640 3576; x_wconf 88' lang='lat' dir='ltr'><strong>et</strong></span> <span class='ocrx_word' id='word_1_69' title='bbox 661 3514 784 3576; x_wconf 75' lang='lat' dir='ltr'><strong>invisat</strong></span> <span class='ocrx_word' id='word_1_70' title='bbox 813 3518 860 3575; x_wconf 82' lang='lat' dir='ltr'><strong>An</strong></span> <span class='ocrx_word' id='word_1_71' title='bbox 883 3517 968 3597; x_wconf 95' lang='lat' dir='ltr'><strong>quod</strong></span> <span class='ocrx_word' id='word_1_72' title='bbox 992 3514 1136 3597; x_wconf 92' lang='lat' dir='ltr'><strong>corporis</strong></span> <span class='ocrx_word' id='word_1_73' title='bbox 1166 3515 1348 3596; x_wconf 87' lang='lat' dir='ltr'><strong>gravitatem</strong></span> <span class='ocrx_word' id='word_1_74' title='bbox 1371 3521 1402 3575; x_wconf 85' lang='lat' dir='ltr'><strong>et</strong></span> <span class='ocrx_word' id='word_1_75' title='bbox 1425 3512 1566 3575; x_wconf 91' lang='lat' dir='ltr'><strong>dolorem</strong></span> <span class='ocrx_word' id='word_1_76' title='bbox 1590 3513 1696 3575; x_wconf 93' lang='lat' dir='ltr'><strong>animo</strong></span> <span class='ocrx_word' id='word_1_77' title='bbox 1719 3513 1768 3576; x_wconf 93' lang='lat' dir='ltr'><strong>iu·</strong></span> 
     </span>
    </p>
   </div>
   <div class='ocr_carea' id='block_1_6' title="bbox 439 3604 1876 3692">
    <p class='ocr_par' dir='ltr' id='par_1_7' title="bbox 439 3604 1876 3692">
     <span class='ocr_line' id='line_1_12' title="bbox 439 3604 1876 3692; baseline 0 -23"><span class='ocrx_word' id='word_1_78' title='bbox 439 3608 595 3681; x_wconf 89' lang='lat' dir='ltr'><strong>dicamus,</strong></span> <span class='ocrx_word' id='word_1_79' title='bbox 618 3606 714 3669; x_wconf 91' lang='lat' dir='ltr'><strong>animi</strong></span> <span class='ocrx_word' id='word_1_80' title='bbox 738 3608 879 3671; x_wconf 86' lang='lat' dir='ltr'><strong>morbum</strong></span> <span class='ocrx_word' id='word_1_81' title='bbox 903 3628 1033 3692; x_wconf 89' lang='lat' dir='ltr'><strong>corpore</strong></span> <span class='ocrx_word' id='word_1_82' title='bbox 1056 3627 1120 3670; x_wconf 93' lang='lat' dir='ltr'><strong>non</strong></span> <span class='ocrx_word' id='word_1_83' title='bbox 1143 3607 1323 3670; x_wconf 72' lang='lat' dir='ltr'><strong>sentimus?</strong></span> <span class='ocrx_word' id='word_1_84' title='bbox 1346 3607 1392 3668; x_wconf 87' lang='lat' dir='ltr'><strong>lta</strong></span> <span class='ocrx_word' id='word_1_85' title='bbox 1416 3605 1448 3667; x_wconf 90' lang='lat' dir='ltr'><strong>lit</strong></span> <span class='ocrx_word' id='word_1_86' title='bbox 1469 3614 1504 3669; x_wconf 89' lang='lat' dir='ltr'><strong>ut</strong></span> <span class='ocrx_word' id='word_1_87' title='bbox 1525 3604 1651 3668; x_wconf 88' lang='lat' dir='ltr'><strong>animus</strong></span> <span class='ocrx_word' id='word_1_88' title='bbox 1675 3607 1715 3668; x_wconf 91' lang='lat' dir='ltr'><strong>de</strong></span> <span class='ocrx_word' id='word_1_89' title='bbox 1734 3625 1768 3669; x_wconf 87' lang='lat' dir='ltr'><strong>so</strong></span> <span class='ocrx_word' id='word_1_90' title='bbox 1872 3615 1876 3623; x_wconf 89' lang='lat'>&#39;</span> 
     </span>
    </p>
   </div>
   <div class='ocr_carea' id='block_1_7' title="bbox 400 3695 1770 5097">
    <p class='ocr_par' dir='ltr' id='par_1_8' title="bbox 400 3695 1770 5097">
     <span class='ocr_line' id='line_1_13' title="bbox 439 3695 1768 3785; baseline -0.002 -20"><span class='ocrx_word' id='word_1_91' title='bbox 439 3704 507 3785; x_wconf 86' lang='lat' dir='ltr'><strong>ipse</strong></span> <span class='ocrx_word' id='word_1_92' title='bbox 529 3709 595 3763; x_wconf 85' lang='lat' dir='ltr'><strong>tum</strong></span> <span class='ocrx_word' id='word_1_93' title='bbox 618 3699 750 3775; x_wconf 91' lang='lat' dir='ltr'><strong>iudicet,</strong></span> <span class='ocrx_word' id='word_1_94' title='bbox 780 3721 851 3763; x_wconf 92' lang='lat' dir='ltr'><strong>cum</strong></span> <span class='ocrx_word' id='word_1_95' title='bbox 875 3700 906 3762; x_wconf 95' lang='lat' dir='ltr'><strong>id</strong></span> <span class='ocrx_word' id='word_1_96' title='bbox 935 3701 1054 3783; x_wconf 91' lang='lat' dir='ltr'><strong>ipsum,</strong></span> <span class='ocrx_word' id='word_1_97' title='bbox 1084 3722 1150 3784; x_wconf 95' lang='lat' dir='ltr'><strong>quo</strong></span> <span class='ocrx_word' id='word_1_98' title='bbox 1171 3700 1342 3774; x_wconf 89' lang='lat' dir='ltr'><strong>iudicatur,</strong></span> <span class='ocrx_word' id='word_1_99' title='bbox 1371 3707 1523 3781; x_wconf 88' lang='lat' dir='ltr'><strong>aegrotet.</strong></span> <span class='ocrx_word' id='word_1_100' title='bbox 1568 3695 1597 3762; x_wconf 70' lang='lat'><strong>9.</strong></span> <span class='ocrx_word' id='word_1_101' title='bbox 1622 3700 1768 3776; x_wconf 88' lang='lat' dir='ltr'><strong>Quodsi</strong></span> 
     </span>
     <span class='ocr_line' id='line_1_14' title="bbox 438 3793 1768 3879; baseline -0.002 -20"><span class='ocrx_word' id='word_1_102' title='bbox 438 3796 511 3860; x_wconf 81' lang='lat' dir='ltr'><strong>talis</strong></span> <span class='ocrx_word' id='word_1_103' title='bbox 533 3816 590 3858; x_wconf 90' lang='lat' dir='ltr'><strong>nos</strong></span> <span class='ocrx_word' id='word_1_104' title='bbox 612 3801 726 3856; x_wconf 90' lang='lat' dir='ltr'><strong>natura</strong></span> <span class='ocrx_word' id='word_1_105' title='bbox 747 3795 925 3876; x_wconf 78' lang='lat' dir='ltr'><strong>genuisset,</strong></span> <span class='ocrx_word' id='word_1_106' title='bbox 949 3805 983 3859; x_wconf 89' lang='lat' dir='ltr'><strong>ut</strong></span> <span class='ocrx_word' id='word_1_107' title='bbox 1004 3815 1073 3858; x_wconf 92' lang='lat' dir='ltr'><strong>eam</strong></span> <span class='ocrx_word' id='word_1_108' title='bbox 1096 3796 1196 3877; x_wconf 91' lang='lat' dir='ltr'><strong>ipsam</strong></span> <span class='ocrx_word' id='word_1_109' title='bbox 1217 3796 1332 3858; x_wconf 87' lang='lat' dir='ltr'><strong>intueri</strong></span> <span class='ocrx_word' id='word_1_110' title='bbox 1347 3803 1379 3857; x_wconf 89' lang='lat' dir='ltr'><strong>et</strong></span> <span class='ocrx_word' id='word_1_111' title='bbox 1393 3793 1574 3875; x_wconf 82' lang='lat' dir='ltr'><strong>perspicere</strong></span> <span class='ocrx_word' id='word_1_112' title='bbox 1591 3795 1768 3879; x_wconf 87' lang='lat' dir='ltr'><strong>eademqne</strong></span> 
     </span>
     <span class='ocr_line' id='line_1_15' title="bbox 402 3886 1769 3973; baseline -0.003 -20"><span class='ocrx_word' id='word_1_113' title='bbox 402 3892 559 3973; x_wconf 82' lang='lat' dir='ltr'><strong>tooptima</strong></span> <span class='ocrx_word' id='word_1_114' title='bbox 590 3888 672 3951; x_wconf 88' lang='lat' dir='ltr'><strong>duce</strong></span> <span class='ocrx_word' id='word_1_115' title='bbox 702 3906 828 3950; x_wconf 92' lang='lat' dir='ltr'><strong>cursum</strong></span> <span class='ocrx_word' id='word_1_116' title='bbox 858 3890 941 3952; x_wconf 84' lang='lat' dir='ltr'><strong>vitae</strong></span> <span class='ocrx_word' id='word_1_117' title='bbox 969 3887 1124 3952; x_wconf 87' lang='lat' dir='ltr'><strong>conficere</strong></span> <span class='ocrx_word' id='word_1_118' title='bbox 1153 3908 1331 3971; x_wconf 88' lang='lat' dir='ltr'><strong>possemus,</strong></span> <span class='ocrx_word' id='word_1_119' title='bbox 1366 3887 1450 3950; x_wconf 90' lang='lat' dir='ltr'><strong>baud</strong></span> <span class='ocrx_word' id='word_1_120' title='bbox 1480 3894 1547 3949; x_wconf 86' lang='lat' dir='ltr'><strong>erat</strong></span> <span class='ocrx_word' id='word_1_121' title='bbox 1575 3906 1651 3951; x_wconf 88' lang='lat' dir='ltr'><strong>sane</strong></span> <span class='ocrx_word' id='word_1_122' title='bbox 1680 3886 1769 3970; x_wconf 92' lang='lat' dir='ltr'><strong>quod</strong></span> 
     </span>
     <span class='ocr_line' id='line_1_16' title="bbox 439 3979 1769 4067; baseline -0.002 -20"><span class='ocrx_word' id='word_1_123' title='bbox 439 3985 604 4067; x_wconf 90' lang='lat' dir='ltr'><strong>quisquam</strong></span> <span class='ocrx_word' id='word_1_124' title='bbox 626 3981 778 4044; x_wconf 87' lang='lat' dir='ltr'><strong>rationem</strong></span> <span class='ocrx_word' id='word_1_125' title='bbox 801 4001 838 4045; x_wconf 93' lang='lat' dir='ltr'><strong>ac</strong></span> <span class='ocrx_word' id='word_1_126' title='bbox 860 3982 1032 4046; x_wconf 89' lang='lat' dir='ltr'><strong>doctrinam</strong></span> <span class='ocrx_word' id='word_1_127' title='bbox 1055 3984 1241 4067; x_wconf 81' lang='lat' dir='ltr'><strong>requireret.</strong></span> <span class='ocrx_word' id='word_1_128' title='bbox 1280 3984 1370 4045; x_wconf 87' lang='lat' dir='ltr'><strong>Nunc</strong></span> <span class='ocrx_word' id='word_1_129' title='bbox 1391 3980 1541 4065; x_wconf 84' lang='lat' dir='ltr'><strong>parvulos</strong></span> <span class='ocrx_word' id='word_1_130' title='bbox 1563 3980 1656 4042; x_wconf 85' lang='lat' dir='ltr'><strong>nobis</strong></span> <span class='ocrx_word' id='word_1_131' title='bbox 1681 3979 1769 4044; x_wconf 81' lang='lat' dir='ltr'><strong>dedit</strong></span> 
     </span>
     <span class='ocr_line' id='line_1_17' title="bbox 438 4073 1769 4160; baseline -0.002 -20"><span class='ocrx_word' id='word_1_132' title='bbox 438 4077 609 4160; x_wconf 91' lang='lat' dir='ltr'><strong>igniculos,</strong></span> <span class='ocrx_word' id='word_1_133' title='bbox 644 4095 725 4157; x_wconf 91' lang='lat' dir='ltr'><strong>quos</strong></span> <span class='ocrx_word' id='word_1_134' title='bbox 754 4075 898 4139; x_wconf 90' lang='lat' dir='ltr'><strong>celeriter</strong></span> <span class='ocrx_word' id='word_1_135' title='bbox 926 4078 1016 4141; x_wconf 90' lang='lat' dir='ltr'><strong>malis</strong></span> <span class='ocrx_word' id='word_1_136' title='bbox 1050 4077 1191 4139; x_wconf 89' lang='lat' dir='ltr'><strong>moribus</strong></span> <span class='ocrx_word' id='word_1_137' title='bbox 1221 4076 1491 4159; x_wconf 84' lang='lat' dir='ltr'><strong>opinionibusque</strong></span> <span class='ocrx_word' id='word_1_138' title='bbox 1526 4073 1688 4156; x_wconf 86' lang='lat' dir='ltr'><strong>depravati</strong></span> <span class='ocrx_word' id='word_1_139' title='bbox 1723 4075 1769 4138; x_wconf 86' lang='lat' dir='ltr'><strong>sic</strong></span> 
     </span>
     <span class='ocr_line' id='line_1_18' title="bbox 439 4168 1767 4254; baseline -0.002 -21"><span class='ocrx_word' id='word_1_140' title='bbox 439 4171 680 4253; x_wconf 73' lang='lat' dir='ltr'><strong>restinguimus,</strong></span> <span class='ocrx_word' id='word_1_141' title='bbox 703 4178 918 4254; x_wconf 88' lang='lat' dir='ltr'><strong>utnusquam</strong></span> <span class='ocrx_word' id='word_1_142' title='bbox 940 4180 1070 4233; x_wconf 86' lang='lat' dir='ltr'><strong>naturae</strong></span> <span class='ocrx_word' id='word_1_143' title='bbox 1093 4171 1198 4233; x_wconf 87' lang='lat' dir='ltr'><strong>lumen</strong></span> <span class='ocrx_word' id='word_1_144' title='bbox 1221 4179 1382 4252; x_wconf 88' lang='lat' dir='ltr'><strong>appareat.</strong></span> <span class='ocrx_word' id='word_1_145' title='bbox 1421 4171 1500 4232; x_wconf 89' lang='lat' dir='ltr'><strong>Sunt</strong></span> <span class='ocrx_word' id='word_1_146' title='bbox 1523 4169 1606 4231; x_wconf 90' lang='lat' dir='ltr'><strong>enim</strong></span> <span class='ocrx_word' id='word_1_147' title='bbox 1629 4168 1767 4249; x_wconf 88' lang='lat' dir='ltr'><strong>ingeniis</strong></span> 
     </span>
     <span class='ocr_line' id='line_1_19' title="bbox 439 4262 1768 4346; baseline -0.002 -20"><span class='ocrx_word' id='word_1_148' title='bbox 439 4266 556 4331; x_wconf 86' lang='lat' dir='ltr'><strong>nostris</strong></span> <span class='ocrx_word' id='word_1_149' title='bbox 578 4264 699 4326; x_wconf 91' lang='lat' dir='ltr'><strong>semina</strong></span> <span class='ocrx_word' id='word_1_150' title='bbox 721 4263 829 4325; x_wconf 92' lang='lat' dir='ltr'><strong>innata</strong></span> <span class='ocrx_word' id='word_1_151' title='bbox 850 4266 1015 4338; x_wconf 80' lang='lat' dir='ltr'><strong>virtutum,</strong></span> <span class='ocrx_word' id='word_1_152' title='bbox 1045 4284 1127 4346; x_wconf 88' lang='lat' dir='ltr'><strong>quae</strong></span> <span class='ocrx_word' id='word_1_153' title='bbox 1149 4264 1176 4325; x_wconf 89' lang='lat' dir='ltr'><strong>si</strong></span> <span class='ocrx_word' id='word_1_154' title='bbox 1198 4263 1379 4326; x_wconf 87' lang='lat' dir='ltr'><strong>adolescere</strong></span> <span class='ocrx_word' id='word_1_155' title='bbox 1402 4263 1528 4337; x_wconf 87' lang='lat' dir='ltr'><strong>liceret,</strong></span> <span class='ocrx_word' id='word_1_156' title='bbox 1558 4263 1625 4345; x_wconf 90' lang='lat' dir='ltr'><strong>ipsa</strong></span> <span class='ocrx_word' id='word_1_157' title='bbox 1648 4282 1706 4325; x_wconf 92' lang='lat' dir='ltr'><strong>nos</strong></span> <span class='ocrx_word' id='word_1_158' title='bbox 1728 4262 1768 4325; x_wconf 88' lang='lat' dir='ltr'><strong>ad</strong></span> 
     </span>
     <span class='ocr_line' id='line_1_20' title="bbox 401 4346 1768 4442; baseline -0.003 -20"><span class='ocrx_word' id='word_1_159' title='bbox 401 4358 562 4426; x_wconf 82' lang='lat' dir='ltr'><strong>sabeatam</strong></span> <span class='ocrx_word' id='word_1_160' title='bbox 586 4359 682 4421; x_wconf 88' lang='lat' dir='ltr'><strong>vitam</strong></span> <span class='ocrx_word' id='word_1_161' title='bbox 699 4366 811 4419; x_wconf 87' lang='lat' dir='ltr'><strong>natura</strong></span> <span class='ocrx_word' id='word_1_162' title='bbox 827 4358 1021 4442; x_wconf 75' lang='lat' dir='ltr'><strong>perduceret.</strong></span> <span class='ocrx_word' id='word_1_163' title='bbox 1054 4362 1143 4421; x_wconf 91' lang='lat' dir='ltr'><strong>Nunc</strong></span> <span class='ocrx_word' id='word_1_164' title='bbox 1159 4367 1280 4431; x_wconf 88' lang='lat' dir='ltr'><strong>autem,</strong></span> <span class='ocrx_word' id='word_1_165' title='bbox 1303 4358 1397 4420; x_wconf 91' lang='lat' dir='ltr'><strong>simul</strong></span> <span class='ocrx_word' id='word_1_166' title='bbox 1413 4346 1508 4440; x_wconf 83' lang='lat' dir='ltr'><strong>atque</strong></span> <span class='ocrx_word' id='word_1_167' title='bbox 1524 4356 1599 4420; x_wconf 89' lang='lat' dir='ltr'><strong>editi</strong></span> <span class='ocrx_word' id='word_1_168' title='bbox 1617 4356 1649 4418; x_wconf 92' lang='lat' dir='ltr'><strong>in</strong></span> <span class='ocrx_word' id='word_1_169' title='bbox 1665 4356 1768 4418; x_wconf 88' lang='lat' dir='ltr'><strong>lucem</strong></span> 
     </span>
     <span class='ocr_line' id='line_1_21' title="bbox 439 4450 1767 4538; baseline -0.003 -23"><span class='ocrx_word' id='word_1_170' title='bbox 439 4451 630 4538; x_wconf 71' lang='lat' dir='ltr'><strong>et‘suscepti</strong></span> <span class='ocrx_word' id='word_1_171' title='bbox 654 4470 775 4525; x_wconf 90' lang='lat' dir='ltr'><strong>sumus,</strong></span> <span class='ocrx_word' id='word_1_172' title='bbox 806 4450 839 4512; x_wconf 91' lang='lat' dir='ltr'><strong>iu</strong></span> <span class='ocrx_word' id='word_1_173' title='bbox 869 4453 955 4514; x_wconf 94' lang='lat' dir='ltr'><strong>omni</strong></span> <span class='ocrx_word' id='word_1_174' title='bbox 979 4453 1129 4515; x_wconf 91' lang='lat' dir='ltr'><strong>continuo</strong></span> <span class='ocrx_word' id='word_1_175' title='bbox 1153 4453 1306 4535; x_wconf 84' lang='lat' dir='ltr'><strong>pravitate</strong></span> <span class='ocrx_word' id='word_1_176' title='bbox 1330 4460 1360 4513; x_wconf 92' lang='lat' dir='ltr'><strong>et</strong></span> <span class='ocrx_word' id='word_1_177' title='bbox 1383 4453 1416 4514; x_wconf 90' lang='lat' dir='ltr'><strong>in</strong></span> <span class='ocrx_word' id='word_1_178' title='bbox 1439 4470 1560 4515; x_wconf 91' lang='lat' dir='ltr'><strong>summa</strong></span> <span class='ocrx_word' id='word_1_179' title='bbox 1582 4450 1767 4532; x_wconf 90' lang='lat' dir='ltr'><strong>opinionum</strong></span> 
     </span>
     <span class='ocr_line' id='line_1_22' title="bbox 439 4544 1769 4628; baseline -0.002 -20"><span class='ocrx_word' id='word_1_180' title='bbox 439 4547 645 4628; x_wconf 87' lang='lat' dir='ltr'><strong>perversitate</strong></span> <span class='ocrx_word' id='word_1_181' title='bbox 674 4565 847 4620; x_wconf 85' lang='lat' dir='ltr'><strong>versamur,</strong></span> <span class='ocrx_word' id='word_1_182' title='bbox 877 4554 912 4608; x_wconf 89' lang='lat' dir='ltr'><strong>ut</strong></span> <span class='ocrx_word' id='word_1_183' title='bbox 938 4566 1040 4628; x_wconf 88' lang='lat' dir='ltr'><strong>paene</strong></span> <span class='ocrx_word' id='word_1_184' title='bbox 1064 4567 1134 4609; x_wconf 93' lang='lat' dir='ltr'><strong>cum</strong></span> <span class='ocrx_word' id='word_1_185' title='bbox 1159 4547 1238 4608; x_wconf 85' lang='lat' dir='ltr'><strong>lacte</strong></span> <span class='ocrx_word' id='word_1_186' title='bbox 1261 4546 1391 4608; x_wconf 89' lang='lat' dir='ltr'><strong>nutricis</strong></span> <span class='ocrx_word' id='word_1_187' title='bbox 1415 4565 1553 4608; x_wconf 92' lang='lat' dir='ltr'><strong>errorem</strong></span> <span class='ocrx_word' id='word_1_188' title='bbox 1576 4545 1699 4606; x_wconf 80' lang='lat' dir='ltr'><strong>suxisse</strong></span> <span class='ocrx_word' id='word_1_189' title='bbox 1723 4544 1769 4605; x_wconf 86' lang='lat' dir='ltr'><strong>vi·</strong></span> 
     </span>
     <span class='ocr_line' id='line_1_23' title="bbox 439 4639 1769 4722; baseline -0.001 -21"><span class='ocrx_word' id='word_1_190' title='bbox 439 4639 577 4703; x_wconf 85' lang='lat' dir='ltr'><strong>deamur.</strong></span> <span class='ocrx_word' id='word_1_191' title='bbox 616 4640 694 4701; x_wconf 87' lang='lat' dir='ltr'><strong>Cum</strong></span> <span class='ocrx_word' id='word_1_192' title='bbox 717 4659 791 4700; x_wconf 93' lang='lat' dir='ltr'><strong>vero</strong></span> <span class='ocrx_word' id='word_1_193' title='bbox 814 4642 997 4722; x_wconf 88' lang='lat' dir='ltr'><strong>parentibus</strong></span> <span class='ocrx_word' id='word_1_194' title='bbox 1019 4640 1150 4715; x_wconf 88' lang='lat' dir='ltr'><strong>redditi,</strong></span> <span class='ocrx_word' id='word_1_195' title='bbox 1173 4639 1247 4700; x_wconf 88' lang='lat' dir='ltr'><strong>dein</strong></span> <span class='ocrx_word' id='word_1_196' title='bbox 1265 4640 1422 4720; x_wconf 78' lang='lat' dir='ltr'><strong>magistris</strong></span> <span class='ocrx_word' id='word_1_197' title='bbox 1438 4639 1543 4702; x_wconf 88' lang='lat' dir='ltr'><strong>traditi</strong></span> <span class='ocrx_word' id='word_1_198' title='bbox 1559 4659 1680 4713; x_wconf 85' lang='lat' dir='ltr'><strong>sumus,</strong></span> <span class='ocrx_word' id='word_1_199' title='bbox 1701 4646 1769 4700; x_wconf 91' lang='lat' dir='ltr'><strong>tum</strong></span> 
     </span>
     <span class='ocr_line' id='line_1_24' title="bbox 439 4730 1768 4815; baseline 0.001 -22"><span class='ocrx_word' id='word_1_200' title='bbox 439 4733 483 4795; x_wconf 90' lang='lat' dir='ltr'><strong>ita</strong></span> <span class='ocrx_word' id='word_1_201' title='bbox 506 4732 599 4794; x_wconf 90' lang='lat' dir='ltr'><strong>variis</strong></span> <span class='ocrx_word' id='word_1_202' title='bbox 622 4731 781 4794; x_wconf 90' lang='lat' dir='ltr'><strong>inbuimur</strong></span> <span class='ocrx_word' id='word_1_203' title='bbox 803 4734 977 4808; x_wconf 88' lang='lat' dir='ltr'><strong>erroribus,</strong></span> <span class='ocrx_word' id='word_1_204' title='bbox 1001 4743 1035 4797; x_wconf 89' lang='lat' dir='ltr'><strong>ut</strong></span> <span class='ocrx_word' id='word_1_205' title='bbox 1057 4734 1186 4799; x_wconf 85' lang='lat' dir='ltr'><strong>vanitati</strong></span> <span class='ocrx_word' id='word_1_206' title='bbox 1210 4734 1324 4795; x_wconf 85' lang='lat' dir='ltr'><strong>veritas</strong></span> <span class='ocrx_word' id='word_1_207' title='bbox 1347 4743 1378 4795; x_wconf 91' lang='lat' dir='ltr'><strong>et</strong></span> <span class='ocrx_word' id='word_1_208' title='bbox 1401 4733 1543 4815; x_wconf 94' lang='lat' dir='ltr'><strong>opinioni</strong></span> <span class='ocrx_word' id='word_1_209' title='bbox 1567 4730 1768 4795; x_wconf 86' lang='lat' dir='ltr'><strong>confirmatas</strong></span> 
     </span>
     <span class='ocr_line' id='line_1_25' title="bbox 400 4824 1769 4910; baseline -0.004 -19"><span class='ocrx_word' id='word_1_210' title='bbox 400 4833 551 4891; x_wconf 81' lang='lat' dir='ltr'><strong>sanatura</strong></span> <span class='ocrx_word' id='word_1_211' title='bbox 573 4827 641 4908; x_wconf 89' lang='lat' dir='ltr'><strong>ipsa</strong></span> <span class='ocrx_word' id='word_1_212' title='bbox 664 4827 764 4888; x_wconf 88' lang='lat' dir='ltr'><strong>cedat.</strong></span> <span class='ocrx_word' id='word_1_213' title='bbox 808 4827 846 4887; x_wconf 94' lang='lat' dir='ltr'><strong>ll.</strong></span> <span class='ocrx_word' id='word_1_214' title='bbox 869 4824 899 4887; x_wconf 88' lang='lat'><strong>3.</strong></span> <span class='ocrx_word' id='word_1_215' title='bbox 922 4829 1086 4891; x_wconf 77' lang='lat' dir='ltr'><strong>Accedunt</strong></span> <span class='ocrx_word' id='word_1_216' title='bbox 1109 4830 1203 4891; x_wconf 89' lang='lat' dir='ltr'><strong>etiam</strong></span> <span class='ocrx_word' id='word_1_217' title='bbox 1227 4835 1354 4910; x_wconf 68' lang='lat' dir='ltr'><strong>poetae,</strong></span> <span class='ocrx_word' id='word_1_218' title='bbox 1377 4829 1518 4909; x_wconf 91' lang='lat' dir='ltr'><strong>quicum</strong></span> <span class='ocrx_word' id='word_1_219' title='bbox 1538 4844 1682 4907; x_wconf 92' lang='lat' dir='ltr'><strong>magnam</strong></span> <span class='ocrx_word' id='word_1_220' title='bbox 1697 4843 1769 4906; x_wconf 86' lang='lat' dir='ltr'><strong>spo·</strong></span> 
     </span>
     <span class='ocr_line' id='line_1_26' title="bbox 439 4917 1770 5003; baseline 0 -24"><span class='ocrx_word' id='word_1_221' title='bbox 439 4918 519 4980; x_wconf 94' lang='lat' dir='ltr'><strong>ciem</strong></span> <span class='ocrx_word' id='word_1_222' title='bbox 543 4917 704 4981; x_wconf 89' lang='lat' dir='ltr'><strong>doctrinae</strong></span> <span class='ocrx_word' id='word_1_223' title='bbox 727 4920 967 5003; x_wconf 87' lang='lat' dir='ltr'><strong>sapientiaeque</strong></span> <span class='ocrx_word' id='word_1_224' title='bbox 990 4942 1066 5003; x_wconf 89' lang='lat' dir='ltr'><strong>prae</strong></span> <span class='ocrx_word' id='word_1_225' title='bbox 1089 4942 1122 4985; x_wconf 88' lang='lat' dir='ltr'><strong>se</strong></span> <span class='ocrx_word' id='word_1_226' title='bbox 1145 4922 1296 4996; x_wconf 89' lang='lat' dir='ltr'><strong>tulerunt,</strong></span> <span class='ocrx_word' id='word_1_227' title='bbox 1318 4920 1499 4993; x_wconf 91' lang='lat' dir='ltr'><strong>audiuntur,</strong></span> <span class='ocrx_word' id='word_1_228' title='bbox 1522 4919 1679 5000; x_wconf 90' lang='lat' dir='ltr'><strong>leguntur,</strong></span> <span class='ocrx_word' id='word_1_229' title='bbox 1702 4918 1770 4979; x_wconf 91' lang='lat' dir='ltr'><strong>edi·</strong></span> 
     </span>
     <span class='ocr_line' id='line_1_27' title="bbox 439 5010 1768 5097; baseline 0 -26"><span class='ocrx_word' id='word_1_230' title='bbox 439 5019 570 5072; x_wconf 89' lang='lat' dir='ltr'><strong>scuntur</strong></span> <span class='ocrx_word' id='word_1_231' title='bbox 602 5020 633 5074; x_wconf 85' lang='lat' dir='ltr'><strong>et</strong></span> <span class='ocrx_word' id='word_1_232' title='bbox 661 5012 886 5076; x_wconf 89' lang='lat' dir='ltr'><strong>inhaerescunt</strong></span> <span class='ocrx_word' id='word_1_233' title='bbox 911 5016 1038 5097; x_wconf 87' lang='lat' dir='ltr'><strong>penitus</strong></span> <span class='ocrx_word' id='word_1_234' title='bbox 1060 5016 1093 5077; x_wconf 93' lang='lat' dir='ltr'><strong>in</strong></span> <span class='ocrx_word' id='word_1_235' title='bbox 1117 5017 1291 5079; x_wconf 86' lang='lat' dir='ltr'><strong>mentibus:</strong></span> <span class='ocrx_word' id='word_1_236' title='bbox 1328 5036 1398 5078; x_wconf 91' lang='lat' dir='ltr'><strong>cum</strong></span> <span class='ocrx_word' id='word_1_237' title='bbox 1421 5033 1495 5076; x_wconf 89' lang='lat' dir='ltr'><strong>vero</strong></span> <span class='ocrx_word' id='word_1_238' title='bbox 1519 5012 1646 5086; x_wconf 90' lang='lat' dir='ltr'><strong>eodem,</strong></span> <span class='ocrx_word' id='word_1_239' title='bbox 1676 5010 1768 5094; x_wconf 88' lang='lat' dir='ltr'><strong>quasi</strong></span> 
     </span>
    </p>
   </div>
   <div class='ocr_carea' id='block_1_8' title="bbox 434 5286 1768 5945">
    <p class='ocr_par' dir='ltr' id='par_1_9' title="bbox 434 5286 1768 5945">
     <span class='ocr_line' id='line_1_28' title="bbox 500 5286 1768 5338; baseline 0 -8"><span class='ocrx_word' id='word_1_240' title='bbox 500 5293 529 5330; x_wconf 77' lang='grc' dir='ltr'><strong>ι.</strong></span> <span class='ocrx_word' id='word_1_241' title='bbox 548 5292 630 5330; x_wconf 77' lang='lat' dir='ltr'><strong>runnu</strong></span> <span class='ocrx_word' id='word_1_242' title='bbox 646 5293 776 5332; x_wconf 79' lang='lat' dir='ltr'><strong>crcsrours</strong></span> <span class='ocrx_word' id='word_1_243' title='bbox 793 5294 984 5333; x_wconf 73' lang='lat' dir='ltr'><strong>succurramus</strong></span> <span class='ocrx_word' id='word_1_244' title='bbox 1001 5297 1073 5334; x_wconf 82' lang='lat' dir='ltr'><strong>orosa</strong></span> <span class='ocrx_word' id='word_1_245' title='bbox 1092 5296 1194 5334; x_wconf 84' lang='lat' dir='ltr'><strong>rsnrrus</strong></span> <span class='ocrx_word' id='word_1_246' title='bbox 1211 5297 1306 5334; x_wconf 79' lang='lat' dir='ltr'><strong>rucrrrr</strong></span> <span class='ocrx_word' id='word_1_247' title='bbox 1323 5286 1356 5338; x_wconf 82' lang='lat' dir='ltr'><strong>G;</strong></span> <span class='ocrx_word' id='word_1_248' title='bbox 1374 5296 1402 5332; x_wconf 85' lang='lat' dir='ltr'><strong>rr.</strong></span> <span class='ocrx_word' id='word_1_249' title='bbox 1423 5295 1505 5332; x_wconf 81' lang='lat' dir='ltr'><strong>rocrrr</strong></span> <span class='ocrx_word' id='word_1_250' title='bbox 1521 5292 1768 5331; x_wconf 60' lang='lat' dir='ltr'><strong>cormariacum</strong></span> 
     </span>
     <span class='ocr_line' id='line_1_29' title="bbox 437 5355 1767 5422; baseline -0.001 -17"><span class='ocrx_word' id='word_1_251' title='bbox 437 5356 471 5411; x_wconf 84' lang='grc' dir='ltr'><strong>Β;</strong></span> <span class='ocrx_word' id='word_1_252' title='bbox 495 5356 588 5419; x_wconf 81' lang='lat' dir='ltr'><strong>lnoipit</strong></span> <span class='ocrx_word' id='word_1_253' title='bbox 608 5357 628 5406; x_wconf 78' lang='lat' dir='ltr'><strong>tt</strong></span> <span class='ocrx_word' id='word_1_254' title='bbox 649 5369 664 5405; x_wconf 91' lang='lat' dir='ltr'><strong>a</strong></span> <span class='ocrx_word' id='word_1_255' title='bbox 687 5356 775 5406; x_wconf 83' lang='lat' dir='ltr'><strong>verbis</strong></span> <span class='ocrx_word' id='word_1_256' title='bbox 792 5370 885 5406; x_wconf 84' lang='lat' dir='ltr'><strong>cousoo</strong></span> <span class='ocrx_word' id='word_1_257' title='bbox 902 5364 1001 5419; x_wconf 85' lang='lat' dir='ltr'><strong>putem,</strong></span> <span class='ocrx_word' id='word_1_258' title='bbox 1026 5360 1111 5422; x_wconf 83' lang='lat' dir='ltr'><strong>spatio</strong></span> <span class='ocrx_word' id='word_1_259' title='bbox 1129 5361 1208 5408; x_wconf 84' lang='lat' dir='ltr'><strong>trium</strong></span> <span class='ocrx_word' id='word_1_260' title='bbox 1226 5371 1352 5407; x_wconf 84' lang='lat' dir='ltr'><strong>versuum</strong></span> <span class='ocrx_word' id='word_1_261' title='bbox 1370 5357 1404 5405; x_wconf 89' lang='lat' dir='ltr'><strong>ad</strong></span> <span class='ocrx_word' id='word_1_262' title='bbox 1423 5355 1526 5405; x_wconf 86' lang='lat' dir='ltr'><strong>titulum</strong></span> <span class='ocrx_word' id='word_1_263' title='bbox 1544 5355 1602 5405; x_wconf 90' lang='lat' dir='ltr'><strong>libri</strong></span> <span class='ocrx_word' id='word_1_264' title='bbox 1621 5359 1646 5405; x_wconf 89' lang='lat' dir='ltr'><strong>et</strong></span> <span class='ocrx_word' id='word_1_265' title='bbox 1664 5356 1767 5405; x_wconf 84' lang='lat' dir='ltr'><strong>initium</strong></span> 
     </span>
     <span class='ocr_line' id='line_1_30' title="bbox 437 5429 1765 5494; baseline -0.001 -15"><span class='ocrx_word' id='word_1_266' title='bbox 437 5429 539 5481; x_wconf 86' lang='lat' dir='ltr'><strong>relicto.</strong></span> <span class='ocrx_word' id='word_1_267' title='bbox 553 5456 579 5465; x_wconf 95' lang='lat'><em>-</em></span> <span class='ocrx_word' id='word_1_268' title='bbox 600 5433 624 5479; x_wconf 73' lang='lat' dir='ltr'><strong>t.</strong></span> <span class='ocrx_word' id='word_1_269' title='bbox 643 5436 719 5492; x_wconf 81' lang='lat' dir='ltr'><strong>atquc</strong></span> <span class='ocrx_word' id='word_1_270' title='bbox 735 5432 787 5479; x_wconf 80' lang='lat' dir='ltr'><strong>ctus</strong></span> <span class='ocrx_word' id='word_1_271' title='bbox 803 5432 947 5482; x_wconf 81' lang='lat' dir='ltr'><strong>ltunutius:</strong></span> <span class='ocrx_word' id='word_1_272' title='bbox 967 5435 1018 5482; x_wconf 81' lang='lat' dir='ltr'><strong>ctos</strong></span> <span class='ocrx_word' id='word_1_273' title='bbox 1035 5437 1111 5494; x_wconf 77' lang='lat' dir='ltr'><strong>arque</strong></span> <span class='ocrx_word' id='word_1_274' title='bbox 1128 5433 1162 5490; x_wconf 89' lang='lat' dir='ltr'><strong>C;</strong></span> <span class='ocrx_word' id='word_1_275' title='bbox 1182 5434 1282 5493; x_wconf 74' lang='lat' dir='ltr'><strong>eiusque</strong></span> <span class='ocrx_word' id='word_1_276' title='bbox 1299 5434 1319 5481; x_wconf 94' lang='lat'>0</span> <span class='ocrx_word' id='word_1_277' title='bbox 1334 5460 1359 5467; x_wconf 98' lang='lat'>-</span> <span class='ocrx_word' id='word_1_278' title='bbox 1379 5431 1403 5481; x_wconf 80' lang='grc'><strong>3.</strong></span> <span class='ocrx_word' id='word_1_279' title='bbox 1423 5432 1539 5479; x_wconf 80' lang='lat' dir='ltr'><strong>decorum</strong></span> <span class='ocrx_word' id='word_1_280' title='bbox 1556 5430 1640 5479; x_wconf 84' lang='lat' dir='ltr'><strong>littera</strong></span> <span class='ocrx_word' id='word_1_281' title='bbox 1658 5443 1672 5478; x_wconf 87' lang='lat' dir='ltr'><strong>c</strong></span> <span class='ocrx_word' id='word_1_282' title='bbox 1689 5442 1765 5480; x_wconf 82' lang='lat' dir='ltr'><strong>erasa</strong></span> 
     </span>
     <span class='ocr_line' id='line_1_31' title="bbox 438 5504 1763 5569; baseline 0.002 -16"><span class='ocrx_word' id='word_1_283' title='bbox 438 5506 456 5553; x_wconf 83' lang='lat' dir='ltr'><strong>ll</strong></span> <span class='ocrx_word' id='word_1_284' title='bbox 477 5533 504 5541; x_wconf 98' lang='lat'>-</span> <span class='ocrx_word' id='word_1_285' title='bbox 523 5504 547 5555; x_wconf 81' lang='lat' dir='ltr'><strong>l.</strong></span> <span class='ocrx_word' id='word_1_286' title='bbox 566 5506 680 5555; x_wconf 73' lang='lat' dir='ltr'><strong>desidero</strong></span> <span class='ocrx_word' id='word_1_287' title='bbox 696 5507 744 5555; x_wconf 81' lang='lat' dir='ltr'><strong>Gli</strong></span> <span class='ocrx_word' id='word_1_288' title='bbox 763 5530 795 5540; x_wconf 92' lang='lat'><em>-</em></span> <span class='ocrx_word' id='word_1_289' title='bbox 817 5508 841 5555; x_wconf 78' lang='grc' dir='ltr'><strong>ὅ.</strong></span> <span class='ocrx_word' id='word_1_290' title='bbox 860 5520 904 5556; x_wconf 82' lang='lat' dir='ltr'><strong>nec</strong></span> <span class='ocrx_word' id='word_1_291' title='bbox 922 5509 973 5555; x_wconf 81' lang='lat' dir='ltr'><strong>ium</strong></span> <span class='ocrx_word' id='word_1_292' title='bbox 990 5507 1074 5555; x_wconf 79' lang='lat' dir='ltr'><strong>multis</strong></span> <span class='ocrx_word' id='word_1_293' title='bbox 1091 5506 1159 5555; x_wconf 80' lang='lat' dir='ltr'><strong>Bake</strong></span> <span class='ocrx_word' id='word_1_294' title='bbox 1183 5505 1199 5555; x_wconf 95' lang='lat' dir='ltr'><strong>l.</strong></span> <span class='ocrx_word' id='word_1_295' title='bbox 1219 5505 1235 5555; x_wconf 94' lang='lat' dir='ltr'><strong>l.</strong></span> <span class='ocrx_word' id='word_1_296' title='bbox 1257 5519 1281 5569; x_wconf 91' lang='lat' dir='ltr'><strong>p.</strong></span> <span class='ocrx_word' id='word_1_297' title='bbox 1301 5506 1340 5555; x_wconf 77' lang='lat'><strong>87.</strong></span> <span class='ocrx_word' id='word_1_298' title='bbox 1363 5533 1390 5541; x_wconf 98' lang='lat'>-</span> <span class='ocrx_word' id='word_1_299' title='bbox 1410 5506 1449 5553; x_wconf 79' lang='lat'><strong>⁴0.</strong></span> <span class='ocrx_word' id='word_1_300' title='bbox 1468 5506 1535 5553; x_wconf 81' lang='lat' dir='ltr'><strong>baud</strong></span> <span class='ocrx_word' id='word_1_301' title='bbox 1552 5505 1585 5554; x_wconf 87' lang='lat' dir='ltr'><strong>B:</strong></span> <span class='ocrx_word' id='word_1_302' title='bbox 1605 5509 1650 5553; x_wconf 82' lang='lat' dir='ltr'><strong>out</strong></span> <span class='ocrx_word' id='word_1_303' title='bbox 1668 5506 1717 5555; x_wconf 81' lang='lat' dir='ltr'><strong>Gli</strong></span> <span class='ocrx_word' id='word_1_304' title='bbox 1737 5530 1763 5540; x_wconf 89' lang='lat'>-</span> 
     </span>
     <span class='ocr_line' id='line_1_32' title="bbox 437 5578 1767 5644; baseline 0.002 -18"><span class='ocrx_word' id='word_1_305' title='bbox 437 5580 476 5627; x_wconf 85' lang='lat' dir='ltr'><strong>tt.</strong></span> <span class='ocrx_word' id='word_1_306' title='bbox 495 5580 593 5630; x_wconf 81' lang='lat' dir='ltr'><strong>rationo</strong></span> <span class='ocrx_word' id='word_1_307' title='bbox 609 5594 640 5630; x_wconf 87' lang='lat' dir='ltr'><strong>oc</strong></span> <span class='ocrx_word' id='word_1_308' title='bbox 657 5581 771 5629; x_wconf 83' lang='lat' dir='ltr'><strong>doctrino</strong></span> <span class='ocrx_word' id='word_1_309' title='bbox 789 5581 808 5631; x_wconf 90' lang='lat' dir='ltr'>C</span> <span class='ocrx_word' id='word_1_310' title='bbox 822 5605 849 5616; x_wconf 96' lang='lat'><em>-</em></span> <span class='ocrx_word' id='word_1_311' title='bbox 870 5584 910 5631; x_wconf 69' lang='lat' dir='ltr'><strong>ti.</strong></span> <span class='ocrx_word' id='word_1_312' title='bbox 930 5583 1062 5644; x_wconf 72' lang='lat' dir='ltr'><strong>depr-onan·</strong></span> <span class='ocrx_word' id='word_1_313' title='bbox 1081 5583 1114 5630; x_wconf 81' lang='lat'><strong>13:</strong></span> <span class='ocrx_word' id='word_1_314' title='bbox 1135 5582 1279 5643; x_wconf 80' lang='lat' dir='ltr'><strong>deprouotis</strong></span> <span class='ocrx_word' id='word_1_315' title='bbox 1296 5581 1413 5629; x_wconf 81' lang='lat' dir='ltr'>GRO-</span> <span class='ocrx_word' id='word_1_316' title='bbox 1436 5578 1474 5629; x_wconf 84' lang='lat' dir='ltr'><strong>tl.</strong></span> <span class='ocrx_word' id='word_1_317' title='bbox 1494 5580 1613 5628; x_wconf 80' lang='lat' dir='ltr'><strong>scmitoG</strong></span> <span class='ocrx_word' id='word_1_318' title='bbox 1628 5606 1653 5615; x_wconf 91' lang='lat'>-</span> <span class='ocrx_word' id='word_1_319' title='bbox 1674 5580 1767 5630; x_wconf 79' lang='lat' dir='ltr'><strong>licetret</strong></span> 
     </span>
     <span class='ocr_line' id='line_1_33' title="bbox 437 5653 1766 5719; baseline 0.002 -18"><span class='ocrx_word' id='word_1_320' title='bbox 437 5653 524 5716; x_wconf 87' lang='lat' dir='ltr'><strong>priore</strong></span> <span class='ocrx_word' id='word_1_321' title='bbox 543 5660 552 5703; x_wconf 87' lang='lat' dir='ltr'><strong>t</strong></span> <span class='ocrx_word' id='word_1_322' title='bbox 569 5660 700 5719; x_wconf 82' lang='lat' dir='ltr'><strong>expuncta</strong></span> <span class='ocrx_word' id='word_1_323' title='bbox 719 5656 754 5713; x_wconf 89' lang='lat' dir='ltr'><strong>G,</strong></span> <span class='ocrx_word' id='word_1_324' title='bbox 773 5655 827 5705; x_wconf 78' lang='lat' dir='ltr'><strong>licet</strong></span> <span class='ocrx_word' id='word_1_325' title='bbox 845 5670 915 5705; x_wconf 86' lang='lat' dir='ltr'><strong>corr.</strong></span> <span class='ocrx_word' id='word_1_326' title='bbox 934 5658 993 5707; x_wconf 88' lang='lat' dir='ltr'><strong>ead.</strong></span> <span class='ocrx_word' id='word_1_327' title='bbox 1013 5671 1048 5707; x_wconf 88' lang='lat' dir='ltr'><strong>m.</strong></span> <span class='ocrx_word' id='word_1_328' title='bbox 1068 5659 1094 5706; x_wconf 94' lang='lat' dir='ltr'><strong>in</strong></span> <span class='ocrx_word' id='word_1_329' title='bbox 1112 5658 1196 5707; x_wconf 81' lang='lat' dir='ltr'><strong>liceret</strong></span> <span class='ocrx_word' id='word_1_330' title='bbox 1213 5658 1232 5707; x_wconf 85' lang='lat' dir='ltr'><strong>lt</strong></span> <span class='ocrx_word' id='word_1_331' title='bbox 1253 5683 1278 5692; x_wconf 94' lang='lat'>-</span> <span class='ocrx_word' id='word_1_332' title='bbox 1300 5656 1338 5705; x_wconf 88' lang='lat' dir='ltr'><strong>t8.</strong></span> <span class='ocrx_word' id='word_1_333' title='bbox 1358 5655 1503 5704; x_wconf 81' lang='lat' dir='ltr'><strong>redditidem</strong></span> <span class='ocrx_word' id='word_1_334' title='bbox 1521 5654 1600 5718; x_wconf 85' lang='lat' dir='ltr'><strong>(quod</strong></span> <span class='ocrx_word' id='word_1_335' title='bbox 1619 5654 1699 5703; x_wconf 84' lang='lat' dir='ltr'><strong>etiam</strong></span> <span class='ocrx_word' id='word_1_336' title='bbox 1716 5653 1766 5716; x_wconf 82' lang='lat' dir='ltr'><strong>legi</strong></span> 
     </span>
     <span class='ocr_line' id='line_1_34' title="bbox 436 5729 1766 5794; baseline 0.002 -18"><span class='ocrx_word' id='word_1_337' title='bbox 436 5730 524 5790; x_wconf 83' lang='lat' dir='ltr'><strong>potest</strong></span> <span class='ocrx_word' id='word_1_338' title='bbox 539 5731 629 5781; x_wconf 78' lang='lat' dir='ltr'><strong>redditi</strong></span> <span class='ocrx_word' id='word_1_339' title='bbox 646 5732 708 5794; x_wconf 68' lang='lat' dir='ltr'><strong>min)</strong></span> <span class='ocrx_word' id='word_1_340' title='bbox 728 5730 761 5785; x_wconf 84' lang='lat' dir='ltr'><strong>G;</strong></span> <span class='ocrx_word' id='word_1_341' title='bbox 785 5731 941 5780; x_wconf 72' lang='lat' dir='ltr'><strong>redditidcm</strong></span> <span class='ocrx_word' id='word_1_342' title='bbox 959 5732 1016 5794; x_wconf 85' lang='lat' dir='ltr'><strong>(sed</strong></span> <span class='ocrx_word' id='word_1_343' title='bbox 1034 5730 1127 5781; x_wconf 86' lang='lat' dir='ltr'><strong>litteris</strong></span> <span class='ocrx_word' id='word_1_344' title='bbox 1144 5733 1179 5781; x_wconf 80' lang='lat' dir='ltr'><strong>ti</strong></span> <span class='ocrx_word' id='word_1_345' title='bbox 1196 5732 1270 5794; x_wconf 89' lang='lat' dir='ltr'><strong>signo</strong></span> <span class='ocrx_word' id='word_1_346' title='bbox 1289 5729 1353 5778; x_wconf 86' lang='lat' dir='ltr'><strong>intro</strong></span> <span class='ocrx_word' id='word_1_347' title='bbox 1371 5743 1478 5780; x_wconf 85' lang='lat' dir='ltr'><strong>versum</strong></span> <span class='ocrx_word' id='word_1_348' title='bbox 1496 5729 1598 5791; x_wconf 87' lang='lat' dir='ltr'><strong>iunctis)</strong></span> <span class='ocrx_word' id='word_1_349' title='bbox 1618 5731 1652 5787; x_wconf 85' lang='lat' dir='ltr'><strong>lt;</strong></span> <span class='ocrx_word' id='word_1_350' title='bbox 1675 5729 1766 5778; x_wconf 73' lang='lat' dir='ltr'><strong>redditi</strong></span> 
     </span>
     <span class='ocr_line' id='line_1_35' title="bbox 436 5802 1762 5871; baseline 0.002 -21"><span class='ocrx_word' id='word_1_351' title='bbox 436 5802 569 5853; x_wconf 69' lang='lat' dir='ltr'><strong>mama</strong></span> <span class='ocrx_word' id='word_1_352' title='bbox 589 5830 616 5841; x_wconf 94' lang='lat'>-</span> <span class='ocrx_word' id='word_1_353' title='bbox 641 5813 694 5855; x_wconf 82' lang='lat' dir='ltr'><strong>tom</strong></span> <span class='ocrx_word' id='word_1_354' title='bbox 709 5804 863 5867; x_wconf 80' lang='lat' dir='ltr'><strong>ito-·ipso</strong></span> <span class='ocrx_word' id='word_1_355' title='bbox 879 5807 951 5855; x_wconf 82' lang='lat' dir='ltr'><strong>cedat</strong></span> <span class='ocrx_word' id='word_1_356' title='bbox 967 5808 1066 5857; x_wconf 86' lang='lat' dir='ltr'><strong>Nouius</strong></span> <span class='ocrx_word' id='word_1_357' title='bbox 1084 5821 1110 5871; x_wconf 93' lang='lat' dir='ltr'><strong>p.</strong></span> <span class='ocrx_word' id='word_1_358' title='bbox 1130 5805 1186 5857; x_wconf 80' lang='lat' dir='ltr'><strong>ltti.</strong></span> <span class='ocrx_word' id='word_1_359' title='bbox 1207 5831 1233 5841; x_wconf 93' lang='lat'>-</span> <span class='ocrx_word' id='word_1_360' title='bbox 1260 5805 1299 5854; x_wconf 83' lang='grc'><strong>49.</strong></span> <span class='ocrx_word' id='word_1_361' title='bbox 1319 5805 1403 5866; x_wconf 78' lang='lat' dir='ltr'><strong>opinio</strong></span> <span class='ocrx_word' id='word_1_362' title='bbox 1419 5803 1477 5868; x_wconf 83' lang='lat' dir='ltr'><strong>syll.</strong></span> <span class='ocrx_word' id='word_1_363' title='bbox 1497 5805 1524 5853; x_wconf 77' lang='lat' dir='ltr'><strong>ol</strong></span> <span class='ocrx_word' id='word_1_364' title='bbox 1541 5815 1676 5868; x_wconf 84' lang='lat' dir='ltr'><strong>superscr.</strong></span> <span class='ocrx_word' id='word_1_365' title='bbox 1696 5805 1717 5853; x_wconf 81' lang='lat' dir='ltr'>G</span> <span class='ocrx_word' id='word_1_366' title='bbox 1739 5827 1762 5838; x_wconf 95' lang='lat'>-</span> 
     </span>
     <span class='ocr_line' id='line_1_36' title="bbox 434 5876 1393 5945; baseline 0 -16"><span class='ocrx_word' id='word_1_367' title='bbox 434 5876 598 5939; x_wconf 56' lang='lat' dir='ltr'><strong>somonam</strong></span> <span class='ocrx_word' id='word_1_368' title='bbox 613 5881 727 5931; x_wconf 81' lang='lat' dir='ltr'><strong>Nonius:</strong></span> <span class='ocrx_word' id='word_1_369' title='bbox 746 5881 896 5944; x_wconf 64' lang='lat' dir='ltr'><strong>confirmato</strong></span> <span class='ocrx_word' id='word_1_370' title='bbox 913 5880 932 5931; x_wconf 89' lang='lat' dir='ltr'>C</span> <span class='ocrx_word' id='word_1_371' title='bbox 952 5907 978 5917; x_wconf 96' lang='lat'>—</span> <span class='ocrx_word' id='word_1_372' title='bbox 998 5883 1039 5932; x_wconf 71' lang='lat'><strong>22.</strong></span> <span class='ocrx_word' id='word_1_373' title='bbox 1057 5894 1118 5932; x_wconf 81' lang='lat' dir='ltr'><strong>ocro</strong></span> <span class='ocrx_word' id='word_1_374' title='bbox 1136 5878 1245 5945; x_wconf 80' lang='lat' dir='ltr'><strong>[accedit]</strong></span> <span class='ocrx_word' id='word_1_375' title='bbox 1263 5880 1347 5929; x_wconf 74' lang='lat' dir='ltr'><strong>codem</strong></span> <span class='ocrx_word' id='word_1_376' title='bbox 1363 5880 1393 5929; x_wconf 91' lang='lat'><strong>0.</strong></span> 
     </span>
    </p>
   </div>
   <div class='ocr_carea' id='block_1_9' title="bbox 0 0 2176 7459">
    <p class='ocr_par' dir='ltr' id='par_1_10' title="bbox 0 0 2176 7459">
     <span class='ocr_line' id='line_1_37' title="bbox 0 0 2176 7459; baseline 0 1"><span class='ocrx_word' id='word_1_377' title='bbox 0 0 2176 7459; x_wconf 95' lang='lat' dir='ltr'><strong> </strong></span> 
     </span>
    </p>
   </div>
  </div>
 </body>
</html>
