4342 7459
791 1254 859 1319 Lm.
881 1256 906 1318 l.
935 1254 1254 1341 em.111-v1..§§
1276 1254 1405 1323 d-ld.
1702 1257 1765 1325 373

430 1435 515 1491 mus,
537 1415 695 1481 curiosius
716 1416 749 1479 id
770 1416 891 1481 iaciunt
914 1438 1009 1502 quam
1031 1438 1163 1482 necesse
1186 1424 1256 1495 est;
1287 1438 1351 1481 non
1374 1419 1457 1483 enim
1479 1426 1542 1483 tam
1563 1428 1709 1485 auctores
1729 1424 1763 1486 iu

431 1508 624 1594 disputando
652 1531 748 1594 qnam
776 1511 907 1575 rationis
935 1521 1095 1576 momenta
1122 1514 1304 1595 quaerenda
1330 1520 1413 1576 sunt.
1450 1513 1535 1588 Quin
1558 1514 1653 1577 etiam
1675 1515 1765 1580 obest

429 1602 620 1686 plerumque
642 1604 696 1679 iis,
719 1606 777 1688 qui
799 1604 921 1669 discere
936 1606 1061 1681 volunt,
1083 1607 1253 1670 auctoritas
1275 1628 1403 1683 eornm,
1427 1609 1481 1691 qui
1504 1628 1539 1671 se
1554 1608 1668 1673 docere
1690 1630 1764 1692 pro·

428 1693 578 1761 litentur:
600 1697 752 1763 desinunt
773 1700 858 1764 enim
880 1700 1149 1764 suumiudicium
1163 1699 1329 1775 adbibere,
1351 1700 1385 1764 id
1400 1701 1519 1764 habent
1533 1709 1651 1777 ratum,
1675 1702 1762 1787 quod

429 1792 470 1856 ab
497 1812 554 1865 eo,
583 1812 679 1876 quem
708 1794 858 1877 probant,
891 1794 1065 1857 iudicatum
1093 1793 1211 1858 vident.
1251 1795 1317 1857 Nec
1346 1814 1423 1858 reso
1452 1797 1586 1877 probare
1608 1796 1698 1859 soleo
1721 1797 1788 1872 id,s

430 1884 519 1967 quod
546 1884 587 1949 de
614 1885 822 1970 Pythagoreis
851 1888 1046 1971 accepimus,
1080 1906 1163 1971 quos
1189 1888 1313 1963 ierunt,
1346 1888 1374 1952 si
1402 1888 1480 1972 quid
1506 1888 1710 1953 adfirmarent
1730 1890 1764 1953 in

431 1978 633 2063 disputando,
656 2001 729 2043 cum
752 2001 793 2044 ex
815 1982 861 2044 eis
884 1989 1103 2064 quaereretur,
1125 2001 1187 2065 qua
1201 2003 1235 2045 re
1258 1984 1302 2046 ita
1317 1990 1417 2057 esset,
1440 1983 1634 2065 respondere
1653 1983 1764 2048 solitos

431 2073 526 2156 «ipse
548 2073 674 2150 dixite3
703 2074 773 2157 ipse
795 2082 901 2138 autem
924 2083 992 2137 erat
1013 2075 1217 2157 Pythagoras.
1255 2076 1391 2139 Tantum
1414 2076 1524 2159 opinio
1549 2075 1765 2158 praeiudicata

429 2177 572 2252 poterat,
593 2175 630 2232 ut
650 2167 745 2231 etiam
768 2169 838 2231 sine
859 2168 983 2232 ratione
1005 2170 1126 2231 valeret
1151 2170 1332 2233 aucteritas.
1377 2165 1428 2233 ll.
1452 2169 1516 2245 Qui
1538 2179 1643 2234 autem
1664 2168 1765 2233 admi·

430 2269 542 2325 rantur
562 2282 621 2325 uos
635 2261 719 2325 hanc
734 2262 936 2344 potissimum
952 2261 1153 2344 disciplinam
1169 2271 1312 2337 secutos,
1335 2265 1386 2327 bis
1402 2273 1552 2346 quattuor
1566 2262 1764 2325 Academicis
1774 2280 1802 2328 te

430 2357 521 2420 libris
543 2358 621 2420 satis
643 2375 832 2439 responsum
849 2356 983 2420 ridetur.
1018 2358 1083 2419 Nec
1099 2376 1174 2419 vero
1190 2357 1386 2421 desertarum
1402 2357 1645 2440 relictarumque
1660 2375 1764 2419 rerum

430 2452 642 2535 patrecinium
664 2451 876 2532 suscepimus3
907 2470 971 2512 non
994 2452 1077 2514 enim
1098 2452 1415 2563 h⁰ml⁰uffilssl⁰filu
1438 2453 1613 2515 sententiae
1635 2469 1765 2533 quoque

432 2546 599 2618 occidunt,
622 2542 679 2607 sed
702 2543 804 2606 lucem
828 2545 965 2607 auctoris
987 2544 1122 2615 iortasse
1144 2526 1341 2618 desideranl3
1363 2553 1399 2608 ut
1418 2547 1498 2608 haec
1513 2545 1546 2607 in
1562 2543 1766 2627 philosophia

430 2642 512 2706 ratio
539 2647 650 2702 contra
679 2638 785 2700 omnia
813 2636 990 2700 disserendi
1020 2639 1203 2721 nullamque
1225 2658 1291 2701 rem
1314 2647 1423 2721 aperte
1445 2637 1605 2703 iudicandi
1625 2637 1766 2723 proiecte

421 2755 451 2830 ‘a
472 2735 616 2836 Socrate,
638 2733 772 2814 repetita
794 2732 834 2793 ab
856 2732 1011 2805 Arcesila,
1035 2730 1219 2796 confirmata
1235 2752 1254 2796 a
1269 2734 1557 2828 Carneademque
1572 2734 1612 2797 ad
1627 2742 1803 2797 nostramet

406 2815 712 2912 ·''iigui't'‘aet'atcm;
741 2844 837 2908 quam
866 2845 950 2888 nunc
979 2847 1078 2909 prope
1102 2826 1233 2890 modum
1283 2816 1372 2910 eblus
1395 2850 1466 2893 esse
1488 2831 1521 2892 in
1543 2829 1614 2910 ipsa
1635 2825 1767 2888 Graecia

432 2922 594 3005 intellego.
632 2919 727 2996 Quod
758 2940 822 2981 non
852 2919 1042 2982 Academiae
1070 2921 1165 2993 vitio,
1194 2920 1250 2983 sed
1309 2913 1422 2986 ritate
1446 2923 1609 3016 hominum
1631 2919 1767 2983 arbitror

432 3016 618 3098 contigisse;
649 3033 722 3076 nam
751 3013 778 3076 ei
806 3013 947 3095 singulas
974 3013 1158 3096 disciplinas
1186 3016 1351 3098 percipere
1381 2978 1531 3098 rddhhlim
1560 3022 1621 3087 est,
1644 3018 1765 3095 quanto

433 3110 535 3174 maius
562 3108 689 3172 omnis?
719 3107 806 3190 quod
833 3106 939 3169 iacere
968 3108 1008 3170 iis
1031 3127 1161 3170 necesse
1184 3114 1246 3182 est,
1275 3109 1391 3191 quibus
1413 3111 1609 3194 propositum
1631 3114 1680 3171 est
1701 3105 1767 3168 veri

432 3202 614 3287 reperiendi
643 3222 738 3265 causa
767 3210 799 3263 et
827 3210 936 3264 contra
965 3202 1068 3263 omnis
1095 3201 1306 3284 philosophos
1335 3207 1367 3264 ei
1393 3223 1450 3285 pro
1480 3204 1628 3266 omnibus
1650 3200 1805 3266 dicere-at

436 3294 488 3361 ti.
511 3297 607 3360 Cuius
630 3295 678 3358 rci
700 3303 806 3357 tantae
830 3302 958 3376 tamque
973 3292 1110 3358 difficilis
1132 3294 1313 3358 facultatem
1329 3304 1535 3361 consecutum
1550 3316 1621 3360 esse
1638 3314 1689 3357 me
1702 3312 1766 3355 uon

432 3392 602 3478 profiteor,
633 3396 775 3452 secutum
804 3408 874 3450 esse
903 3408 977 3469 prae
1004 3408 1053 3451 me
1076 3387 1156 3451 fero.
1192 3390 1257 3451 Nec
1279 3397 1383 3453 nmen
1406 3390 1477 3453 fieri
1499 3395 1677 3472 potestat,
1710 3384 1768 3468 qui

433 3486 493 3550 bac
522 3484 645 3548 ratione
674 3482 954 3565 philosophentur,
984 3482 1006 3544 ii
1037 3481 1115 3546 nihil
1145 3482 1280 3546 habeant
1308 3483 1394 3566 quod
1416 3493 1601 3569 sequantur.
1641 3482 1767 3544 Dictum

435 3588 484 3644 est
512 3576 643 3642 omnino
671 3575 711 3637 de
741 3573 798 3639 bac
825 3595 859 3638 re
885 3575 948 3637 alio
978 3575 1050 3638 loco
1073 3576 1271 3658 diligentius,
1298 3577 1370 3653 sed,
1399 3579 1476 3660 quia
1498 3578 1592 3640 nimis
1613 3573 1769 3639 indociles

437 3673 567 3759 quidam
590 3670 737 3752 tardique
760 3677 850 3741 sunt,
872 3668 1062 3733 admonendi
1083 3670 1232 3734 videntur
1254 3672 1391 3755 saepius.
1423 3674 1493 3735 Non
1509 3672 1593 3735 enim
1611 3689 1718 3733 sumus
1734 3668 1806 3742 itu

436 3769 553 3853 quibus
574 3764 654 3829 nihil
678 3784 787 3826 verum
810 3784 880 3826 esse
903 3763 1063 3837 videatur,
1087 3765 1142 3828 sed
1166 3764 1207 3837 ii,
1230 3766 1286 3848 qui
1308 3767 1458 3830 omnibus
1473 3768 1557 3830 reris
1578 3765 1658 3829 false
1672 3782 1769 3847 quae·

436 3862 510 3925 mm
531 3858 681 3924 adiuncta
699 3878 770 3921 esse
792 3857 949 3932 dicamus,
972 3864 1057 3920 tanta
1078 3858 1300 3933 similitudine,
1323 3868 1357 3924 ut
1378 3862 1411 3924 in
1434 3861 1474 3925 iis
1492 3860 1579 3924 nulla
1594 3859 1669 3922 insit
1684 3864 1770 3921 certa

436 3954 600 4020 iudicandi
622 3960 654 4016 et
675 3951 875 4015 adsentiendi
896 3958 980 4014 nom.
1015 3948 1075 4034 [Ex
1097 3972 1161 4034 quo
1184 3953 1304 4018 exstitit
1324 3954 1419 4029 illud,
1435 3955 1542 4019 ,multa
1564 3973 1633 4017 esse
1655 3950 1770 4036 proba-

437 4048 529 4122 bilia,
560 4065 641 4128 quae
670 4066 862 4129 quamquam
889 4066 954 4108 non
976 4045 1223 4129 perciperentur,
1247 4055 1366 4121 nmen,
1389 4048 1463 4131 quia
1486 4049 1587 4111 visum
1610 4043 1769 4129 quendam

438 4143 591 4206 baberent
612 4140 769 4222 insignem
792 4147 824 4201 et
845 4139 1027 4211 inlustrem,
1050 4139 1089 4200 iis
1113 4141 1264 4221 sapientis
1287 4142 1350 4204 vita
1371 4137 1556 4223 regeretur.]
1779 4153 1808 4201 to

522 4236 574 4298 Vl.
599 4229 650 4295 43.
676 4234 738 4295 Sed
761 4235 839 4306 iam,
863 4242 897 4295 nt
913 4233 997 4296 omni
1020 4253 1070 4295 me
1094 4233 1211 4295 invidia
1233 4234 1377 4309 liberem,
1400 4236 1562 4317 ponamin
1578 4233 1683 4298 medio
1699 4253 1771 4296 sen·

438 4332 552 4394 tentiae
575 4327 836 4411 pbilosophorum
858 4328 898 4390 de
922 4336 1034 4389 natura
1057 4326 1200 4388 deorum.
1235 4326 1308 4402 Quo
1331 4329 1461 4410 quidem
1484 4329 1553 4391 loce
1574 4320 1771 4391 convocandi

438 4444 548 4489 omnes
570 4424 731 4495 videntur,
755 4426 826 4505 qui,
849 4441 931 4504 quae
954 4423 994 4484 sit
1017 4441 1125 4482 earum
1142 4440 1233 4493 vera,
1255 4421 1406 4484 iudicent.
1441 4424 1521 4485 Turn
1544 4422 1671 4483 demum
1694 4420 1770 4483 mihi

406 4517 420 4538 ⁸
437 4503 558 4601 plebei
580 4516 751 4580 Academia
775 4516 947 4588 videbitur,
971 4516 996 4578 si
1020 4523 1075 4577 aut
1096 4515 1317 4576 consenserint
1333 4534 1442 4577 omnes
1466 4524 1520 4579 aut
1541 4517 1603 4579 erit
1624 4516 1771 4576 inventus

438 4612 569 4695 aliquis,
593 4612 664 4692 qui,
688 4609 766 4692 qnid
788 4630 895 4672 verum
919 4610 973 4682 sit,
995 4609 1160 4670 invenerit.
1194 4609 1305 4691 ltaque
1328 4609 1405 4671 mihi
1428 4609 1506 4674 libet
1526 4609 1715 4681 exclamare,
1738 4615 1808 4671 utto

437 4706 488 4767 ille
509 4707 543 4767 in
566 4704 782 4788 Synephebis:

480 4801 552 4862 l’ro
576 4797 710 4870 deum,
732 4796 992 4879 popularium
1016 4797 1200 4870 omnium,
1223 4798 1394 4860 omnium
1418 4795 1730 4861 adulescentium

483 4892 630 4965 Clamo,
653 4890 827 4973 postulo,
851 4892 1035 4964 obsecro,
1059 4910 1143 4965 oro,
1166 4890 1274 4973 ploro
1297 4900 1416 4974 atque
1439 4892 1595 4974 inploro
1618 4888 1751 4962 iidem,

505 5205 528 5253 i.
548 5209 662 5252 auctores
678 5202 775 5252 ACE:
795 5203 958 5251 orictoritutes
974 5200 1022 5249 ΒΟ
1040 5228 1065 5235 -
1085 5200 1110 5248 3.
1129 5201 1238 5250 uelintll
1256 5226 1282 5237 -
1302 5200 1325 5248 Ἰ.
1345 5200 1380 5249 eis
1396 5199 1429 5248 B:
1448 5199 1541 5253 iiiuc:
1561 5200 1605 5261 ips
1623 5199 1657 5255 Ε;
1676 5198 1707 5247 iis
1724 5199 1773 5249 ΑΟ

441 5307 468 5316 -
482 5279 505 5329 8.
524 5280 576 5341 ipre
592 5283 676 5327 emon
694 5283 750 5327 eret
766 5279 923 5340 Ppttaporos
940 5278 1029 5340 spuria
1048 5278 1152 5325 censuit
1170 5274 1319 5325 walkerus.
1337 5301 1361 5312 -
1378 5276 1400 5324 9.
1415 5276 1576 5325 admirentur
1593 5274 1628 5326 ll:
1647 5277 1776 5325 mirentur

440 5355 461 5402 0
480 5378 506 5388 -
528 5355 568 5402 it.
588 5354 783 5413 relicturumque
800 5350 839 5401 dl:
863 5352 1088 5411 desciit-torumque
1105 5353 1124 5400 0
1145 5378 1170 5387 -
1192 5352 1231 5400 lb.
1250 5348 1397 5409 oreeellsile
1415 5353 1448 5408 133
1471 5353 1574 5402 ercesilo
1592 5352 1655 5400 AC:
1675 5349 1775 5398 ertesilo

440 5429 506 5478 E·-
528 5427 567 5476 ⁴9.
585 5428 669 5476 maius
686 5427 780 5476 Ace:
803 5428 920 5489 mopiali
943 5454 966 5462 -
988 5428 1008 5474 is
1026 5429 1169 5489 (superscr.
1189 5428 1211 5485 b)
1231 5428 1264 5483 ὓς
1289 5427 1326 5475 bie
1343 5430 1423 5478 hCE
1442 5453 1468 5463 -
1492 5427 1532 5478 23.
1552 5428 1577 5476 bi
1594 5426 1686 5482 ΑΒΕ,
1705 5425 1774 5485 pr

442 5528 468 5538 —
487 5502 528 5553 si.
548 5504 595 5551 bec
612 5503 641 5551 de
658 5516 685 5551 re
702 5503 721 5550 0
737 5526 762 5537 -
783 5504 823 5551 25.
842 5502 867 5550 bt
885 5503 982 5556 ilic:
1003 5503 1132 5551 on1.E-
1151 5502 1192 5551 26.
1212 5503 1231 5549 ii
1248 5504 1294 5551 M:
1314 5502 1349 5551 bii
1366 5500 1445 5558 a²C;
1464 5504 1489 5551 bl
1506 5505 1542 5558 Βς
1561 5503 1593 5562 ip
1611 5502 1671 5550 Ε-
1690 5499 1776 5549 iiiia

440 5578 478 5627 li:
501 5578 539 5627 bis
561 5578 629 5635 AC;
651 5578 696 5637 irps
720 5579 738 5627 E
762 5603 788 5613 -
817 5577 858 5627 28.
881 5578 924 5625 Ee
947 5582 1186 5639 quo-asperetur
1209 5577 1360 5627 lleinderflo
1378 5581 1486 5628 auctore
1504 5576 1609 5627 seclusi.
1628 5600 1660 5611 -
1682 5574 1777 5623 exstitit

442 5651 625 5702 lleindorfius:
650 5654 734 5702 estitit
757 5652 882 5708 ACEO;
907 5654 1006 5701 exsistit
1026 5659 1049 5702 et
1071 5653 1090 5701 Β
1111 5680 1135 5687 -
1160 5652 1201 5701 ἳθ.
1220 5652 1336 5702 baberent
1359 5655 1483 5717 quendam
1500 5654 1519 5701 0
1538 5677 1564 5687 -
1591 5650 1631 5699 30.
1650 5649 1688 5698 lis
1704 5645 1726 5699 ll
1745 5673 1772 5683 -

441 5726 481 5775 δί.
500 5741 550 5788 quo
570 5728 717 5789 quidemn
728 5728 836 5775 iudicent
857 5724 909 5776 del.
930 5727 1098 5777 lleidtmann.
1125 5753 1151 5763 —
1175 5726 1216 5776 35.
1239 5732 1266 5776 ut
1287 5729 1328 5777 ille
1350 5731 1376 5777 in
1394 5727 1542 5789 Synephebis
1559 5726 1683 5777 Ursinus:
1706 5730 1734 5774 ut
1750 5726 1777 5775 ias

440 5802 561 5863 ipsesebis
578 5807 613 5860 Α;
636 5808 665 5851 ut
681 5831 710 5857 ..
729 5802 827 5863 inesibia
851 5803 886 5857 B3
912 5806 941 5851 ut
962 5803 1041 5851 iasine
1062 5803 1123 5865 (ebis
1140 5803 1174 5860 C;
1198 5808 1227 5851 ut
1247 5805 1365 5853 mentius
1386 5804 1413 5852 io
1431 5802 1526 5865 ephebis
1543 5802 1576 5857 F.;
1601 5805 1628 5849 ut
1644 5800 1734 5849 stetisse
1749 5802 1776 5850 in

441 5876 584 5939 meptebis
607 5875 658 5926 alii.
684 5877 749 5925 Vide
768 5876 801 5925 ad
824 5877 901 5927 Tusc.
921 5878 929 5926 1
949 5877 963 5940 S
981 5877 1021 5928 31.
1042 5903 1068 5913 -
1095 5877 1135 5927 37.
1151 5879 1314 5940 popularium
1336 5881 1446 5929 omnium
1466 5877 1660 5926 admiscendum
1676 5876 1774 5936 ABC;

439 5954 603 6017 materiam
620 5954 734 6003 animem
750 5954 942 6003 adolescentium
959 5954 988 6005 Ε.
1007 5954 1110 6004 Vocem
1126 5954 1238 6003 omnium
1255 5954 1357 6018 primus
1375 5953 1518 6016 geminavit
1534 5953 1675 6004 nanuum.
