4342 7459
441 1256 504 1323 858
770 1254 1094 1322 inseminando
1113 1255 1443 1321 niseumiorum

442 1418 477 1483 id
504 1418 624 1502 ipsum,
653 1417 728 1500 quia
755 1415 847 1479 dolor
874 1415 931 1492 sit,
961 1436 1088 1499 semper
1109 1436 1179 1480 esse
1200 1415 1401 1499 fugiendum,
1428 1418 1534 1501 itaque
1555 1414 1615 1479 bac
1636 1436 1770 1481 usumm

442 1510 702 1595 compensatione
723 1510 912 1595 sapientem,
934 1519 971 1573 ut
991 1518 1024 1575 et
1044 1510 1239 1594 voluptatem
1260 1510 1377 1593 fugiat,
1400 1511 1427 1574 ei
1451 1530 1488 1574 ea
1510 1510 1662 1575 maiorem
1680 1508 1771 1573 dolo-

442 1624 508 1668 rem
531 1605 681 1683 effectura
700 1605 755 1680 rit,
783 1611 815 1667 et
836 1604 979 1669 dolorem
1000 1605 1154 1687 suscipiat
1175 1606 1326 1668 maiorem
1348 1601 1538 1676 efficientem
1564 1603 1772 1687 voluptatem,

358 1763 360 1768 ,
443 1700 613 1781 omniaque
626 1698 775 1773 iucunda,
797 1718 989 1781 qumquam
1011 1717 1108 1761 sensu
1130 1698 1271 1781 corporis
1291 1697 1480 1772 iudicentur,
1501 1698 1543 1762 ad
1558 1697 1699 1761 animum
1721 1715 1773 1758 re·

418 1793 517 1859 steni
538 1799 661 1867 tamen3
682 1788 735 1854 iiii.
750 1791 899 1876 quocirca
913 1811 1029 1877 corpus
1052 1791 1192 1873 gaudere
1212 1797 1275 1855 tarn
1298 1792 1364 1866 diu,
1386 1792 1460 1856 dum
1482 1798 1683 1875 praesentem
1700 1809 1773 1858 κι-

441 1888 515 1951 tiret
535 1886 743 1971 voluptatem,
770 1886 911 1950 animum
933 1893 966 1949 et
991 1895 1191 1970 praeacutam
1219 1886 1383 1970 percipere
1403 1886 1523 1969 pariter
1543 1906 1615 1949 cum
1637 1903 1773 1967 corpore

441 1986 475 2045 ct
494 1981 675 2065 prospicere
695 1979 876 2045 venientem
897 1998 957 2042 nec
978 1980 1180 2062 praeteritam
1202 1980 1427 2062 praeterfluere
1450 1980 1573 2054 sinere;
1592 1979 1638 2044 ita
1657 1995 1774 2062 perpe·

441 2082 511 2152 tuas
536 2082 569 2138 et
594 2081 758 2140 contextas
786 2072 964 2157 voluptates
991 2074 1026 2136 in
1054 2073 1197 2157 sapienta
1222 2073 1291 2136 lore
1322 2093 1462 2157 semper,
1492 2094 1564 2138 cum
1590 2072 1772 2157 expectatio

441 2175 635 2253 speratarum
658 2168 856 2250 voluptatum
876 2186 945 2230 cam
964 2176 1184 2250 perceptarum
1205 2167 1356 2231 memoria
1376 2167 1570 2251 iungeretur.

404 2276 433 2325 ie
525 2263 673 2329 lllleV.
696 2259 748 2324 97.
773 2263 879 2344 Atque
907 2260 958 2324 his
985 2261 1101 2325 similia
1128 2260 1168 2324 ad
1191 2262 1308 2325 victum
1331 2262 1425 2326 etiam
1446 2261 1694 2337 transferuntur,
1716 2281 1774 2326 ex·

439 2363 652 2441 tenuaturque
673 2351 906 2438 magnificentia
928 2362 960 2418 et
980 2361 1124 2438 sumptus
1139 2355 1318 2439 epularum,
1341 2355 1427 2437 quod
1443 2376 1541 2439 parvo
1557 2356 1643 2419 cultu
1658 2363 1773 2420 natura

440 2460 589 2517 eonmnta
611 2452 660 2515 sit
691 2450 817 2514 Etenim
839 2449 994 2533 quiahoc
1016 2469 1082 2512 non
1105 2449 1209 2524 videt,
1233 2449 1398 2520 desideriis
1420 2451 1527 2514 omnia
1548 2451 1610 2513 ista
1624 2448 1770 2513 condiri?

439 2546 552 2610 Darius
574 2545 608 2607 in
628 2544 703 2628 luga
725 2562 797 2607 eum
820 2562 936 2627 aquam
958 2542 1117 2606 turbidam
1140 2551 1171 2607 et
1186 2542 1390 2608 cadaveribus
1410 2545 1605 2629 inquinatam
1627 2543 1772 2618 bibisset,

439 2640 567 2723 negavit
587 2658 739 2722 umquam
760 2658 795 2701 se
812 2638 931 2701 bibisse
946 2636 1136 2714 iucundius3
1161 2658 1333 2722 numquam
1348 2638 1498 2703 videlicet
1512 2640 1622 2702 sitiens
1637 2638 1772 2701 biberat.

403 2735 506 2797 sillae
527 2733 669 2806 esuriens
690 2731 891 2795 Ptolemaeus
912 2731 1037 2805 ederat;
1059 2731 1111 2793 oui
1126 2752 1198 2805 cum
1217 2733 1395 2815 peragranti
1410 2734 1586 2817 Aegyptum
1602 2731 1772 2798 comitibus

439 2848 505 2893 nou
533 2825 714 2890 consecutis
740 2825 879 2889 cibarius
905 2826 939 2888 ia
962 2844 1035 2888 casa
1063 2826 1155 2907 panis
1178 2825 1392 2900 deiurasset,
1420 2826 1498 2890 nihil
1519 2827 1622 2890 visum
1644 2833 1693 2889 est
1714 2825 1772 2889 illo

438 2940 522 3006 pane
542 2917 723 2984 iucundius.
755 2919 907 2983 Socraten
928 2918 1047 2993 lerunt,
1070 2940 1140 2982 cum
1158 2939 1260 3003 usque
1275 2919 1316 2982 ad
1331 2937 1498 3003 vesperum
1514 2922 1690 2985 contentius
1704 2939 1773 2983 am·

438 3014 563 3080 bularet
593 3014 836 3097 quaesitumque
867 3022 952 3077 esset
979 3033 1096 3087 exeo,
1130 3033 1194 3097 qua
1215 3033 1250 3075 ra
1272 3012 1305 3077 id
1326 3012 1461 3089 iaceret,
1490 3013 1698 3097 respondisse
1724 3032 1771 3087 re,

439 3128 504 3195 quo
525 3107 637 3172 melius
659 3116 804 3183 cenaret,
826 3109 981 3171 obsonare
1003 3107 1196 3171 ambulando
1217 3108 1344 3171 famem
1380 3106 1431 3171 98.
1446 3108 1558 3184 Quini
1577 3108 1693 3171 rictum
1711 3108 1773 3179 Le·

402 3203 716 3270 ssoedaemoniorum
736 3202 771 3265 in
794 3202 927 3287 philitiis
945 3222 1054 3266 nonne
1076 3203 1243 3266 sinemuri
1266 3203 1325 3266 Ubi
1340 3223 1411 3266 cum
1425 3211 1579 3287 tyrannus
1594 3200 1773 3273 cenavisset

439 3296 627 3381 Dionysius,
648 3298 775 3380 negavit
796 3317 831 3360 se
853 3297 922 3359 iura
937 3296 994 3379 illo
1009 3299 1111 3379 nigro,
1134 3296 1220 3379 quod
1239 3316 1335 3360 cenae
1351 3304 1447 3381 caput
1461 3304 1544 3371 erat,
1566 3296 1769 3359 delectatum.

440 3394 522 3458 'ium
542 3391 585 3464 is,
608 3391 663 3474 qui
684 3391 741 3453 illa
761 3398 907 3454 coxerat:
933 3391 1082 3456 oblinime
1101 3392 1231 3464 mirum;
1254 3391 1455 3454 condimenta
1471 3392 1556 3455 enim
1570 3389 1770 3453 defuerunts

443 3486 553 3562 sQuae
574 3485 749 3548 tandemlr
775 3485 878 3567 inquit
899 3484 964 3547 ille.
1000 3484 1128 3548 «Labor
1148 3486 1181 3547 iu
1204 3495 1335 3559 venatu,
1358 3485 1464 3561 sudor,
1486 3505 1598 3548 cursus
1615 3483 1656 3547 ad
1670 3484 1771 3548 Euro·

440 3588 520 3653 um,
541 3578 658 3652 fames,
680 3579 768 3655 sitis;
789 3579 840 3641 his
862 3578 947 3640 enim
969 3578 1064 3640 rebus
1080 3578 1402 3644 Lacedaemoniorum
1418 3580 1533 3663 epulae
1546 3579 1770 3643 condiuntur.»

401 3676 543 3756 asirqus
564 3672 624 3735 lroc
644 3691 710 3734 non
731 3691 771 3734 ex
793 3672 955 3735 hominum
979 3691 1067 3735 more
1090 3672 1212 3747 solum,
1237 3674 1291 3736 sed
1316 3674 1410 3737 etiam
1434 3694 1475 3737 cx
1495 3672 1606 3737 bestiis
1628 3668 1771 3754 intellegi

438 3773 559 3852 potest,
593 3785 692 3849 quae,
719 3774 754 3829 ut
782 3766 935 3850 quicquid
964 3765 1120 3829 obiectum
1151 3775 1215 3841 cst,
1245 3769 1331 3850 quod
1354 3768 1449 3831 modo
1471 3788 1490 3830 a
1511 3775 1623 3829 natura
1643 3785 1709 3828 nou
1731 3766 1773 3829 sit

439 3861 593 3934 alienum,
622 3879 661 3922 eo
690 3866 858 3927 contentae
885 3880 951 3923 non
979 3869 1138 3944 quaerunt
1163 3862 1311 3945 amplius.
1354 3859 1404 3924 99.
1434 3862 1584 3925 Civitates
1615 3859 1772 3945 quaedam

438 3958 606 4032 universae
628 3973 716 4020 more
732 3954 841 4021 doctae
863 3954 1056 4038 parsimonia
1072 3954 1276 4030 delectantur,
1299 3963 1334 4020 ut
1349 3956 1389 4020 de
1404 3954 1661 4022 Lacedaemoniis
1675 3954 1772 4038 paulo

440 4059 515 4118 ente
536 4049 686 4115 diximus.
720 4049 884 4112 Persarum
907 4068 926 4112 a
947 4046 1159 4132 Xenophonte
1181 4052 1284 4114 victus
1305 4051 1486 4133 exponitur,
1511 4069 1592 4132 quos
1614 4056 1709 4131 neget
1732 4049 1773 4114 ad

400 4156 431 4205 to
439 4166 553 4231 panem
584 4143 734 4207 adhibere
756 4144 925 4227 quicquam
954 4151 1078 4226 praeter
1099 4146 1301 4208 nasturcium.
1343 4144 1543 4227 Quamquam
1566 4143 1592 4205 si
1615 4141 1772 4226 quaedam

439 4241 534 4304 etiam
567 4237 712 4301 suaviora
741 4247 852 4300 natura
886 4236 1063 4313 desiderat,
1097 4259 1194 4321 quam
1229 4238 1327 4302 multa
1356 4258 1396 4301 ex
1430 4245 1513 4300 terra
1539 4236 1771 4318 arboribusque

441 4334 613 4418 gignuntur
641 4352 712 4396 cum
742 4332 835 4415 copia
860 4330 947 4396 facili
977 4339 1043 4395 tum
1065 4334 1217 4397 suavitate
1239 4333 1432 4416 praestantii
1467 4331 1557 4395 Adde
1587 4331 1772 4405 siccitatem,

505 4603 530 4653 2.
548 4606 577 4651 ot
592 4606 616 4652 et
633 4599 743 4653 Orellius
761 4602 794 4664 (in
808 4601 1001 4663 adnotationei:
1020 4607 1045 4652 et
1061 4603 1126 4662 Gii;
1144 4608 1173 4652 ot
1189 4603 1238 4652 iio
1252 4628 1279 4639 -
1298 4602 1322 4653 4.
1341 4602 1450 4652 iocunda
1466 4602 1516 4652 Gli
1530 4628 1556 4639 ·-
1576 4601 1600 4651 0.
1616 4600 1774 4663 coleptoteer

440 4690 498 4730 Μ
512 4681 687 4739 perceptorum
703 4678 826 4727 memorio
837 4677 954 4739 iladvig:
972 4677 1131 4739 salaminiam
1144 4684 1320 4740 perceptorum
1330 4679 1452 4727 macoma
1464 4677 1483 4726 C
1493 4677 1527 4730 0:
1545 4676 1704 4738 uoluptatum
1711 4688 1774 4736 pes·-

440 4757 571 4816 eeptorsmr
593 4753 729 4802 modos
750 4751 803 4802 alii.
841 4754 953 4816 «Neque
977 4753 1080 4815 insipere
1100 4766 1153 4801 rem
1174 4767 1202 4803 re
1219 4754 1313 4804 Cicero
1330 4752 1395 4803 dixit
1412 4753 1470 4815 (elsi
1487 4748 1598 4801 Oreliins
1613 4750 1772 4813 saepissime

441 4842 506 4879 vere
523 4825 669 4877 Tullianam
686 4827 757 4877 hauc
773 4830 998 4877 constructionem
1016 4826 1092 4877 alteri
1103 4829 1216 4878 cessisse
1229 4831 1327 4886 narrat.
1346 4826 1512 4878 contundens
1525 4828 1624 4877 inscias
1634 4824 1722 4884 044900
1734 4837 1772 4884 se,

442 4902 515 4968 qnod
532 4904 559 4952 in
576 4900 633 4953 solo
650 4904 788 4967 participio
805 4902 909 4961 dicitur,
928 4905 955 4952 et
970 4903 1074 4963 inopere
1089 4901 1192 4966 reniret
1210 4915 1296 4965 neque
1316 4904 1340 4951 io
1358 4903 1435 4952 huius
1447 4899 1591 4951 modiloco
1602 4900 1772 4949 etsenteatia

439 4978 612 5041 tempererare
626 4978 690 5025 rei.»
709 5002 737 5013 -
762 4978 801 5028 40.
820 4981 1036 5036 mimorumque
1053 4976 1073 5025 0
1093 5003 1120 5013 -
1140 4976 1180 5028 44.
1198 4980 1314 5027 rmtieass
1330 4977 1359 5028 li¹
1379 5003 1405 5014 -
1431 4979 1471 5028 is.
1488 4976 1626 5040 proconeso
1642 4974 1662 5024 C
1681 4999 1708 5010 -
1730 4975 1771 5022 cui

439 5066 497 5104 ossa
511 5053 683 5116 peregrinam
695 5077 731 5091 --
742 5066 792 5102 eon
809 5053 1040 5103 recam--oissss
1055 5052 1098 5101 illo
1113 5065 1180 5115 pone
1196 5054 1328 5103 iucundius
1345 5055 1442 5103 Nouius
1460 5065 1485 5115 p.
1500 5051 1540 5101 93.
1556 5077 1583 5089 ·-
1601 5044 1659 5100 coln
1675 5060 1773 5113 sapen

440 5128 571 5191 scriptum
589 5125 672 5176 hebet
688 5128 707 5178 R
727 5153 752 5163 -
773 5127 814 5177 46.
833 5127 937 5177 cibem
953 5128 973 5178 C
990 5151 1016 5162 -
1036 5128 1076 5177 47.
1095 5127 1216 5177 Socraten
1227 5155 1241 5166 -
1249 5154 1264 5165 -
1276 5129 1309 5177 od
1320 5130 1417 5190 spiram
1428 5128 1567 5177 metendae
1576 5150 1613 5164 -·
1624 5138 1657 5174 ec
1668 5136 1706 5181 eo,
1725 5135 1773 5172 car

439 5202 468 5252 iri
481 5201 567 5263 socae
583 5202 682 5253 Nonius
699 5215 725 5266 p.
739 5202 797 5252 266.
817 5228 844 5239 -
868 5203 997 5252 &mea
1015 5200 1035 5251 0
1055 5228 1083 5239 -
1108 5202 1147 5251 49.
1166 5203 1289 5252 oisonem
1305 5204 1368 5259 Gii;
1392 5200 1549 5264 opsosorso
1569 5224 1595 5237 -
1621 5200 1662 5249 20.
1681 5211 1776 5249 mmo-

440 5277 515 5328 oisset
532 5277 582 5327 Gli
601 5304 629 5313 -
648 5278 688 5327 si.
707 5290 783 5327 meae
799 5282 920 5339 comat
937 5278 957 5329 C
975 5303 1003 5314 -
1022 5277 1063 5327 23.
1082 5277 1316 5327 inimicissimis
1333 5278 1394 5339 cei]
1419 5278 1476 5327 «sic
1491 5280 1608 5344 codices,
1629 5281 1707 5347 qussi
1725 5294 1774 5332 ve·

441 5355 536 5405 nanim
547 5353 648 5402 mnium
662 5352 873 5411 lacedaemonii,
892 5367 944 5404 nou
958 5354 1021 5404 item
1032 5356 1181 5413 currentes.
1198 5352 1359 5403 sudaverint.
1379 5353 1473 5404 Cicero
1485 5356 1542 5406 sios
1554 5356 1636 5410 dubio
1647 5358 1768 5420 scripsit:

441 5427 687 5488 morianensis,
707 5440 795 5477 wass
810 5428 845 5477 od
860 5428 995 5487 boreum,
1013 5430 1098 5490 sudor,
1115 5430 1202 5492 sames,
1219 5432 1298 5479 siiis.·
1317 5430 1360 5478 W.
1381 5455 1408 5466 -
1426 5432 1501 5480 sodor
1518 5431 1579 5482 (iiii
1592 5460 1619 5469 -
1638 5434 1675 5482 od
1688 5433 1775 5482 Euro-

440 5510 494 5556 toas
510 5500 634 5564 Bentley:
653 5502 686 5551 sb
701 5508 790 5553 euscio
807 5504 826 5555 C
846 5527 874 5539 -
893 5504 934 5556 64.
952 5504 989 5554 liis
1000 5506 1112 5555 arim„
1123 5506 1273 5554 condiuntur
1284 5503 1355 5554 delet
1367 5505 1436 5555 onia
1448 5504 1464 5557 l.
1479 5505 1495 5557 l.
1509 5521 1536 5571 p.
1549 5508 1606 5558 444.
1621 5532 1648 5543 -
1662 5508 1770 5567 aendor

442 5580 492 5630 sii
512 5603 539 5614 -
563 5578 604 5626 25.
623 5577 726 5641 intelligi
746 5578 773 5628 h.
793 5576 809 5628 Ι.
834 5580 884 5629 Gli
908 5606 935 5615 -
957 5580 999 5629 26.
1018 5580 1144 5643 pompeio]
1167 5580 1206 5631 Cl.
1225 5580 1258 5628 iv
1279 5580 1294 5642 ἓ
1312 5578 1352 5630 44.
1379 5580 1484 5644 iladvig
1506 5582 1540 5631 ad
1559 5582 1615 5632 Cic.
1633 5580 1667 5631 de
1687 5580 1771 5632 liinib.

442 5668 469 5720 p.
489 5654 537 5705 660
555 5650 624 5717 lcoll.
642 5665 669 5717 p.
688 5653 754 5716 879).
773 5653 813 5717 (at
828 5656 945 5717 quicquid
961 5655 1081 5705 obiectam
1097 5659 1132 5705 est
1149 5668 1181 5705 or
1199 5653 1352 5705 contusione
1371 5655 1485 5706 duarum
1502 5657 1729 5708 constructionum
1746 5659 1773 5719 iu

443 5742 524 5782 unam
541 5729 655 5795 explicat
671 5730 822 5781 lliihnerus:
842 5733 887 5780 «ut
904 5730 1002 5794 aliquid
1019 5730 1153 5781 obiectum
1166 5732 1220 5789 eet,
1240 5731 1366 5793 quicquid
1382 5732 1459 5790 est-i
1475 5759 1501 5768 -
1520 5734 1587 5794 qood
1603 5734 1637 5782 B:
1656 5746 1704 5794 quc
1723 5734 1774 5784 Gli

447 5830 474 5843 -
493 5806 567 5855 modo
583 5805 618 5870 [o]
634 5810 731 5856 solaro
747 5806 767 5855 0
787 5831 814 5842 -
832 5806 873 5856 29.
893 5819 954 5867 orror
968 5812 1043 5870 nepot
1053 5830 1091 5846 -·
1103 5808 1259 5855 sartorcium
1275 5808 1374 5857 Nonius
1390 5821 1416 5872 p.
1429 5808 1486 5857 4400.
1508 5833 1535 5844 -
1555 5807 1595 5856 30.
1614 5810 1773 5858 amiantum

444 5878 465 5930 0
482 5882 510 5931 et
525 5882 638 5931 Nemus:
663 5882 816 5931 emmam
833 5881 862 5932 0.
877 5879 926 5933 ,04
944 5893 971 5945 p.
991 5882 1047 5941 iis,
1066 5881 1091 5931 6.
1112 5907 1139 5916 -
1164 5880 1204 5931 36.
1222 5894 1280 5930 cum
1297 5882 1331 5932 C:
1350 5886 1403 5931 tusa
1420 5881 1440 5932 0
1458 5907 1491 5918 -
1504 5883 1645 5944 memorii
1662 5882 1771 5933 Lambi-

442 5966 493 6006 nus
507 5969 513 6003 :
529 5956 688 6019 proemio
704 5956 763 6009 00.
782 5955 929 6021 «Equidem
944 5969 999 6008 uon
1016 5955 1118 6020 dubito,
1137 5958 1201 6021 quin
1218 5959 1354 6023 postrema
1370 5954 1461 6008 littera·
1473 5958 1547 6009 vocis
1560 5959 1721 6021 mammetis
1736 5970 1770 6010 ea
