4342 7459
442 1242 503 1311 lto
727 1257 781 1320 DE
802 1255 960 1319 FlNlBUS
982 1254 1181 1319 BONDRUM
1201 1257 1254 1318 ET
1276 1255 1477 1320 MALOllllhl

440 1426 582 1490 discessu
607 1446 627 1489 a
655 1427 722 1489 suis
751 1435 846 1508 atque
874 1425 943 1507 ipsa
965 1424 1172 1506 relinquenda
1194 1424 1266 1488 luce
1288 1428 1473 1488 moveatur?
1502 1427 1639 1488 lllaxime
1660 1434 1766 1488 autem

441 1519 474 1581 in
496 1519 557 1581 hoc
579 1520 709 1603 quidem
731 1539 846 1602 genere
869 1520 915 1581 vis
938 1528 987 1582 est
1008 1519 1177 1601 perspicua
1197 1527 1346 1592 naturae,
1374 1540 1444 1581 cum
1475 1527 1507 1581 et
1533 1520 1766 1584 mendicitatem

441 1613 531 1675 multi
553 1614 786 1696 perpetiantur,
808 1621 844 1677 ut
866 1614 988 1687 vivant,
1011 1620 1043 1675 et
1063 1622 1218 1694 angantur
1239 1614 1546 1697 appropinquatione
1565 1615 1674 1676 mortis
1690 1633 1766 1675 con-

439 1705 510 1768 lecti
542 1706 689 1770 homines
718 1714 882 1770 senectute
910 1714 942 1769 et
964 1726 1001 1770 ea
1028 1705 1203 1789 perferant,
1234 1726 1316 1787 quae
1338 1707 1543 1770 Philoctetam
1566 1707 1711 1770 videmus
1733 1706 1766 1768 in

415 1799 570 1862 tlabulis:
599 1801 655 1883 qui
679 1822 750 1864 cnm
773 1801 966 1864 cruciaretur
986 1820 1052 1861 non
1073 1798 1212 1862 ferendis
1235 1800 1415 1873 doloribus,
1445 1802 1640 1883 propagabat
1661 1810 1766 1863 tamen

440 1895 534 1957 vitam
563 1895 715 1978 aucupio,
749 1892 950 1976 «configebat
978 1892 1087 1957 tardus
1118 1894 1255 1968 celeres,
1288 1901 1375 1956 stans
1403 1894 1585 1968 volantes,n
1620 1902 1655 1956 ut
1681 1893 1766 1975 apud

439 1988 558 2051 Attium
582 1996 645 2061 est,
673 2008 914 2072 pennarumque
937 1995 1086 2051 contextu
1108 1989 1231 2070 corpori
1255 1994 1434 2068 tegumenta
1455 1987 1599 2052 faciebat.
1643 1984 1696 2049 33.
1721 1988 1767 2048 De

438 2080 603 2145 hominum
632 2102 748 2164 genere
777 2092 833 2147 ant
860 2082 991 2145 omnino
1020 2081 1060 2143 dc
1092 2080 1275 2143 animalium
1305 2081 1434 2163 loquor,
1464 2103 1534 2143 cum
1564 2082 1712 2144 arborum
1736 2089 1768 2143 et

439 2174 581 2258 stirpium
605 2175 715 2239 eadem
737 2196 839 2259 paene
860 2183 974 2238 natura
995 2175 1055 2237 sict
1089 2174 1162 2235 Sive
1185 2174 1284 2248 enim,
1306 2182 1341 2235 ul
1362 2174 1553 2237 doctissimis
1574 2175 1649 2237 viris
1665 2176 1766 2237 visum

402 2276 504 2341 voest,
527 2270 626 2332 maior
647 2270 753 2353 aliqua
776 2290 869 2333 cansa
898 2277 994 2350 atque
1017 2268 1154 2330 divinior
1174 2267 1255 2329 hanc
1278 2268 1340 2329 vim
1362 2269 1524 2349 ingenuit,
1553 2270 1619 2331 sive
1641 2268 1702 2331 hoc
1723 2268 1767 2330 ita

439 2358 473 2423 lit
494 2360 643 2437 fortuito,
666 2362 812 2427 videmus
834 2383 888 2435 ea,
911 2382 994 2445 quae
1016 2368 1100 2423 terra
1115 2361 1232 2442 gignit,
1255 2361 1426 2424 corticibus
1442 2370 1474 2424 ct
1488 2361 1647 2424 radicibus
1662 2362 1766 2424 valida

439 2457 572 2529 servari,
595 2457 680 2539 quod
704 2458 859 2539 contingit
877 2454 1066 2518 animalibus
1081 2473 1231 2515 sensuum
1248 2454 1468 2517 distributione
1484 2464 1515 2517 et
1530 2456 1667 2538 quadarn
1681 2474 1768 2518 com·

439 2549 586 2630 pactione
608 2552 832 2614 membrorum.
872 2550 942 2624 Qua
965 2547 1092 2630 quidem
1116 2548 1155 2608 de
1181 2566 1215 2608 re
1238 2567 1429 2630 quamquam
1451 2549 1609 2611 assentior
1630 2548 1684 2621 iis,
1710 2549 1767 2632 qui

439 2642 517 2720 haec
540 2644 646 2707 omnia
667 2645 733 2727 regi
755 2651 869 2707 natura
891 2649 1019 2725 putant,
1041 2661 1124 2723 quae
1147 2642 1173 2703 si
1196 2649 1307 2703 natura
1330 2641 1489 2723 neglegat,
1519 2642 1588 2725 ipsa
1609 2661 1680 2705 esse
1702 2662 1767 2705 non

402 2735 577 2817 taposaint:
610 2745 714 2801 tamen
743 2738 884 2802 concedo
916 2744 967 2808 ut,
1001 2736 1056 2817 qui
1084 2733 1124 2796 de
1152 2735 1213 2796 hoo
1234 2733 1440 2809 dissentiunt,
1473 2736 1657 2799 existiment
1679 2736 1766 2820 quod

441 2828 540 2892 velint
561 2852 597 2894 ac
611 2831 661 2896 vel
677 2833 738 2896 hoc
752 2831 948 2912 intellegant,
971 2830 998 2892 si
1014 2827 1142 2910 quando
1158 2834 1302 2889 naturam
1318 2827 1455 2891 hominis
1470 2829 1584 2903 dicam,
1606 2831 1767 2893 bominem

440 2922 544 2984 dicere
567 2945 633 2987 me:
655 2925 735 2989 nihil
758 2925 843 2989 enim
866 2924 927 2986 hoc
948 2923 1062 2985 differt.
1101 2924 1178 2984 Nam
1201 2920 1290 3002 prius
1311 2942 1329 2983 a
1352 2941 1387 2984 se
1409 2922 1526 3003 poterit
1547 2924 1683 3006 quisque
1704 2925 1767 2987 dis·

439 3017 553 3079 cedere
583 3039 678 3101 quam
709 3019 884 3103 appetitum
915 3036 1022 3079 earum
1049 3035 1171 3087 rerum,
1200 3033 1284 3096 quae
1307 3015 1366 3076 sibi
1389 3014 1583 3090 conducant,
1612 3018 1768 3082 amittere.

440 3111 511 3173 lure
533 3111 629 3193 igitur
650 3111 827 3197 gravissimi
849 3108 1032 3192 philosophi
1055 3108 1179 3172 initiam
1202 3108 1315 3170 summi
1337 3108 1413 3170 boni
1428 3128 1447 3170 a
1462 3118 1573 3172 natura
1589 3111 1770 3193 petiverunt

401 3212 471 3267 aoet
503 3205 591 3268 illum
625 3207 802 3290 appetitam
833 3223 936 3267 rerum
968 3201 1008 3264 ad
1044 3211 1187 3265 naturam
1217 3202 1520 3265 accommodatarum
1550 3207 1768 3287 ingeneratum

438 3305 628 3379 putaverunt
655 3299 818 3372 omnibns,
850 3297 926 3381 quia
947 3296 1150 3359 continentur
1172 3315 1209 3357 ea
1231 3295 1507 3359 commendatione
1529 3306 1674 3373 naturae,
1703 3319 1768 3383 qua

438 3412 473 3454 se
494 3392 555 3475 ipsi
578 3392 721 3475 diligunt.

521 3487 592 3549 ΧΠ.
614 3482 665 3547 34.
693 3486 849 3565 Deinceps
877 3480 1048 3545 videndum
1075 3491 1138 3555 est,
1168 3482 1316 3565 qnoniam
1346 3485 1423 3547 satis
1453 3494 1596 3567 apertum
1627 3494 1676 3549 est
1703 3487 1765 3550 sibi

439 3600 599 3664 quemque
620 3588 734 3643 natura
754 3598 824 3642 esse
848 3596 969 3647 carum,
992 3596 1074 3657 qnae
1097 3574 1298 3638 sithominis
1324 3585 1452 3653 natura3
1482 3579 1515 3640 id
1538 3589 1587 3642 est
1604 3580 1705 3653 enim,
1727 3581 1767 3643 de

401 3689 502 3754 aequo
530 3671 723 3753 quaerimus.
770 3669 867 3753 Atqui
894 3669 1097 3753 perspicuum
1127 3676 1175 3731 est
1202 3668 1362 3733 hominem
1393 3692 1411 3733 e
1440 3692 1572 3755 corpore
1594 3674 1766 3757 animoque

438 3774 594 3841 constare,
623 3787 694 3830 cnm
721 3766 840 3850 primae
867 3763 930 3825 sint
951 3762 1049 3825 animi
1076 3769 1196 3845 partes,
1225 3763 1382 3827 secundae
1404 3768 1553 3847 corporis.
1590 3766 1712 3829 Deinde
1734 3768 1767 3831 id

439 3880 568 3943 quoqne
589 3861 749 3934 videmus,
777 3867 809 3921 et
830 3858 874 3920 ita
895 3853 1060 3937 figuratum
1084 3875 1211 3937 corpus,
1242 3863 1278 3917 ut
1299 3856 1435 3919 excellat
1456 3857 1543 3933 aliis,
1573 3870 1600 3921 et
1626 3860 1765 3924 animum

438 3952 482 4016 ita
514 3955 734 4026 constitutum,
765 3959 801 4015 ut
833 3958 866 4013 et
895 3949 1039 4012 sensibus
1071 3949 1243 4012 instructus
1273 3951 1314 4011 sit
1341 3959 1373 4013 et
1399 3950 1513 4014 habeat
1542 3954 1767 4034 praestantiam

438 4050 569 4121 mentis,
599 4049 650 4111 cni
679 4056 745 4109 tota
774 4044 911 4107 hominis
941 4048 1051 4106 natura
1077 4051 1203 4124 pareat,
1232 4043 1265 4105 in
1289 4064 1350 4126 qua
1373 4044 1414 4107 sit
1436 4045 1588 4107 mirabilis
1610 4045 1767 4129 quaedam

400 4141 485 4204 aovis
508 4143 638 4206 rationis
659 4148 691 4203 el
713 4137 904 4221 cognitionis
927 4143 959 4199 et
985 4134 1136 4198 scientiae
1158 4137 1374 4219 virtutumque
1397 4138 1546 4200 omnium.
1584 4141 1661 4201 Nam
1685 4160 1767 4221 quae

438 4234 578 4318 corporis
601 4241 689 4307 sunt,
713 4252 751 4296 ea
773 4252 832 4295 nec
854 4230 1072 4294 auctoritatem
1095 4250 1164 4292 cnm
1187 4229 1284 4291 animi
1308 4231 1448 4314 partibus
1471 4232 1713 4314 comparandam
1737 4242 1770 4295 et

438 4328 653 4409 cognitionem
684 4326 802 4388 habent
834 4323 1019 4387 faciliorem.
1069 4323 1178 4405 ltaque
1202 4322 1240 4385 ah
1261 4323 1312 4386 his
1335 4325 1503 4387 ordiamur.
1547 4322 1598 4387 35.
1623 4325 1769 4408 Corporis

439 4420 534 4503 igilur
560 4420 659 4483 nostri
689 4427 795 4502 partes
824 4423 956 4499 totaque
983 4412 1082 4497 figura
1112 4424 1145 4478 et
1171 4415 1271 4480 forma
1300 4427 1330 4479 et
1357 4427 1477 4480 statura
1505 4439 1600 4501 qnam
1629 4426 1702 4501 apta
1728 4421 1767 4481 ad

438 4522 581 4577 naturam
604 4514 646 4576 sit
666 4520 813 4595 apparet,
837 4530 943 4592 neque
966 4518 1015 4571 est
1035 4509 1166 4572 dubium
1183 4509 1262 4592 quin
1282 4510 1387 4582 frons,
1411 4512 1511 4584 oculi,
1534 4532 1627 4575 aures
1644 4522 1675 4575 et
1696 4514 1770 4574 reli-

400 4627 521 4690 asquae
550 4616 654 4691 partes
681 4605 794 4689 quales
823 4603 970 4689 propriae
999 4603 1063 4665 sint
1088 4603 1225 4665 hominis
1251 4604 1460 4685 intellegatur.
1499 4604 1561 4667 Sed
1584 4614 1669 4669 certe
1689 4626 1770 4689 opus

439 4710 487 4764 est
509 4721 545 4765 ea
568 4701 673 4764 valere
696 4707 727 4761 et
748 4699 856 4780 vigere
878 4707 910 4759 et
932 4696 1091 4758 naturales
1115 4705 1219 4758 motus
1243 4717 1383 4779 ususque
1404 4697 1536 4771 habere,
1560 4707 1595 4761 ut
1615 4721 1673 4762 nec
1687 4700 1771 4762 absit

440 4794 515 4876 quid
545 4813 654 4857 eornm
684 4812 743 4855 neo
771 4811 899 4873 aegrum
929 4789 1167 4853 debilitatumve
1197 4790 1256 4865 sit;
1287 4790 1318 4851 id
1347 4792 1432 4854 enim
1459 4799 1571 4854 natura
1599 4793 1768 4856 desiderat.

438 4889 496 4949 Est
516 4895 623 4951 autem
646 4886 741 4950 etiam
764 4886 846 4947 actio
869 4884 1026 4967 quaedam
1049 4884 1207 4966 corporis,
1230 4904 1313 4967 qnae
1337 4893 1439 4947 motus
1462 4893 1494 4947 et
1516 4893 1614 4949 status
1637 4894 1768 4949 naturae

439 4988 649 5063 congruentes
671 4986 775 5042 tenet:
798 4978 831 5039 in
855 4977 970 5061 quihus
992 4978 1019 5039 si
1037 4985 1186 5059 peccetur
1207 4978 1391 5041 distortione
1409 4986 1440 5041 et
1455 4978 1677 5061 depravatione
1692 5000 1769 5062 qua·

402 5072 512 5143 rodam
542 5093 580 5135 ac
606 5080 696 5136 motu
722 5080 845 5136 statuve
877 5069 1025 5144 delormi,
1054 5077 1091 5133 nt
1111 5070 1138 5132 si
1161 5077 1215 5134 aut
1237 5071 1381 5134 manibus
1405 5072 1599 5155 ingrediatur
1621 5073 1694 5155 quis
1716 5082 1771 5137 aut

504 5418 529 5467 ἲ.
547 5430 605 5467 mm
621 5417 699 5467 etiem
714 5418 796 5467 mend.
814 5418 834 5466 B
854 5443 881 5452 -
907 5419 932 5468 3.
951 5422 974 5466 et
989 5422 1069 5482 agant
1085 5416 1330 5479 adpropinquatione
1347 5417 1381 5474 n,
1405 5422 1429 5467 st
1448 5424 1527 5481 egent
1543 5419 1578 5466 od
1594 5418 1770 5480 apropinqua-

438 5495 508 5543 ciono
525 5494 581 5556 (sic)
600 5493 619 5542 E
637 5518 664 5528 —
685 5491 709 5544 i.
726 5493 857 5555 perforant
874 5492 923 5542 BE
943 5519 969 5529 -
995 5493 1018 5541 e.
1038 5493 1147 5556 aucupio
1164 5495 1197 5542 B:
1217 5493 1325 5554 aucupio
1341 5493 1489 5556 sagittariae
1506 5496 1541 5550 ῦς
1566 5496 1673 5556 oracuplo
1690 5498 1771 5558 sagit·

439 5568 1771 5631 teranto-7.pinnonmnqusO-8.oatom.ltmtt.ttt]sitB-sortuitaBO-uide·

439 5656 495 5692 mus
511 5644 628 5693 Marsus:
646 5644 776 5693 uidsow
793 5642 872 5699 codd.
887 5670 913 5679 -
936 5645 974 5694 ld.
994 5644 1101 5708 quidcnr]
1119 5644 1179 5705 quid
1195 5643 1244 5692 ΒΕ
1259 5671 1283 5678 -
1305 5645 1345 5692 45.
1363 5646 1439 5705 possit
1455 5645 1474 5693 B
1489 5671 1515 5680 -
1536 5646 1772 5707 sequanamque

440 5718 459 5767 Β
479 5744 506 5753 -
526 5718 566 5766 tr.
584 5717 630 5766 boc
645 5731 700 5771 om.
719 5721 739 5769 0
759 5745 786 5756 -
811 5720 853 5769 dl.
870 5720 1015 5780 pascassini
1030 5720 1079 5770 ΒΕ
1098 5744 1125 5753 -
1150 5718 1211 5779 quio
1227 5718 1360 5768 Davisius:
1380 5719 1423 5780 qui
1439 5717 1518 5769 codd.
1538 5720 1601 5768 etO
1621 5746 1647 5756 -
1671 5720 1712 5773 26.
1730 5734 1771 5770 se-

438 5792 543 5855 candos]
560 5792 678 5843 mnan
698 5820 726 5832 -
743 5793 778 5857 ld]
796 5794 831 5843 ad
846 5793 896 5843 DE
915 5819 942 5828 -
961 5794 1002 5843 27.
1020 5794 1125 5842 abian
1137 5794 1297 5841 constitutam
1313 5805 1367 5841 om.
1382 5793 1401 5842 E
1415 5820 1442 5829 -
1460 5799 1484 5843 et
1499 5794 1613 5842 animum
1630 5806 1692 5843 nos:
1711 5795 1771 5842 oni-

439 5880 508 5915 maan
524 5867 559 5925 B;
582 5867 743 5932 domumque
765 5869 820 5919 ΜΟ
839 5894 866 5905 -
889 5867 930 5917 db.
947 5869 997 5917 sint
1012 5868 1156 5918 Lambinus
1174 5866 1208 5928 lin
1226 5868 1296 5918 curis
1312 5867 1462 5929 secundislt
1485 5873 1542 5918 sont
1558 5868 1637 5918 codd.
1657 5870 1685 5918 et
1701 5870 1721 5918 0
1741 5896 1766 5903 —

441 5941 482 5991 37.
500 5941 705 5996 dubitatunesli
724 5969 753 5981 -
772 5942 813 5995 38.
832 5946 916 5993 men
932 5943 997 5993 BD:
1017 5955 1070 5993 om.
1089 5942 1119 5992 0.
