4342 7459
449 1221 510 1287 dil
983 1220 1037 1283 llll
1058 1220 1229 1284 osricus

447 1383 614 1447 libidinum
636 1378 877 1462 intemperantia
898 1379 1038 1453 accessit,
1059 1379 1179 1462 duplex
1200 1378 1318 1443 malum
1340 1386 1399 1453 cst,
1421 1377 1510 1463 quod
1531 1378 1656 1463 etipsa
1673 1398 1766 1446 sene·

448 1488 515 1542 ctas
538 1477 675 1540 dedecus
697 1474 835 1557 concipit
856 1481 888 1536 et
908 1473 982 1536 iacit
1002 1473 1251 1537 adulescentium
1274 1472 1526 1556 inpudentiorem
1551 1474 1765 1559 intemperan-

446 1576 534 1637 tiam.
577 1567 649 1632 iil.
671 1572 716 1632 Ac
737 1588 779 1631 ne
800 1567 880 1630 illud
902 1566 1031 1650 qnidam
1053 1566 1191 1630 alianum
1213 1575 1277 1641 eet,
1300 1553 1618 1649 de⁸magistratuam,
1638 1569 1680 1634 de
1701 1570 1766 1654 pri·

445 1676 600 1740 vatorum,
615 1660 668 1749 [do
683 1656 822 1743 civium]
839 1662 878 1723 de
893 1661 1132 1744 peregrinorum
1147 1658 1259 1725 officiis
1274 1660 1389 1725 dicere.
1420 1661 1477 1723 list
1491 1661 1590 1744 igitar
1602 1663 1765 1746 propriam

424 1772 561 1822 amanus
589 1758 789 1841 magistratus
817 1755 1002 1838 intellegere
1030 1776 1065 1819 se
1094 1775 1205 1838 gerere
1231 1773 1402 1838 perennem
1426 1754 1566 1819 civitatis
1585 1755 1765 1841 deltam

445 1854 513 1916 eius
542 1851 727 1934 (lignitatem
756 1858 789 1913 et
816 1847 913 1913 decus
935 1850 1109 1924 sustinere,
1139 1867 1265 1911 serrare
1286 1847 1391 1931 leges,
1420 1847 1491 1911 iure
1511 1847 1700 1927 discribere,
1727 1869 1766 1915 aa

444 1944 516 2009 fidei
537 1965 612 2009 snae
634 1943 802 2009 commissa
823 1944 1015 2006 meminisse
1058 1943 1217 2007 Privatum
1238 1956 1342 2005 autem
1365 1948 1493 2024 oportet
1513 1960 1617 2027 aeqno
1642 1953 1678 2009 et
1695 1945 1765 2029 pari

443 2059 513 2104 cum
536 2039 657 2103 civibus
679 2038 748 2101 iure
770 2037 892 2112 virere,
914 2056 1019 2119 nequa
1042 2038 1246 2100 summissam
1269 2044 1302 2100 et
1321 2036 1478 2100 abiectam
1499 2055 1605 2120 neque
1626 2057 1664 2102 re
1682 2037 1766 2103 eds·

441 2141 583 2207 rentem,
613 2139 679 2194 tam
707 2132 740 2195 in
768 2150 802 2193 re
832 2129 958 2213 publica
988 2150 1026 2193 ea
1050 2130 1146 2205 velle,
1176 2149 1260 2214 quae
1281 2129 1452 2212 tranquilla
1472 2138 1505 2195 et
1524 2130 1660 2196 honesta
1681 2133 1764 2207 sint;

406 2226 537 2291 totalem
558 2228 643 2290 enim
666 2226 804 2288 solemus
825 2232 858 2287 et
877 2224 995 2288 sentire
1016 2224 1136 2288 honum
1159 2224 1259 2289 civem
1282 2231 1315 2287 et
1335 2225 1450 2288 dicere.
1501 2219 1574 2288 teo.
1602 2226 1764 2309 Peregrini

440 2328 544 2384 autem
572 2328 669 2402 atque
696 2318 821 2382 incolae
850 2316 987 2380 officium
1016 2325 1065 2381 est
1093 2317 1173 2381 nilril
1201 2325 1326 2403 praetor
1353 2338 1447 2383 suum
1473 2318 1638 2402 negotiata
1658 2339 1764 2404 agere,

439 2413 519 2477 nihil
549 2413 589 2476 de
616 2412 679 2477 alio
707 2412 876 2494 anquirere
899 2411 1093 2494 minimeque
1115 2432 1185 2475 esse
1208 2411 1423 2476 inalienare
1445 2412 1572 2495 publica
1592 2412 1763 2478 canosum.

439 2507 487 2570 lta
507 2505 575 2571 fere
597 2505 701 2570 officia
722 2505 936 2588 reperientur,
964 2525 1035 2568 cum
1058 2513 1243 2588 quaeretur,
1271 2506 1347 2588 quid
1370 2503 1482 2571 deceat
1503 2514 1536 2570 et
1557 2506 1633 2589 quid
1654 2513 1763 2592 aptum

440 2601 482 2664 eit
502 2601 662 2684 personis,
692 2599 907 2683 temporibus,
936 2600 1103 2663 aetatibus.
1154 2599 1241 2662 Nihil
1262 2607 1311 2662 est
1330 2607 1437 2663 antem
1458 2600 1548 2683 quod
1568 2608 1630 2664 tarn
1652 2599 1764 2665 deccat

402 2710 534 2779 reqnm
556 2697 589 2759 in
611 2695 698 2757 omni
719 2714 754 2756 rc
776 2692 913 2776 gerenda
935 2693 1133 2774 consilioque
1155 2694 1312 2776 capiendo
1334 2712 1462 2758 servare
1483 2694 1704 2760 constantiam·

524 2789 656 2853 XXXV.
682 2783 754 2850 ⁴26.
776 2788 838 2850 Sed
861 2787 1011 2871 quoniam
1034 2786 1186 2850 decorum
1207 2786 1287 2849 illud
1309 2787 1343 2849 in
1365 2787 1512 2851 omnibus
1531 2785 1640 2861 laetis,
1660 2786 1762 2862 dictis

439 2883 474 2946 in
494 2882 635 2965 corporis
657 2880 795 2964 denique
817 2888 904 2943 motu
926 2888 958 2943 et
978 2887 1061 2943 statu
1083 2882 1232 2955 cernitar,
1255 2880 1354 2964 idque
1376 2880 1515 2965 positum
1537 2880 1642 2944 estin
1662 2880 1762 2944 ninus

438 2978 549 3051 rebus,
571 2974 777 3048 formositate,
799 2974 921 3048 ordine,
943 2981 1057 3037 ornatu
1079 2976 1119 3037 ad
1141 2976 1298 3038 actionem
1321 2984 1407 3057 apto,
1428 2973 1613 3039 difficilibus
1634 2974 1676 3038 ad
1695 2975 1763 3042 sle·

438 3069 612 3153 quendum,
641 3070 696 3132 sed
725 3069 802 3131 satis
830 3067 890 3131 erit
915 3067 1074 3149 intellegi,
1106 3070 1139 3130 in
1161 3070 1211 3132 his
1232 3076 1339 3134 autern
1360 3069 1463 3132 tribas
1484 3069 1666 3134 continetur
1685 3088 1762 3145 om

399 3165 531 3228 raetiam
553 3164 619 3238 illa,
640 3172 677 3226 nt
698 3163 866 3245 probemur
887 3161 939 3236 iis,
960 3157 1149 3243 quibuscum
1172 3162 1256 3245 apud
1277 3182 1423 3247 quosque
1439 3161 1600 3237 tiramus,
1613 3161 1666 3226 liis
1682 3182 1762 3247 φο-

438 3257 563 3342 quode
585 3256 680 3319 rebus
702 3275 802 3338 pauca
823 3255 976 3318 dicantur.
1020 3255 1178 3340 Principio
1200 3258 1341 3340 corporis
1362 3255 1463 3319 nostri
1486 3273 1633 3339 magnam
1647 3263 1761 3321 natura

435 3352 504 3436 ipsa
524 3352 650 3415 videtur
670 3349 820 3412 habuisse
841 3349 1006 3422 rationem,
1027 3367 1110 3431 quac
1131 3348 1265 3414 lormam
1288 3356 1426 3414 nostram
1446 3349 1761 3434 reliquamqneflgn·

436 3465 512 3519 ram,
534 3445 566 3506 in
589 3464 652 3525 qua
673 3450 758 3505 esset
780 3442 901 3525 species
922 3441 1066 3516 honesta,
1089 3461 1159 3506 cam
1182 3445 1287 3526 posuit
1308 3443 1342 3506 in
1363 3451 1528 3526 prompta,
1550 3462 1634 3527 quac
1653 3451 1760 3527 μην

436 3547 542 3601 antem
565 3538 703 3620 corporis
725 3536 765 3598 ad
788 3545 919 3599 naturae
941 3536 1161 3599 necessitatem
1180 3537 1272 3599 datae
1287 3543 1450 3619 aspectum
1464 3543 1572 3600 essem
1586 3534 1760 3602 deformem

399 3631 602 3697 „hunitune
623 3638 717 3711 atque
738 3639 871 3713 turpem,
894 3649 947 3693 eas
970 3630 1111 3693 contexit
1132 3637 1227 3714 atque
1250 3630 1380 3694 abdidit
1424 3625 1497 3692 427.
1518 3630 1609 3694 llane
1628 3637 1759 3695 natam

437 3733 501 3788 tarn
530 3724 712 3805 diligentem
740 3720 892 3785 fabricam
920 3724 1041 3787 imitata
1062 3732 1112 3787 est
1130 3724 1295 3788 hominum
1317 3723 1517 3788 verecundia.
1560 3721 1653 3799 Quae
1674 3722 1758 3790 enirn

436 3828 549 3882 natura
570 3818 749 3891 occultavit,
771 3817 882 3880 eadem
905 3837 1015 3880 omnes
1037 3818 1093 3901 qui
1114 3837 1191 3881 sana
1211 3827 1317 3882 mente
1336 3826 1412 3881 sunt
1425 3825 1590 3881 removent
1602 3817 1644 3881 ab
1657 3817 1759 3882 oculis

437 3913 562 3996 ipsique
584 3911 762 3975 necessitati
786 3912 862 3974 dant
882 3930 1011 3993 operam
1033 3920 1068 3975 ut
1090 3932 1184 3997 quarn
1208 3912 1422 3976 occultissime
1442 3919 1591 3994 parcant,
1611 3931 1760 3996 quaram·

438 4027 501 4090 qnc
529 4007 666 4089 partium
693 4007 831 4089 corporis
858 4025 936 4068 usus
965 4013 1037 4068 sunt
1066 4007 1253 4081 necessarii,
1287 4026 1341 4069 aas
1374 4025 1480 4088 neque
1513 4011 1620 4088 partes
1653 4025 1759 4090 negas

400 4116 544 4164 toearum
575 4121 651 4164 usus
681 4100 747 4162 suis
776 4099 955 4162 nominihus
984 4100 1161 4182 appellant,
1192 4100 1343 4183 quodque
1372 4096 1475 4162 iacere
1501 4107 1592 4182 turpe
1614 4107 1757 4172 nonest,

437 4196 531 4258 modo
555 4194 688 4267 occulte,
711 4194 744 4256 id
767 4194 870 4256 dicere
893 4189 1065 4256 obscenum
1089 4202 1145 4256 est.
1189 4195 1299 4277 ltaque
1321 4214 1379 4257 nec
1400 4194 1482 4256 actio
1504 4211 1612 4256 rerum
1632 4193 1757 4257 illarum

436 4299 543 4372 aperta
564 4288 740 4370 petulantia
762 4296 851 4350 vacat
872 4309 931 4349 ncc
955 4289 1107 4350 orationis
1122 4288 1311 4351 obscenitas.
1347 4283 1417 4349 lid.
1433 4288 1498 4350 Nec
1514 4308 1589 4350 vero
1605 4285 1757 4350 audiendi

436 4393 510 4446 sunt
532 4383 640 4466 Cynici
668 4390 723 4444 aut
753 4384 779 4444 si
810 4382 864 4465 qui
893 4382 1022 4444 fuerunt
1044 4382 1141 4444 Stoici
1169 4402 1270 4464 paene
1292 4382 1413 4464 cynici,
1443 4380 1498 4463 qui
1520 4378 1757 4463 reprehendunt

437 4484 468 4538 et
489 4478 642 4549 inrident,
670 4475 753 4558 quod
777 4496 830 4549 ea,
859 4496 940 4558 quae
961 4476 1065 4558 turpia
1087 4495 1153 4538 non
1175 4477 1252 4550 sint,
1279 4475 1459 4538 nominibus
1481 4494 1520 4537 ac
1541 4474 1647 4538 verbis
1668 4472 1757 4555 llagi·

501 4803 525 4853 t.
544 4805 646 4853 occessit
662 4805 695 4854 C:
719 4805 849 4853 accerserit
865 4816 889 4854 o.
919 4802 959 4853 Cl.
977 4802 1081 4864 Madvig
1098 4803 1194 4866 Opuoc.
1214 4802 1290 4852 acad.
1309 4799 1352 4852 alt.
1372 4799 1465 4864 pm.
1489 4824 1516 4835 -
1542 4797 1568 4849 2.
1586 4799 1756 4850 adolescentu-

434 4879 547 4929 tommo
574 4906 601 4915 —
629 4879 654 4928 l.
673 4879 809 4929 deciviam
826 4875 877 4928 del.
898 4876 1142 4934 llieron.Woltins;
1170 4876 1212 4927 alii
1229 4874 1571 4937 scribuotdepn'ootomn
1586 4873 1693 4932 civium
1720 4872 1754 4923 cl.

433 4956 564 5018 nrsqq.
585 4980 610 4989 -
639 4955 663 5004 6.
682 4966 863 5016 casuroqueo
891 4979 917 4988 -
945 4952 1152 5003 diwmdorenos:
1171 4951 1378 5002 dosoidereCo.
1407 4949 1447 5001 Ct.
1465 4948 1752 5013 sarnensis.-

432 5031 457 5080 7.
475 5031 533 5093 ttdei
547 5043 595 5079 auo
618 5030 639 5078 ll
669 5054 697 5065 -
727 5028 751 5078 8.
769 5042 849 5092 neque
864 5028 1021 5078 commissum
1038 5029 1118 5077 octale
1134 5033 1156 5078 et
1172 5040 1252 5092 neque
1266 5040 1292 5077 sa
1308 5026 1451 5088 ecferentem
1475 5025 1575 5075 Nonius
1597 5037 1625 5089 p.
1641 5023 1699 5074 389.
1724 5048 1750 5059 -

432 5107 576 5166 ecferentem
594 5104 657 5153 BH:
677 5106 817 5165 efferentem
834 5103 955 5154 Aeboo
975 5130 1002 5140 -
1031 5104 1070 5152 ⁴0.
1089 5105 1168 5152 daem
1185 5103 1275 5152 bonum
1292 5114 1307 5150 o
1325 5127 1351 5137 -
1381 5102 1420 5149 tt.
1439 5099 1522 5163 atque]
1534 5104 1558 5149 et
1574 5110 1589 5149 o
1608 5125 1636 5137 -
1654 5099 1695 5149 tt.
1712 5098 1754 5147 lo·

432 5182 589 5243 quirerceo
617 5206 643 5215 -
672 5180 712 5228 ⁴5.
731 5192 758 5228 re
775 5180 963 5241 generandam
983 5179 1126 5241 reogeada
1143 5191 1157 5228 ο
1176 5204 1202 5213 -
1232 5178 1271 5227 td.
1290 5176 1352 5225 illud
1368 5176 1567 5225 decmumo-
1593 5176 1635 5226 ta.
1652 5176 1753 5224 tneor*

429 5255 671 5318 poris--cemitur
693 5255 791 5304 Nonius
808 5255 902 5317 pttd.
929 5280 962 5290 -
988 5253 1027 5304 ⁴8.
1046 5253 1170 5316 &stellius
1186 5251 1508 5315 Alitercorrectionelo
1534 5275 1562 5287 -
1591 5250 1630 5299 49.
1649 5251 1753 5301 meu

429 5333 530 5394 scottica
546 5330 649 5393 inteltipr'
666 5341 681 5377 o
700 5357 727 5365 -
745 5329 786 5377 20.
804 5329 842 5377 tria
859 5330 910 5386 lla,
929 5329 976 5389 hijs
993 5341 1008 5378 o
1025 5356 1057 5365 -
1079 5329 1121 5377 at.
1138 5326 1263 5389 principio
1275 5352 1312 5364 -·
1324 5327 1350 5375 in
1365 5331 1483 5387 promptu
1499 5325 1598 5375 Nonius
1614 5324 1706 5388 plac.
1721 5348 1749 5362 -

429 5407 510 5455 nostri
527 5417 608 5454 omo
637 5430 664 5439 -
691 5405 731 5453 ᾗ.
750 5405 866 5452 uideatur
883 5403 1013 5453 nonan
1031 5402 1328 5464 [corcinsr'deturassl
1357 5426 1383 5437 -·
1410 5401 1451 5450 2³.
1466 5400 1627 5463 pnamptssl
1654 5425 1681 5437 -
1709 5401 1749 5450 td.

430 5486 528 5542 turpem
545 5492 572 5529 o:
591 5480 700 5540 tonnam
717 5479 863 5536 Allllab,
881 5478 979 5541 foedam
997 5475 1120 5527 Klotzius.
1142 5502 1167 5514 -
1193 5479 1233 5527 29.
1253 5490 1344 5537 eoaque
1358 5481 1445 5537 portu
1461 5476 1517 5534 Ab3
1536 5488 1615 5538 negare
1630 5487 1673 5525 eos
1686 5488 1750 5537 par·

430 5560 464 5605 tes
481 5568 496 5604 o
515 5582 542 5591 -
562 5555 602 5605 30.
621 5558 809 5616 torpesceret
826 5566 856 5602 a:
876 5558 1014 5615 cumeneo
1031 5557 1152 5615 tmpeest
1169 5554 1271 5603 tarto
1288 5553 1327 5613 tin
1346 5551 1393 5600 ΑΒ
1410 5551 1573 5614 primterpe
1590 5551 1748 5613 expunctum

430 5632 494 5692 estl;
512 5632 596 5690 [acere
611 5642 660 5678 aon
678 5634 750 5689 torpe
765 5629 838 5677 modo
855 5628 880 5676 id
895 5630 942 5691 tot
958 5628 1058 5677 occulte.
1071 5627 1099 5676 id
1116 5629 1197 5678 dicere
1213 5640 1227 5677 e
1247 5653 1272 5663 -
1298 5628 1338 5677 3⁴.
1358 5625 1504 5676 obscoenum
1520 5626 1584 5676 tho
1603 5650 1631 5661 -
1648 5624 1748 5675 ww

428 5717 515 5753 reram
532 5710 621 5767 aperto
638 5705 673 5760 ll;
699 5709 789 5766 aperto
805 5716 890 5753 renam
907 5703 1009 5751 ittonam
1026 5716 1043 5751 a
1067 5728 1094 5738 -
1118 5701 1159 5752 ΒΞ.
1176 5716 1221 5753 nec
1238 5702 1319 5751 motio
1336 5700 1483 5751 cismattote
1498 5700 1639 5751 Manutius.
1657 5725 1690 5736 -
1705 5697 1748 5747 oli·

428 5781 550 5828 recentior
566 5782 601 5839 Α,
625 5779 807 5828 obscoenitate
826 5778 921 5838 (etsie
939 5777 1051 5841 ubique)
1080 5802 1108 5813 -
1139 5777 1287 5827 deoudiendi
1309 5776 1330 5825 ll
1361 5803 1389 5813 -
1417 5774 1458 5827 dl.
1477 5788 1543 5840 guae
1558 5771 1747 5838 turptanilte

428 5858 511 5901 cutem
528 5853 616 5902 omll
635 5877 663 5888 -
691 5865 799 5914 quaere
816 5852 955 5915 turpione
973 5876 1001 5889 -·
1020 5851 1135 5901 neurim
1152 5852 1185 5902 C:
1205 5866 1256 5902 oon
1272 5855 1361 5902 nuto
1389 5878 1417 5890 -
1441 5848 1582 5902 mitibus
1598 5847 1745 5914 (nnumi-

428 5925 479 5988 δικ)
497 5940 528 5976 oc
549 5938 599 5989 op:
627 5940 682 5978 om.
694 5926 836 5978 ΑΒΜ.
866 5925 905 5977 Cl.
924 5926 958 5977 de
975 5939 1033 5992 rep.
1051 5927 1083 5989 ΙΙ,
1099 5926 1140 5989 tt,
1152 5924 1193 5978 lo.
