4342 7459
447 1209 511 1278 otu
942 1212 997 1278 llll
1017 1212 1285 1280 DIVINATIONE

448 1374 530 1460 panii
551 1372 689 1459 primum
710 1377 855 1437 naturam
881 1371 983 1456 ipsam
1010 1371 1135 1448 ridere,
1166 1372 1280 1437 deinde
1303 1372 1537 1450 inventionem,
1564 1374 1680 1441 deinde
1701 1397 1778 1443 con-

447 1470 603 1535 stentiam.
654 1465 745 1542 Quae
771 1475 821 1530 est
848 1466 945 1549 igitur
972 1475 1100 1543 natura,
1129 1487 1212 1550 quae
1239 1467 1377 1532 volucris
1405 1466 1467 1530 huc
1497 1475 1529 1532 et
1556 1469 1633 1533 illuc
1658 1473 1777 1554 passim

446 1563 589 1646 vagantis
610 1557 726 1625 efficiat
747 1567 784 1624 ut
803 1557 982 1643 signfficcnt
1002 1559 1123 1645 aliquid
1152 1569 1185 1625 et
1205 1570 1272 1625 tum
1293 1568 1402 1625 vetent
1423 1580 1534 1645 agero,
1557 1569 1625 1627 tum
1646 1566 1779 1630 iubeant

446 1666 502 1722 aut
522 1664 617 1721 cantu
637 1663 693 1718 aut
714 1655 844 1718 volatui
866 1676 923 1719 cur
944 1663 1050 1718 autem
1071 1654 1143 1718 aliis
1164 1675 1185 1718 a
1206 1655 1305 1729 laesa,
1327 1655 1401 1719 aliis
1423 1675 1443 1720 a
1464 1655 1579 1720 dextra
1599 1659 1707 1725 datum
1730 1669 1780 1726 est

421 1752 570 1827 iessibus,
596 1758 633 1813 ut
653 1758 756 1813 ratum
777 1749 955 1831 auspicium
976 1747 1081 1811 facere
1102 1749 1250 1832 possint?
1279 1748 1351 1825 Quo
1375 1749 1470 1813 modo
1491 1758 1600 1816 autem
1620 1754 1700 1818 baec
1721 1762 1777 1819 aut

443 1844 571 1929 wando
593 1851 647 1907 aut
667 1842 824 1925 a'qnibus
845 1842 974 1906 inventa
995 1843 1162 1906 dicemnsl
1194 1842 1318 1907 Etrusci
1342 1850 1448 1907 tamen
1469 1844 1589 1908 babent
1609 1853 1777 1911 exarawm

443 1960 577 2025 puerum
607 1943 768 2002 auctorem
796 1935 984 2018 disciplinae
1010 1955 1107 1999 snae:
1138 1956 1197 2001 nos
1220 1939 1340 2020 queml
1372 1940 1536 2004 Attinmne
1558 1941 1716 2005 Navium?
1747 1949 1781 2005 at

443 2033 566 2118 aliquot
587 2031 678 2097 annis
699 2030 864 2114 antiquior
879 2029 1033 2093 Romulus
1055 2035 1088 2091 et
1102 2029 1218 2094 Remus
1239 2029 1333 2094 ambo
1357 2049 1508 2114 augures,
1531 2039 1566 2096 ut
1587 2036 1779 2119 accepimus.

443 2128 494 2192 An
514 2126 692 2191 Pisidarum
719 2133 775 2188 aut
802 2124 935 2188 Cilicum
961 2132 1017 2187 aut
1043 2123 1203 2207 Phrygum
1229 2124 1292 2186 ista
1320 2126 1449 2188 inventa
1476 2125 1643 2193 dicemus?
1676 2129 1781 2213 placet

406 2220 540 2305 aigitm
559 2218 763 2285 humanitatis
785 2217 927 2302 expertis
947 2217 1066 2282 habere
1090 2215 1263 2282 divinitatis
1285 2221 1457 2282 auctorest

527 2313 677 2376 XXXIX
710 2307 762 2376 84.
795 2314 838 2377 st
865 2332 976 2376 omnes
1007 2330 1100 2394 reges
1127 2311 1238 2394 populi
1273 2310 1420 2377 nationes
1453 2320 1587 2379 utuntur
1617 2317 1779 2403 auspiciis.

443 2406 542 2485 Quasi
569 2427 645 2472 vero
674 2406 843 2490 quicquam
875 2405 919 2470 sit
945 2412 1008 2470 tam
1038 2404 1131 2469 valde
1163 2424 1258 2488 quam
1287 2403 1368 2469 nihil
1398 2426 1510 2491 sapere
1539 2408 1689 2493 vulgare,
1723 2417 1780 2475 aut

442 2502 535 2587 quasi
556 2501 612 2565 tibi
634 2500 697 2584 ipsi
718 2500 753 2562 in
775 2498 945 2563 iudicando
968 2499 1092 2582 placeat
1113 2497 1292 2564 multitudo.
1344 2498 1468 2575 Quotus
1489 2502 1629 2587 quisque
1649 2511 1701 2569 ast
1721 2504 1779 2588 qui

442 2596 637 2680 voluptatem
659 2601 754 2677 neget
775 2614 846 2658 esse
866 2594 1009 2658 bonumi
1040 2592 1186 2674 plerique
1207 2593 1304 2657 ctiam
1327 2611 1486 2660 summum
1507 2596 1627 2661 bonum
1650 2598 1778 2662 dicunt:

403 2700 518 2755 tonum
538 2689 637 2773 igitur
658 2707 767 2753 eorum
787 2685 970 2771 frequentia
991 2687 1090 2751 Stoici
1118 2685 1158 2751 de
1186 2687 1344 2750 sententia
1365 2686 1589 2754 deterrentur?
1622 2699 1680 2755 aut
1700 2712 1780 2756 num

441 2784 605 2868 plerisque
626 2783 660 2845 in
681 2782 778 2846 rebus
799 2782 946 2866 seqnitur
967 2801 1078 2846 eornm
1099 2780 1319 2845 auctoritatem
1341 2781 1535 2847 multitudo?
1558 2782 1643 2859 Quid
1664 2784 1779 2849 mirum

440 2878 552 2962 igitur,
574 2876 602 2942 si
625 2877 659 2939 in
680 2875 831 2961 auspiciis
854 2882 886 2941 et
909 2876 942 2940 in
965 2876 1052 2941 omni
1067 2873 1264 2938 divinatione
1286 2875 1425 2938 inbecilli
1440 2876 1539 2943 animi
1554 2877 1779 2961 superstitioso

439 2972 502 3038 ista
521 2970 713 3054 concipiant,
734 2990 845 3035 vorum
866 2967 1022 3053 dispicere
1045 2988 1110 3031 non
1133 2969 1280 3051 possintl
1308 2964 1361 3031 82.
1383 2967 1474 3044 Quae
1495 2979 1603 3035 sutem
1624 2977 1674 3035 est
1694 2972 1779 3036 inter

440 3086 577 3151 anemos
598 3064 792 3130 conveniens
815 3071 848 3129 et
868 3064 1038 3129 coniuncta
1060 3062 1264 3127 constantia?
1294 3061 1343 3125 Ad
1358 3064 1461 3129 nostri
1476 3065 1600 3149 augurii
1610 3073 1780 3131 eonsuetu-

402 3160 549 3226 udinem
571 3159 655 3224 dixit
675 3158 817 3222 Ennius:

608 3255 700 3318 Tum
729 3252 860 3318 tonuit
888 3253 1045 3318 laevum
1071 3252 1166 3315 bene
1197 3259 1433 3334 tempestate
1462 3271 1608 3319 scarane⁴

438 3349 481 3414 At
494 3347 684 3412 Homericus
698 3347 779 3412 aiax
793 3346 878 3430 apud
888 3346 1044 3412 Achillem
1058 3364 1197 3429 querens
1214 3344 1254 3410 de
1265 3345 1430 3410 ferocitate
1441 3347 1650 3412 Troianorum
1665 3346 1779 3411 nescio

440 3442 517 3527 qnid
539 3443 601 3508 boc
622 3442 716 3507 modo
738 3442 883 3506 nuntiat:

581 3537 780 3619 Prospera
802 3535 983 3619 Iuppiter
1009 3534 1071 3599 bis
1100 3533 1252 3598 dextris
1279 3534 1511 3618 fulgoribus
1541 3533 1635 3598 edit.

401 3642 431 3691 st
525 3630 573 3693 Itn
593 3628 687 3693 nobis
708 3630 836 3693 sinistra
856 3627 1019 3703 videntur,
1035 3627 1139 3691 Graiis
1154 3635 1187 3692 et
1201 3628 1341 3693 barbarIs
1357 3627 1470 3694 dextra
1484 3628 1624 3694 meliora.
1657 3628 1779 3705 Quam·

440 3744 536 3809 quam
561 3721 646 3787 baud
674 3724 785 3805 ignoro
812 3742 895 3805 quae
917 3722 1000 3786 bona
1022 3721 1087 3785 sint
1108 3722 1236 3785 sinistre
1258 3741 1315 3785 nos
1339 3721 1467 3798 dicere,
1497 3722 1592 3788 etiam
1615 3722 1642 3786 si
1664 3723 1779 3787 dextra

440 3818 516 3884 sint.
551 3817 614 3881 Sed
637 3826 723 3882 certe
744 3818 844 3880 nostri
867 3817 1028 3883 sinistrum
1050 3816 1296 3879 nominaverunt
1311 3815 1504 3900 externique
1518 3817 1685 3892 dextrum,
1700 3817 1779 3901 quia

440 3911 628 3997 plerumque
647 3911 680 3976 id
702 3911 817 3975 melius
839 3910 1017 3975 videbatur.
1061 3906 1113 3972 83.
1135 3908 1223 3972 Haec
1244 3918 1365 3991 quanta
1387 3909 1544 3974 dissensio
1566 3910 1634 3973 esti
1666 3909 1778 3985 Quidl

440 4004 527 4090 qnod
548 4005 621 4071 aliis
643 4005 754 4071 avibus
776 4010 916 4076 utuntur,
938 4004 1010 4067 aliis
1032 4002 1144 4085 signis,
1167 4002 1259 4066 aliter
1283 4003 1467 4078 observant,
1481 4004 1544 4067 alis
1557 4003 1778 4086 respondenti

402 4100 511 4163 ttNon
541 4119 672 4164 necesse
701 4107 750 4163 est
775 4098 866 4162 fateri
897 4098 1011 4182 partlm
1041 4095 1157 4158 horum
1187 4116 1293 4160 errore
1322 4103 1505 4180 susceptum
1536 4117 1630 4174 esse,
1663 4099 1778 4183 partim

442 4195 683 4279 superstitione,
707 4193 806 4257 multa
826 4191 991 4256 fallendo?

526 4290 595 4352 XL.
624 4292 729 4372 Atque
757 4287 807 4350 his
835 4286 1116 4368 superstitionibus
1145 4307 1211 4349 non
1238 4283 1389 4350 dubitasti
1416 4287 1510 4349 etiam
1534 4286 1643 4351 omina
1663 4287 1777 4349 adiun-

442 4403 533 4467 gere:
562 4383 699 4447 Aemilia
717 4380 816 4445 Paulo
838 4383 966 4444 Persam
988 4382 1127 4463 perisse,
1157 4380 1243 4464 qnod
1265 4389 1355 4466 pater
1377 4401 1470 4444 omen
1493 4382 1635 4465 accepit;
1669 4380 1778 4444 Caeci-

441 4476 487 4541 lia
515 4496 549 4540 se
575 4477 693 4539 sororis
723 4472 807 4538 fillae
836 4473 928 4539 sedes
954 4494 1028 4539 suas
1056 4476 1201 4550 tradere;
1231 4476 1294 4539 iam
1315 4475 1371 4540 illa
1404 4477 1546 4540 «Favete
1568 4474 1712 4558 linquis»
1745 4482 1778 4539 et

508 4726 531 4775 t.
550 4726 638 4777 duodo
653 4725 821 4775 irruptiones
837 4725 864 4774 in
881 4737 964 4788 marg.
984 4723 1046 4774 add.
1066 4722 1148 4774 babet
1164 4725 1186 4773 Α
1206 4750 1232 4759 -
1255 4724 1280 4774 2.
1297 4724 1412 4773 uolucres
1427 4723 1499 4773 Avo
1521 4748 1549 4760 -
1573 4724 1597 4774 3.
1616 4729 1740 4788 montes
1756 4724 1777 4774 0

444 4824 472 4836 -
490 4800 601 4864 officiose
617 4804 646 4852 Βι
664 4825 691 4836 -
715 4802 740 4850 7.
758 4801 849 4850 atticum
867 4804 928 4862 (om.
941 4800 979 4860 ss)
998 4800 1024 4849 in
1041 4812 1095 4850 ras.
1115 4812 1151 4849 m.
1171 4811 1226 4851 sec.
1246 4799 1376 4863 scriptum
1392 4801 1429 4859 A,
1455 4803 1567 4850 attumne
1583 4797 1627 4849 BV
1651 4826 1679 4839 -·
1706 4804 1734 4849 ot
1750 4800 1777 4849 in

441 4876 530 4926 reeb
549 4900 576 4912 -
601 4876 625 4925 8.
645 4888 724 4926 cusos
740 4873 771 4925 Α*
790 4902 816 4911 ·-
842 4875 979 4937 accipimus
995 4876 1026 4924 Αι
1046 4901 1072 4911 -
1099 4874 1139 4923 tt).
1158 4875 1308 4935 superero
1333 4899 1360 4910 -
1387 4875 1540 4925 disioototss
1555 4874 1595 4935 Αἱ,
1614 4875 1778 4925 dumosis

443 4949 562 5001 Clericus
586 4977 613 4986 -
642 4952 681 5000 lt.
700 4956 727 5000 ot
743 4952 769 4999 in
787 4963 839 5001 ras.
858 4952 895 5010 Α,
914 4950 997 4999 nutv
1023 4976 1050 4985 -
1079 4950 1119 4999 ti.
1138 4950 1312 5011 quidquomo
1338 4976 1364 4984 -
1394 4950 1433 4999 46.
1452 4950 1541 4999 borum
1558 4950 1728 5013 llottingerus
1746 4977 1775 4988 -
1901 5017 1902 5020 Ἴ

444 5025 483 5075 li.
502 5026 715 5087 supersticiosuA
738 5052 764 5062 —
794 5027 834 5075 49.
853 5032 880 5075 ot
897 5026 928 5075 B²
951 5052 978 5061 -
1006 5025 1100 5088 superi
1117 5025 1144 5073 irs
1159 5028 1195 5086 Α,
1219 5027 1327 5088 usqum
1343 5027 1370 5074 io
1392 5026 1430 5086 13¹,
1455 5028 1559 5090 capucii
1576 5028 1604 5076 ta
1626 5026 1657 5076 8¹
1680 5054 1706 5064 -
1733 5029 1775 5078 lt.

445 5100 506 5151 llam
521 5102 577 5150 AB:
596 5114 654 5151 cum
670 5102 712 5151 VO
730 5127 763 5137 -
782 5101 823 5150 ἥ.
836 5101 904 5151 star
921 5102 955 5151 C:
977 5102 1071 5163 Utusscs
1089 5101 1190 5151 blarsus
1208 5114 1240 5149 ex
1252 5100 1359 5151 Homeri
1377 5100 1405 5151 tl.
1424 5102 1471 5163 lx,
1485 5102 1547 5162 2363
1572 5105 1601 5152 tu
1617 5103 1740 5154 conteras
1757 5102 1776 5156 Ι.

444 5173 582 5237 11836-
600 5177 641 5226 tt.
658 5178 776 5240 proteri,
794 5176 843 5226 sed
860 5178 869 5224 ι’
887 5178 912 5227 in
930 5189 994 5238 ras,
1012 5177 1111 5241 praece
1127 5177 1149 5225 V
1168 5202 1196 5212 —
1215 5177 1256 5226 26.
1275 5177 1351 5241 baud]
1369 5177 1420 5226 lud
1436 5179 1477 5236 At,
1494 5184 1523 5227 ut
1541 5179 1559 5227 B
1580 5205 1607 5215 -
1626 5180 1778 5241 quuamotu

442 5252 501 5312 sint
517 5250 621 5301 deutra
637 5266 682 5302 nos
698 5254 780 5303 dicere
802 5251 963 5312 bambinns;
991 5266 1056 5315 quos
1078 5252 1144 5302 boso
1169 5256 1241 5313 suut,
1266 5252 1536 5314 caetratorum,
1559 5254 1657 5303 ctiormi
1673 5254 1777 5303 sinim

442 5327 492 5377 dot
508 5326 647 5383 bernium
671 5340 825 5389 quamquem
841 5328 865 5376 b.
884 5329 901 5376 i.
921 5343 945 5389 q.
963 5327 986 5378 b.
1004 5333 1077 5387 suot,
1095 5329 1188 5378 daoetro
1204 5339 1249 5376 nos
1266 5328 1355 5388 duero,
1373 5328 1451 5377 otium
1467 5330 1488 5378 si
1506 5328 1610 5378 osirim
1625 5329 1692 5386 siot‚·
1710 5342 1777 5390 quos

443 5400 527 5461 muto,
544 5402 659 5462 ummo,
677 5403 754 5454 etiarn
770 5403 792 5452 si
809 5403 901 5451 dextro
921 5405 969 5453 slot
984 5403 1099 5462 lacobs;
1131 5405 1159 5452 at
1180 5400 1242 5452 nibil
1264 5403 1342 5452 codd.
1362 5402 1475 5454 lectione
1496 5406 1603 5460 verius;
1630 5404 1729 5453 etenim
1746 5405 1778 5454 ut

444 5474 501 5526 lere
518 5474 620 5538 fulgura
638 5479 664 5525 et
680 5490 754 5537 sves,
773 5490 841 5541 quae
859 5477 961 5529 alaeve
980 5492 1060 5529 mann
1078 5475 1321 5542 conspiciebantur,
1341 5478 1413 5528 bona
1430 5480 1519 5529 omlna
1530 5478 1726 5541 signiticabaut.
1739 5479 1775 5527 ita

444 5550 578 5615 quaedam
594 5563 670 5611 aves,
689 5554 718 5601 ut
735 5553 826 5602 cornix
844 5552 891 5615 (cl.
903 5554 988 5616 1585,
1007 5554 1111 5616 11580l
1129 5567 1144 5603 a
1162 5552 1255 5603 dextra
1272 5556 1358 5603 ratum
1377 5554 1516 5616 augurium
1535 5552 1683 5615 iaciebant,
1701 5551 1776 5615 quod

445 5637 524 5677 omen
542 5623 623 5675 nibiIo
639 5627 722 5677 setius
742 5628 769 5676 et
786 5627 873 5691 ipsum
891 5629 1027 5678 sinistrum
1044 5628 1184 5679 dicebatur
1205 5627 1251 5687 (cl.
1271 5628 1396 5691 11576).
1421 5656 1455 5667 -
1481 5630 1522 5680 Ἠ.
1541 5636 1598 5679 suot
1615 5633 1645 5680 A*
1674 5655 1701 5666 -
1731 5629 1773 5680 28.

443 5701 532 5750 melius
546 5701 609 5752 idO
634 5728 661 5738 -
687 5702 728 5753 29.
747 5704 823 5752 utitsr
838 5715 904 5765 resp.
923 5706 1024 5755 Marsus
1045 5729 1072 5740 -
1096 5704 1138 5755 30.
1155 5715 1236 5753 sonos
1253 5703 1391 5766 llottinger
1415 5730 1442 5741 -
1469 5710 1582 5767 suscepto
1599 5704 1665 5754 ltatb
1685 5729 1711 5742 -
1730 5704 1773 5754 3⁴.

443 5778 620 5839 srspsrstimosc
636 5777 681 5828 AV
704 5802 731 5813 -
758 5777 1072 5838 tempestariorum
1092 5805 1120 5815 -
1145 5778 1254 5827 somno
1271 5779 1290 5827 Β
1315 5804 1343 5814 —
1370 5780 1411 5831 33.
1430 5779 1516 5829 onitin
1532 5782 1569 5840 ll,
1592 5780 1675 5829 cosilio
1691 5778 1725 5828 V¹
1740 5805 1774 5817 -

441 5851 536 5914 potsse
551 5855 586 5914 A,
611 5851 660 5904 sed
677 5852 723 5902 tos
739 5852 765 5901 in
783 5864 890 5911 mura,
911 5855 1005 5915 perissa
1025 5868 1085 5920 sup.
1103 5853 1148 5906 lln.
1166 5855 1186 5906 B
1206 5874 1235 5890 -
1257 5853 1377 5906 amous
1395 5880 1422 5891 -
1446 5853 1489 5906 il.
1506 5866 1532 5905 so
1547 5855 1642 5906 sororis
1658 5853 1771 5918 scripsi:

444 5926 539 5976 soron's
554 5927 611 5991 ΔΟ,
634 5939 660 5979 so
674 5925 739 5977 soris
754 5926 793 5990 13¹,
815 5927 917 5977 umoris
932 5928 999 5979 ΒΝ.
