4342 7459
831 1255 906 1320 Car.
925 1255 1070 1319 x-lil.
1099 1252 1146 1338 §ss
1167 1250 1312 1317 33-39.
1670 1249 1733 1317 333

406 1412 491 1477 terre
512 1418 622 1476 contra
643 1414 774 1496 patriam
795 1432 884 1477 arma
905 1414 952 1477 illi
974 1436 1045 1479 oum
1069 1414 1237 1479 Coriolano
1265 1413 1464 1477 debuerunt?
1492 1431 1568 1475 num
1588 1412 1735 1476 Viscelli-

408 1528 485 1571 num
513 1508 606 1571 amici
631 1527 764 1589 regnum
792 1509 1011 1590 adpetentem,
1039 1529 1115 1571 num
1143 1510 1197 1591 Sp.
1219 1507 1368 1571 Maelium
1397 1506 1575 1569 debuerunt
1602 1506 1733 1569 iuvaret

408 1600 460 1664 37.
483 1599 644 1666 Tiberium
667 1600 796 1684 quidem
819 1601 993 1665 Gracchum
1016 1602 1262 1684 rempublicam
1285 1606 1451 1663 vexantem
1473 1618 1492 1661 a
1514 1597 1553 1674 Q.
1568 1600 1734 1663 Tuberone

408 1696 660 1778 aequalibusque
685 1695 794 1757 amicis
824 1694 1009 1758 derelictum
1037 1696 1235 1759 videbamus.
1289 1697 1329 1756 At
1351 1694 1385 1756 C.
1399 1693 1541 1756 lilossius
1564 1692 1734 1765 Cumanus,

408 1790 526 1870 hospes
547 1788 685 1852 familiae
706 1797 846 1862 vestrae,
869 1789 1035 1862 Scaevola,
1058 1810 1127 1853 cum
1149 1789 1189 1852 ad
1211 1809 1272 1861 me,
1296 1786 1381 1870 quod
1395 1786 1530 1849 aderam
1551 1784 1681 1850 Laenati
1703 1795 1755 1849 ets

409 1883 537 1965 Rupilio
559 1882 743 1945 consulibus
765 1881 798 1944 in
821 1883 970 1954 consilio,
999 1884 1201 1966 deprecatum
1224 1881 1379 1954 venisset,
1406 1880 1487 1944 hanc
1509 1888 1544 1943 ut
1564 1880 1626 1943 sihi
1646 1881 1737 1964 igno·

409 1994 529 2038 scerem
552 1994 677 2038 oausam
700 1975 871 2049 adferebat,
893 1976 979 2058 quod
1002 1979 1080 2040 tanti
1103 1976 1150 2037 Ti.
1168 1975 1342 2039 Gracchum
1363 1973 1501 2049 iecisset,
1523 1983 1558 2037 ut
1579 1974 1737 2058 quidquid

407 2068 463 2131 ille
484 2067 580 2132 vellet
601 2069 662 2131 sihi
684 2066 864 2132 iaciendum
887 2076 1021 2152 putaret.
1063 2071 1144 2131 Tum
1167 2089 1227 2151 ego
1251 2069 1440 2131 rEtiamnen
1464 2068 1609 2150 inquam,
1633 2070 1684 2132 ssi
1704 2075 1737 2132 te

409 2161 443 2224 iu
459 2162 646 2244 Capitolium
669 2162 753 2225 faces
776 2162 858 2225 ferro
879 2162 1017 2226 velletis
1055 2165 1252 2247 «Numquam
1274 2163 1428 2227 voluisset
1448 2161 1479 2225 id
1502 2162 1648 2244 quidem,
1671 2160 1738 2235 sed,

409 2256 436 2318 si
458 2254 628 2329 voluisset,
656 2256 862 2338 paruissemo
908 2256 1029 2318 Videtis
1060 2276 1156 2339 quam
1185 2256 1305 2319 nefaria
1334 2257 1416 2318 voxl
1469 2257 1510 2319 lit
1537 2254 1666 2318 hercule
1692 2254 1776 2317 italo

408 2347 493 2422 fecit,
517 2348 566 2410 vel
590 2349 662 2430 plus
684 2349 779 2412 etiam
802 2369 897 2433 quam
920 2350 1019 2425 dixit3
1044 2351 1215 2413 nonenim
1238 2348 1342 2433 paruit
1358 2349 1414 2413 ille
1428 2350 1477 2413 Ti.
1489 2349 1623 2412 Gracchi
1639 2356 1739 2411 teme

408 2442 510 2514 rituti,
533 2441 590 2504 sed
614 2441 768 2524 praefuit,
798 2462 857 2505 nec
878 2462 913 2505 se
935 2445 1080 2507 comitem
1103 2443 1188 2506 illius
1210 2442 1343 2517 luroris,
1365 2443 1422 2507 sed
1445 2444 1557 2506 ducam
1578 2444 1736 2525 praebuit.

409 2535 522 2617 ltaque
550 2535 611 2597 hac
640 2537 779 2598 amentia
806 2537 993 2620 quaestione
1015 2556 1098 2600 nova
1121 2538 1307 2619 perterritus
1328 2539 1363 2601 in
1382 2537 1489 2600 Asiam
1510 2534 1669 2619 profugit,
1697 2537 1738 2601 ad

410 2628 519 2692 hostes
541 2648 576 2691 se
597 2630 740 2702 contulit,
762 2649 883 2712 poenas
905 2630 1117 2712 reipublicae
1140 2650 1251 2712 graves
1272 2632 1434 2714 iustasque
1449 2628 1609 2712 persolvit.
1645 2630 1740 2693 Nulla

410 2729 460 2786 est
480 2723 576 2805 igitur
597 2723 761 2785 excusatio
784 2723 922 2805 peccati,
944 2724 972 2786 si
994 2724 1088 2786 amici
1111 2742 1206 2786 causa
1228 2724 1428 2805 peccaveris:
1459 2743 1547 2798 nam,
1570 2744 1642 2788 cum
1665 2738 1777 2787 oon-ts

411 2816 547 2879 oiliatrix
574 2815 732 2878 amicitiae
761 2818 885 2880 virtutis
912 2817 1022 2898 opinio
1044 2815 1157 2890 tuerit,
1186 2814 1317 2879 difficile
1338 2826 1388 2880 est
1409 2817 1579 2880 amicitiam
1601 2836 1739 2892 manere,

410 2909 437 2972 si
458 2929 478 2972 a
499 2911 617 2973 virtute
639 2908 805 2972 defeceris.
848 2907 900 2971 38.
928 2907 1021 2985 Quod
1052 2910 1079 2971 si
1106 2917 1227 2972 rectum
1255 2910 1460 2974 statuerimus
1487 2910 1536 2974 vel
1564 2911 1739 2975 concedere

411 3004 520 3067 amicis
547 3002 704 3087 quidquid
727 3002 827 3066 velint
853 3003 903 3066 vel
925 3004 1093 3086 impetrare
1116 3003 1156 3064 ah
1178 3003 1224 3065 eis
1246 3003 1406 3087 quidquid
1428 3005 1579 3079 volimus,
1603 3004 1741 3089 perfecta

411 3096 539 3179 quidem
562 3097 716 3180 sapientia
737 3099 764 3160 si
786 3099 904 3171 simus,
936 3096 1014 3159 nihil
1043 3096 1160 3159 haheat
1182 3117 1231 3159 res
1253 3097 1341 3170 vitii,
1369 3097 1425 3160 sed
1448 3098 1612 3181 loquimur
1637 3097 1678 3162 da
1701 3099 1740 3161 iis

410 3191 536 3263 amicis,
566 3191 620 3273 qui
646 3199 719 3253 ante
748 3191 860 3253 oculos
888 3199 980 3264 sunt,
1011 3208 1093 3272 quos
1116 3189 1252 3252 vidimus
1281 3197 1336 3254 aut
1357 3191 1397 3254 do
1419 3191 1535 3274 quibus
1558 3192 1778 3256 memoriamao

410 3284 608 3366 accepimus,
633 3303 714 3366 quos
741 3285 831 3348 novit
857 3285 920 3347 vita
942 3283 1130 3348 communis.
1173 3284 1223 3344 Ex
1243 3286 1305 3347 hoc
1326 3303 1458 3348 numero
1481 3282 1573 3348 nohis
1594 3285 1741 3368 exempla

411 3375 564 3439 sumenda
593 3385 684 3450 sunt,
716 3387 878 3442 eteorum
901 3378 1029 3460 quidem
1051 3376 1207 3451 maxime,
1235 3377 1291 3459 qui
1314 3377 1355 3440 ad
1378 3378 1564 3461 sapientiam
1587 3398 1740 3460 proxume

411 3469 580 3533 accedunt.
623 3467 674 3534 39.
697 3470 850 3535 Videmus
872 3473 992 3553 Papum
1013 3470 1184 3534 Aemilium
1208 3470 1242 3533 C.
1265 3470 1404 3533 Luscino
1432 3470 1620 3534 familiarem
1641 3470 1741 3534 fuisse

411 3596 453 3610 -
475 3564 521 3626 sic
542 3582 562 3626 a
583 3564 725 3645 patribus
748 3566 928 3647 accepimus
951 3600 1008 3640 -,
1030 3564 1079 3627 his
1102 3582 1164 3625 una
1187 3563 1349 3638 consules,
1372 3564 1511 3646 collegas
1533 3564 1567 3625 in
1589 3582 1739 3640 censura3

412 3664 478 3720 tum
507 3665 539 3719 et
565 3677 636 3719 cum
666 3658 706 3721 iis
733 3667 766 3721 et
790 3659 873 3720 inter
894 3678 928 3720 se
950 3658 1227 3720 coniunctissimos
1248 3656 1348 3720 inisse
1369 3658 1419 3720 Μ’.
1436 3658 1581 3731 Curium,
1610 3659 1657 3720 Ti.
1682 3658 1779 3721 Com

412 3753 597 3814 runcanium
614 3753 784 3814 memoriae
800 3752 962 3833 proditum
978 3760 1036 3814 est.
1072 3751 1173 3833 Igitur
1194 3771 1234 3814 na
1256 3751 1409 3834 suspicari
1428 3751 1557 3834 quidem
1573 3771 1741 3834 possumus

412 3863 604 3929 quemquam
630 3845 746 3907 horum
772 3846 812 3907 ab
834 3846 938 3909 amico
960 3845 1125 3928 quippiam
1148 3844 1370 3919 contendisse,
1398 3843 1483 3926 quod
1506 3852 1617 3909 contra
1638 3842 1742 3920 fidem,

414 3939 596 4001 contraius
619 3938 803 4013 iurandum,
834 3948 943 4002 contra
964 3960 1030 4003 rem
1054 3939 1213 4020 publicam
1235 3943 1329 4000 essct.
1373 3939 1453 4000 llam
1475 3937 1535 4000 hoo
1558 3937 1685 4021 quidam
1708 3944 1743 4001 in
1846 3969 1849 3980 ·

414 4030 530 4094 talibus
552 4032 627 4095 viris
649 4032 727 4115 quid
750 4033 863 4097 attinet
885 4033 1010 4106 dicere,
1039 4034 1067 4095 si
1090 4031 1323 4105 contendisset,
1346 4034 1585 4114 impetraturum
1607 4052 1673 4095 non
1693 4032 1744 4095 fu·

413 4124 500 4186 isset
533 4145 604 4187 cum
634 4127 680 4188 illi
710 4128 897 4191 sanctissimi
926 4129 985 4189 viri
1013 4126 1148 4199 ineunt,
1178 4145 1280 4208 aeque
1302 4132 1406 4188 autem
1428 4123 1518 4187 nefas
1540 4125 1582 4187 sit
1601 4124 1664 4188 tale
1685 4123 1781 4191 ali-so

414 4216 493 4298 quid
525 4226 557 4280 et
585 4217 688 4282 facero
714 4230 857 4303 rogatum
886 4229 917 4284 et
939 4241 1061 4303 rogare.
1104 4223 1144 4282 at
1164 4238 1241 4281 vero
1264 4218 1313 4280 Ti.
1328 4217 1505 4280 Gracchum
1528 4217 1744 4301 sequebantur

416 4309 449 4371 C.
473 4309 590 4385 Carbo,
622 4312 655 4375 C.
679 4314 774 4388 Cato,
804 4323 836 4377 et
863 4316 991 4378 minime
1022 4324 1089 4378 tum
1118 4311 1248 4396 quidam
1275 4310 1373 4373 Gaius
1402 4310 1514 4387 frater,
1544 4330 1630 4373 nunc
1658 4309 1743 4372 idem

414 4423 596 4469 acerrimus.

482 4676 506 4724 4.
524 4675 590 4738 [erro
607 4675 627 4724 E
644 4677 705 4725 ante
723 4674 858 4724 debosmnl
875 4674 1000 4725 habet-
1017 4675 1180 4725 dehwoots
1200 4703 1227 4712 -
1245 4675 1413 4727 inbecilliorem
1425 4677 1454 4735 G,
1467 4674 1607 4725 bacilliom
1623 4675 1745 4726 BDESV

415 4775 448 4785 -
464 4750 489 4798 2.
508 4749 552 4810 sp.
564 4749 837 4813 diocliamlimclium
854 4751 976 4812 (mellissa
987 4754 1067 4811 corr.)
1085 4753 1121 4812 G,
1148 4752 1275 4801 emolliam
1291 4751 1370 4812 BSll,
1396 4751 1510 4801 omilium
1527 4750 1560 4811 li,
1586 4748 1747 4801 onasum

416 4823 484 4873 D·
513 4824 537 4874 3.
556 4838 675 4888 prorsum
691 4824 785 4883 BGS,
814 4829 843 4874 ut
860 4825 916 4874 lere
932 4838 1043 4888 semper
1069 4851 1097 4861 -
1125 4825 1149 4876 4.
1168 4828 1281 4888 otquoS
1310 4853 1336 4862 -
1364 4825 1451 4875 binim
1467 4826 1504 4881 C;
1530 4836 1556 4874 v.
1576 4823 1642 4875 Plut.
1660 4837 1687 4874 v.
1707 4826 1745 4875 ri,

417 4899 528 4950 Gracchi
546 4901 596 4949 oti
614 4926 641 4936 -
665 4901 690 4949 e.
709 4912 766 4949 mim
785 4901 889 4949 odoram
907 4900 1003 4950 mediis
1020 4902 1108 4951 om.E
1128 4929 1155 4938 -
1175 4903 1242 4965 quod
1259 4902 1374 4952 BDGV:
1393 4915 1442 4963 qao
1459 4902 1485 4961 S,
1504 4901 1584 4961 quio
1604 4926 1631 4937 -
1649 4901 1748 4951 losum

416 4972 458 5024 vel
475 4975 556 5025 4οοο4ο
573 4976 592 5024 C
612 5000 638 5010 —
658 4976 683 5024 6.
700 4975 747 5025 sibi
763 4981 791 5023 ut
809 4978 829 5026 l)
850 5002 877 5012 -
896 4977 1049 5039 ipsoscsrsot
1066 4977 1086 5027 E
1106 5002 1132 5014 -
1153 4977 1177 5026 7.
1196 4983 1213 5028 t.
1228 4992 1350 5042 praecum
1366 4977 1441 5027 st
1461 5002 1487 5013 ·-
1506 4977 1625 5038 quicquid
1642 4976 1699 5036 GV,
1718 4978 1748 5026 ut

416 5061 526 5113 semper
546 5077 571 5086 -
591 5049 615 5098 9.
634 5050 701 5110 [ms
717 5051 785 5111 (ocos
801 5051 871 5099 asv
892 5078 918 5087 -
938 5065 1076 5114 numquam
1094 5053 1114 5103 G
1133 5052 1194 5113 (sed
1211 5055 1232 5102 G
1248 5054 1396 5115 namquidlz
1414 5064 1566 5115 numquam,
1578 5050 1697 5111 inquito
1717 5076 1745 5087 -

417 5124 456 5172 40.
469 5125 586 5174 herclsO
606 5150 632 5158 -
653 5126 693 5173 44.
707 5128 794 5186 paruit
811 5126 877 5174 onim
894 5125 913 5174 E
933 5151 960 5161 -
980 5131 998 5175 t.
1011 5127 1098 5189 qrocci
1115 5126 1185 5176 BSV
1203 5153 1230 5163 -
1252 5128 1292 5178 43.
1306 5127 1660 5188 deonotioooooquosstioas
1677 5126 1698 5174 l)
1716 5150 1744 5160 -

418 5199 457 5248 ⁴5.
476 5200 555 5261 ipltor
571 5204 606 5247 ost
622 5200 639 5247 S
653 5225 678 5234 -
700 5201 739 5249 46.
752 5200 909 5249 uirtutoml)
924 5224 950 5236 -
967 5202 1006 5250 l'l.
1020 5208 1186 5252 statueremus
1201 5206 1223 5253 G
1240 5229 1267 5240 -
1288 5204 1327 5254 ts.
1343 5205 1418 5254 amici
1435 5204 1453 5253 S
1472 5230 1499 5240 -
1519 5202 1551 5251 ob
1567 5202 1605 5251 his
1622 5199 1746 5250 BDGSV

419 5297 447 5308 -
471 5274 511 5322 49.
534 5274 649 5321 risimus
669 5274 782 5324 Schuetz
804 5278 949 5338 praeeunte
973 5277 1087 5327 Cantero
1114 5278 1193 5340 tuos.
1214 5279 1298 5328 Lecti.
1317 5279 1342 5338 7,
1355 5280 1419 5338 43);
1452 5277 1574 5327 samarii
1599 5274 1745 5335 BDGSV‚

416 5349 539 5406 simomi
557 5349 616 5404 E0;
646 5349 678 5398 cl.
699 5349 819 5412 Madvigii
838 5351 935 5413 Opusc.
953 5351 989 5410 tl,
1002 5352 1050 5401 280
1071 5379 1097 5388 -
1117 5353 1147 5401 de
1162 5353 1201 5401 llis
1217 5353 1311 5403 BGSV
1332 5378 1358 5389 -
1383 5354 1425 5402 20.
1443 5354 1555 5402 uidimus
1573 5351 1609 5400 E:
1636 5351 1748 5399 didm

418 5423 554 5477 BDGSV;
574 5436 634 5483 quos
650 5425 762 5473 aldonus
773 5450 810 5462 --
822 5426 942 5474 morando
959 5431 1015 5474 mat
1033 5428 1053 5474 G
1070 5428 1095 5475 ln
1114 5440 1198 5490 marg.
1217 5427 1300 5477 hahet
1318 5455 1344 5463 -
1364 5429 1404 5477 st.
1418 5427 1488 5477 nohis
1498 5426 1621 5490 exemplo]
1633 5425 1748 5486 compto

418 5499 517 5558 quidem
534 5501 553 5546 G
573 5500 612 5559 (in
625 5502 717 5560 margi
737 5523 763 5533 -
789 5499 830 5548 23.
848 5500 968 5549 occsdoot
987 5503 1020 5560 G,
1044 5504 1161 5551 accedent
1178 5505 1199 5553 l)
1222 5528 1250 5539 ·-
1273 5504 1382 5553 uidimus
1398 5504 1441 5553 BS
1460 5531 1487 5541 -
1506 5504 1601 5564 rapiam
1616 5502 1748 5551 Aemilium

419 5573 569 5623 llanutius:
596 5576 625 5624 Α,
638 5575 765 5622 sensilium
782 5577 816 5631 G.
841 5589 867 5637 p.
886 5576 1014 5625 oscillum
1030 5577 1113 5636 lel,
1134 5578 1242 5639 paulum
1258 5591 1322 5628 oon.
1342 5578 1388 5628 DE
1419 5602 1447 5613 -
1485 5577 1512 5628 G.
1531 5577 1624 5627 omi}
1650 5602 1676 5611 -
1703 5575 1745 5626 aa.

418 5647 457 5696 his
473 5649 578 5698 BGSV
603 5674 630 5684 -
657 5661 691 5697 m.
712 5649 813 5698 BESV
835 5675 863 5685 —
892 5651 1125 5701 carismssEGS:
1146 5651 1249 5701 Canum
1266 5656 1289 5701 st
1305 5652 1381 5703 nvo
1400 5675 1428 5687 -
1451 5655 1470 5701 4,
1488 5650 1589 5701 bosv
1607 5675 1633 5686 -
1653 5662 1748 5698 οοηοο-

419 5734 512 5771 cosam
534 5725 554 5771 G
578 5747 605 5757 -
640 5724 681 5773 36.
699 5725 821 5774 mensorio
842 5726 913 5775 BGS
947 5751 973 5762 -
1007 5727 1048 5776 27.
1068 5727 1233 5787 quidpiomo
1260 5749 1288 5764 ·
1319 5728 1360 5777 28.
1379 5725 1625 5787 qodomaocasv
1649 5748 1676 5759 -
1704 5724 1745 5776 30.

419 5796 472 5844 uiri
488 5800 580 5847 omG
609 5820 636 5833 -
663 5799 901 5861 aliquodsocml)
927 5826 960 5839 —
984 5800 1026 5852 34.
1044 5800 1213 5852 Gbarioumli
1237 5826 1266 5838 -
1293 5802 1334 5852 33.
1351 5802 1478 5851 minamur
1494 5800 1517 5848 v
1536 5811 1572 5849 m.
1593 5810 1648 5849 seo.
1667 5797 1745 5849 addi·

421 5872 478 5920 tum
498 5872 524 5920 in
541 5874 626 5936 spatio
644 5886 729 5924 vacuo
745 5873 837 5924 relicto
868 5899 896 5911 -
927 5879 983 5926 tren
999 5878 1033 5927 c:
1056 5876 1153 5926 triaco
1180 5901 1207 5913 -
1235 5874 1478 5940 animosissimus
1493 5875 1550 5936 883
1575 5873 1748 5937 mirator

422 5945 520 6007 quiden
538 5949 558 5997 4)
576 5974 609 5985 -
634 5949 716 6012 poter
731 5949 749 5999 S
765 5947 884 6014 suplln.
