4342 7459
443 1220 505 1286 ttti
728 1223 782 1287 litt
803 1222 960 1287 sturnus
981 1221 1179 1287 BONORUM
1197 1222 1251 1286 ΕΤ
1272 1221 1472 1287 MALORUM

442 1401 474 1458 et
488 1392 660 1467 excellere,
680 1397 717 1455 ut
730 1391 827 1456 nullis
840 1412 902 1455 nec
922 1391 1087 1474 suppliciis
1109 1411 1168 1454 nec
1190 1392 1337 1476 praemiis
1352 1391 1510 1456 demoveri
1532 1392 1633 1475 possit
1654 1412 1696 1456 ex
1709 1412 1759 1466 eo,

442 1486 529 1570 quod
549 1492 670 1549 rectum
693 1505 763 1550 esse
788 1484 977 1559 decreverit,
1006 1485 1192 1569 omniaque,
1221 1504 1303 1568 quae
1325 1487 1420 1560 dura,
1449 1482 1602 1559 difficilia,
1628 1486 1760 1548 adversa

440 1579 623 1654 videantur,
652 1598 690 1642 ea
719 1579 887 1642 virtutibus
914 1578 971 1652 iis,
1007 1578 1120 1661 quibus
1149 1599 1168 1641 a
1195 1587 1306 1641 natura
1336 1599 1476 1643 essemus
1505 1582 1625 1652 ornati,
1660 1580 1760 1643 obteri

440 1692 549 1759 posse:
571 1691 635 1735 non
656 1672 680 1754 †
699 1672 810 1737 faciles
831 1671 901 1735 illas
924 1672 1052 1755 quidem
1074 1692 1133 1734 nec
1155 1672 1399 1736 contemnendas
1415 1671 1550 1755 -quid
1572 1674 1655 1737 enim
1678 1680 1761 1736 esset

415 1766 473 1831 rin
499 1766 614 1830 virtute
642 1767 786 1829 mutum?
811 1766 933 1830 -aed
961 1772 996 1829 ut
1031 1765 1091 1828 hoc
1120 1765 1346 1838 indicaremus,
1376 1785 1440 1829 non
1471 1786 1540 1829 esse
1563 1767 1596 1828 in
1619 1767 1668 1830 his
1689 1786 1761 1848 par-

438 1867 503 1925 tem
531 1861 699 1925 maximam
728 1860 861 1944 positam
890 1860 982 1923 beate
1005 1866 1062 1922 aut
1089 1879 1180 1922 secus
1208 1859 1345 1923 vivendi.
1388 1857 1440 1922 60.
1461 1858 1510 1922 ad
1532 1880 1685 1924 summam
1707 1878 1760 1936 ea,

439 1973 521 2038 quae
549 1957 633 2019 Zeno
661 1953 855 2019 aestimanda
886 1960 917 2016 et
945 1953 1098 2017 sumenda
1127 1961 1158 2018 et
1178 1961 1252 2036 apta
1273 1961 1405 2016 naturae
1428 1972 1497 2017 esse
1520 1952 1617 2027 dixit,
1650 1953 1761 2016 eadem

439 2047 485 2112 illi
506 2048 591 2113 bona
612 2047 788 2133 appellant,
809 2048 903 2111 vitam
927 2054 1033 2112 autem
1053 2048 1177 2111 beatam
1200 2046 1248 2110 illi
1269 2067 1355 2120 eam,
1377 2067 1460 2130 quae
1483 2054 1639 2111 constaret
1660 2067 1701 2110 ex
1723 2046 1761 2111 iis

438 2143 543 2217 rebus,
566 2162 645 2227 quas
668 2140 752 2216 dixi,
773 2149 827 2208 aut
848 2140 991 2225 plurimis
1013 2148 1068 2204 aut
1086 2141 1288 2223 gravissimis.
1317 2144 1402 2204 Zeno
1417 2148 1538 2214 autem,
1561 2140 1647 2223 quod
1661 2160 1761 2212 suam,

402 2238 526 2321 itquod
555 2238 713 2321 propriam
738 2236 883 2319 speciem
910 2236 1024 2300 habeat
1052 2255 1107 2300 cur
1134 2235 1345 2317 appetendum
1374 2235 1429 2308 sit,
1458 2234 1490 2296 id
1518 2233 1761 2302 solumbonum

438 2330 593 2415 appellat,
615 2330 739 2395 beatam
761 2339 866 2395 autem
894 2330 989 2393 vitam
1015 2349 1083 2392 eam
1106 2329 1222 2403 solam,
1245 2348 1326 2411 quae
1349 2349 1418 2392 cum
1441 2328 1556 2392 virtute
1579 2327 1719 2409 degatur.

524 2424 627 2487 XXII.
650 2424 683 2488 Si
705 2424 746 2489 de
768 2444 803 2486 re
825 2423 993 2507 disceptari
1013 2430 1153 2505 oportet,
1183 2422 1270 2485 nulla
1296 2422 1373 2485 mihi
1394 2431 1514 2495 tecum,
1544 2422 1633 2496 Cato,
1655 2429 1762 2504 potest

439 2537 509 2583 ease
532 2518 699 2582 dissensio.
735 2518 820 2581 Nihil
843 2526 890 2582 est
912 2517 996 2581 euim
1019 2518 1058 2580 de
1080 2538 1144 2600 quo
1166 2517 1256 2580 aliter
1275 2526 1308 2580 tu
1325 2517 1442 2579 sentias
1456 2526 1553 2600 atque
1569 2536 1642 2597 ego,
1665 2518 1760 2579 modo

439 2611 635 2676 commutatis
665 2612 768 2675 verbis
795 2613 880 2695 ipsas
909 2630 960 2674 res
990 2611 1196 2674 conteramus.
1239 2612 1304 2673 Nec
1334 2610 1393 2674 hoc
1416 2611 1469 2675 ille
1491 2630 1555 2672 non
1578 2610 1673 2684 vidit,
1705 2611 1761 2673 sed

402 2705 606 2768 tiverborum
632 2706 865 2788 magnificentia
894 2713 943 2770 est
963 2713 995 2768 et
1021 2704 1122 2786 gloria
1144 2705 1331 2768 delectatus:
1361 2705 1463 2785 quisi
1487 2724 1540 2776 ea,
1571 2725 1652 2786 quae
1675 2705 1759 2777 dicit,

439 2800 483 2862 ita
513 2801 657 2874 sentiret,
686 2809 721 2863 ut
750 2800 847 2863 verba
879 2796 1073 2882 significant,
1100 2799 1176 2881 quid
1208 2799 1292 2861 inter
1325 2819 1395 2861 eum
1428 2807 1460 2862 et
1487 2799 1537 2861 rel
1567 2798 1761 2882 Pyrrhonem

440 2893 490 2955 vel
504 2895 681 2958 Aristonem
703 2894 891 2957 interesset?
914 2893 969 2955 Sin
991 2902 1097 2955 autem
1120 2914 1174 2955 eos
1192 2912 1254 2954 uon
1270 2892 1434 2975 probabat,
1458 2892 1534 2974 quid
1549 2893 1676 2955 attinuit
1691 2912 1761 2954 cum

438 2987 489 3060 iis,
507 2987 697 3069 quibuscum
719 2987 968 3060 reconcinebat,
992 2987 1095 3049 verbis
1111 2986 1309 3070 discreparet
1339 2981 1389 3048 hl.
1413 2985 1508 3060 Quid,
1531 2988 1557 3051 si
1575 2986 1763 3049 reviviscant

440 3080 578 3144 Platonis
603 3080 650 3144 illi
678 3089 710 3146 et
737 3081 888 3163 deinceps
918 3082 974 3163 qui
1000 3100 1110 3143 eorum
1138 3080 1299 3143 auditores
1320 3079 1450 3142 suerunt
1471 3087 1503 3142 et
1525 3087 1629 3143 tecum
1651 3079 1694 3141 ita
1716 3079 1763 3142 lo·

401 3178 599 3257 tiquanturt
635 3177 724 3238 «Nos
746 3196 818 3238 cum
840 3183 885 3250 te,
907 3177 949 3237 Μ.
973 3174 1058 3248 Cato,
1081 3175 1348 3237 studiosissimum
1369 3173 1608 3256 philosophiae,
1630 3172 1762 3236 iustissi-

439 3287 523 3329 mum
548 3268 665 3343 virum,
687 3269 839 3352 optimum
860 3270 1016 3343 iudicem,
1042 3268 1315 3349 religiosissimum
1339 3275 1466 3341 testem,
1488 3267 1684 3340 audiremus,
1708 3265 1762 3328 ad-

439 3360 541 3424 mirati
572 3382 695 3435 sumus,
727 3362 804 3446 quid
834 3371 919 3425 esset
948 3384 1004 3426 cur
1030 3362 1122 3425 nobis
1152 3362 1276 3424 Stoicos
1306 3361 1496 3435 anteferres,
1529 3359 1645 3444 quide
1667 3360 1762 3422 rebus

438 3453 531 3517 bonis
559 3460 591 3518 et
613 3456 705 3519 malis
733 3457 885 3519 sentirent
912 3476 966 3529 ea,
996 3476 1077 3539 quae
1106 3456 1145 3517 ab
1173 3454 1233 3517 hoc
1260 3455 1430 3518 Polemone
1452 3457 1536 3517 Zeno
1560 3460 1761 3535 cognoverat,

439 3548 618 3611 nominibus
641 3557 804 3612 uterentur
824 3549 879 3623 iis,
909 3569 990 3632 quae
1012 3551 1113 3634 prima
1139 3549 1244 3632 specie
1266 3548 1522 3622 admirationem,
1549 3569 1584 3611 re
1606 3547 1763 3630 explicata

401 3640 536 3704 ttrisum
558 3651 731 3705 moverent.
774 3645 822 3705 Tu
850 3649 971 3717 autern,
1000 3644 1027 3706 si
1051 3644 1107 3706 tibi
1129 3642 1183 3705 illa
1204 3642 1436 3725 probabantur,
1465 3663 1519 3705 cur
1540 3662 1605 3704 non
1628 3641 1761 3724 propriis

439 3735 544 3798 verbis
565 3736 620 3800 illa
640 3737 793 3800 tenebret
824 3739 874 3800 sin
899 3745 930 3799 te
952 3738 1122 3800 auctoritas
1144 3736 1376 3809 commovebat,
1404 3737 1538 3799 nobisne
1561 3736 1707 3799 omnibus
1731 3742 1762 3797 et

438 3828 561 3890 Platoni
583 3829 644 3911 ipsi
667 3830 773 3894 nescio
796 3851 890 3913 quem
912 3829 1001 3894 illum
1024 3830 1260 3912 anteponebas‘l
1288 3831 1470 3911 praesertim
1494 3851 1564 3892 curn
1591 3831 1624 3892 in
1647 3850 1681 3893 re
1704 3850 1762 3912 pu·

438 3922 521 3986 blica
542 3924 689 4007 princeps
711 3944 781 3986 esse
804 3925 900 3987 velles
922 3924 962 3986 ad
985 3943 1116 4005 eamque
1139 3924 1287 3985 tuendam
1310 3944 1381 3986 cum
1405 3944 1526 3986 summa
1540 3933 1594 3986 tua
1610 3923 1761 4006 dignitate

333 4021 338 4029 '
440 4018 575 4079 maxime
596 4036 617 4079 a
638 4017 727 4080 nobis
750 4018 854 4080 ornari
875 4025 971 4101 atque
994 4016 1107 4078 instrui
1129 4037 1248 4098 posses.
1285 4018 1419 4080 Anobis
1435 4019 1518 4080 enirn
1534 4018 1593 4080 ista
1608 4018 1760 4099 quaesita,

401 4121 458 4173 ata
480 4111 572 4174 nobis
596 4111 765 4193 descripta,
787 4120 910 4185 notata,
932 4119 1101 4194 praecepta
1116 4120 1202 4184 sunt,
1226 4112 1429 4195 omniumque
1445 4132 1548 4174 rerum
1565 4111 1760 4192 publicarum

439 4204 587 4267 rectionis
609 4224 741 4287 genera,
771 4213 887 4279 status,
916 4205 1123 4277 mutationes,
1153 4205 1238 4285 leges
1265 4206 1358 4266 etiam
1382 4212 1414 4267 et
1436 4206 1578 4268 instituta
1599 4225 1635 4267 ac
1658 4224 1761 4266 mores

440 4298 599 4362 civitatum
621 4300 869 4382 perscripsimus.
905 4299 1114 4380 Eloquentiae
1137 4319 1225 4371 vero,
1249 4318 1330 4381 quae
1353 4308 1384 4361 et
1406 4300 1600 4383 principibus
1625 4300 1761 4361 maximo

440 4401 622 4453 ornamento
653 4402 701 4454 est
728 4401 760 4455 et
790 4413 853 4475 qua
884 4400 914 4455 te
943 4392 1091 4454 audimus
1114 4393 1216 4455 valere
1238 4392 1423 4475 plurimum,
1455 4402 1605 4475 quantum
1638 4393 1692 4454 tihi
1722 4412 1762 4453 ex

440 4486 651 4548 monumentis
673 4487 787 4549 nostris
809 4486 1029 4549 addidisseslr
1067 4488 1113 4548 Ea
1128 4508 1198 4548 cum
1215 4485 1387 4560 dixissent,
1412 4487 1490 4569 quid
1506 4487 1632 4549 tandem
1648 4486 1761 4548 talibus

402 4580 516 4642 revisis
538 4580 770 4662 responderes?
803 4577 854 4643 62.
876 4580 1030 4661 Rogarem
1053 4590 1099 4654 te,
1122 4580 1240 4662 inquit,
1263 4590 1298 4642 ut
1320 4580 1440 4643 diceres
1463 4601 1520 4664 pro
1545 4602 1593 4643 me
1612 4590 1645 4642 tu
1667 4580 1762 4653 idem,

442 4673 497 4756 qui
518 4674 582 4736 illis
605 4674 781 4736 orationem
803 4674 1003 4746 dictavisses,
1034 4674 1084 4736 vel
1115 4676 1217 4757 potius
1240 4674 1366 4757 paulurn
1390 4675 1451 4737 loci
1475 4675 1568 4747 mihi,
1598 4674 1692 4737 utils
1715 4693 1763 4737 re-

504 4945 528 4995 3.
547 4944 623 4994 obteri
640 4944 673 4993 C:
697 4944 782 5005 aptari
798 4944 830 4999 B;
850 4944 933 5005 optari
950 4941 1000 4993 alii.
1020 4944 1115 4994 Mende
1132 4949 1190 4994 orta
1207 4948 1268 4995 sunt
1285 4959 1317 4994 ex
1334 4946 1463 5008 scriptura
1480 4946 1566 5007 opteri.
1587 4971 1613 4981 -
1634 4945 1657 4995 l.
1676 4946 1764 5007 (acilia

437 5019 483 5069 itta
499 5021 598 5082 quidem
614 5032 658 5068 aec
673 5019 849 5068 contemnenda
866 5019 960 5080 sigonii
974 5019 1071 5074 codex:
1089 5020 1175 5081 faciles
1191 5021 1247 5068 tttas
1264 5020 1361 5081 quidem
1377 5034 1416 5068 ree
1433 5034 1477 5069 nec
1493 5022 1682 5070 conternendas
1698 5023 1764 5072 Bre-

439 5095 518 5144 rntos.
549 5092 722 5157 corruptelae
743 5096 847 5156 signum
869 5092 970 5142 addidit
993 5093 1147 5157 Madvigius.
1171 5121 1198 5130 -
1227 5096 1250 5144 7.
1270 5100 1293 5143 ct
1309 5094 1379 5157 apta]
1402 5100 1477 5154 atque
1492 5100 1553 5154 apta
1572 5096 1589 5144 a
1608 5098 1667 5151 (nou
1686 5095 1713 5155 E)
1734 5123 1762 5133 -

438 5170 462 5219 8.
481 5170 525 5230 tm
541 5169 575 5227 Βς
597 5169 634 5217 bie
651 5170 671 5219 0
690 5194 717 5204 —
743 5169 766 5218 9.
786 5174 830 5217 aut
847 5169 959 5218 omnibus
975 5176 1020 5218 aut
1035 5171 1150 5231 plurimis
1167 5176 1190 5219 et
1206 5170 1360 5233 grauissimis
1377 5169 1552 5231 Wesenberg.
1572 5170 1610 5219 Ct.
1629 5171 1644 5233 '5
1661 5170 1701 5218 27.
1721 5170 1761 5221 dl.

441 5270 468 5281 -·
488 5245 553 5305 quod
574 5257 646 5293 mam
663 5244 791 5306 quondam
809 5244 943 5306 propriam
961 5245 1105 5307 Madvigius
1123 5248 1157 5305 (in
1173 5245 1360 5305 adnotatione).
1379 5245 1431 5294 Sed
1450 5245 1508 5294 vide
1527 5258 1560 5293 ne
1579 5245 1664 5308 potius
1681 5245 1762 5294 verba

439 5321 505 5382 quod
523 5318 657 5381 propriam
676 5317 789 5369 delenda
812 5320 872 5369 sint.
893 5346 920 5355 -
947 5320 987 5369 tii.
1004 5321 1040 5385 ut]
1062 5326 1083 5369 ct
1102 5322 1121 5371 E
1142 5348 1167 5356 -
1187 5335 1242 5370 eam
1259 5321 1298 5369 uel
1315 5323 1378 5381 (om.
1397 5322 1427 5379 et)
1446 5321 1465 5370 B
1486 5346 1512 5356 -
1536 5320 1574 5368 ti.
1593 5320 1633 5367 aet
1650 5321 1710 5374 (non
1727 5324 1762 5381 att

439 5398 519 5448 etiam
538 5397 556 5446 E
572 5422 597 5431 -
616 5408 673 5445 cum
690 5397 724 5457 is,
741 5410 799 5445 caan
815 5396 904 5460 quibus
919 5409 948 5445 re
963 5396 1118 5456 recumbat,
1137 5396 1205 5444 urhis
1217 5396 1360 5456 discrepare
1371 5396 1469 5445 Nonius
1480 5408 1505 5458 p.
1519 5394 1559 5445 t3.
1573 5420 1606 5430 -
1624 5394 1663 5443 ts.
1677 5394 1765 5453 natam

439 5486 493 5523 om.
512 5473 531 5522 B
546 5497 572 5506 -
591 5472 728 5520 συκάμινα
745 5472 766 5521 D
780 5496 807 5507 -·
826 5472 867 5521 20.
885 5470 932 5535 M]
949 5484 1035 5520 marco
1052 5472 1140 5521 BE-
1159 5472 1200 5520 st.
1219 5475 1311 5528 tatere,
1329 5471 1472 5519 audiremur
1484 5468 1663 5530 Wesenberg:
1683 5475 1765 5518 testera

438 5547 612 5599 ααάίναηωθ
627 5571 653 5583 -
672 5548 759 5596 mirati
776 5550 803 5597 et
814 5548 838 5603 1.
857 5547 915 5610 §te
927 5549 1099 5597 admiraretur
1116 5546 1185 5595 Bake
1198 5544 1231 5594 de
1244 5544 1412 5594 emendando
1425 5545 1560 5593 Ciceronis
1572 5544 1680 5592 Oratore
1693 5557 1719 5606 p.
1733 5544 1763 5592 37

440 5623 498 5674 coll.
520 5624 574 5673 Cic.
594 5623 628 5673 de
645 5623 716 5672 Oret.
735 5625 770 5681 tl,
790 5622 805 5685 5
822 5623 863 5672 59,
885 5650 911 5660 -
935 5623 975 5672 bt.
994 5622 1071 5683 specie
1088 5621 1114 5667 ia
1131 5620 1334 5668 ammiraciouem
1352 5620 1386 5672 Bz
1407 5632 1444 5679 sp.
1464 5619 1490 5666 in
1507 5618 1585 5666 animi
1601 5618 1727 5665 racionem
1746 5616 1764 5666 E

441 5724 468 5735 -
488 5698 528 5747 26.
546 5697 645 5747 oabime
660 5699 693 5756 B;
716 5698 817 5747 stabim
834 5698 853 5747 E
872 5724 898 5734 -
922 5700 962 5747 29.
982 5698 1001 5746 Α
1019 5696 1089 5746 nohis
1105 5694 1260 5745 Lambinus:
1287 5694 1361 5742 Nobis
1378 5692 1456 5743 codd.
1476 5695 1503 5742 et
1520 5694 1548 5742 0.
1572 5693 1609 5741 Ct.
1630 5704 1683 5741 var.
1703 5690 1763 5739 teci.

441 5774 473 5836 §S
491 5772 531 5823 ld.
550 5773 590 5823 73.
610 5774 651 5823 78.
667 5800 694 5810 -
713 5774 752 5824 at.
771 5773 887 5822 rectionis
901 5786 995 5836 genera
1013 5770 1155 5832 Madvigius
1173 5771 1207 5828 tin
1219 5768 1408 5828 adnotationel:
1428 5769 1555 5827 rectiones,
1573 5779 1666 5829 genera
1684 5764 1761 5814 codd.

442 5850 530 5910 tetiam
547 5849 604 5909 BC)
622 5851 650 5898 et
666 5849 720 5898 M0
739 5873 767 5886 -
786 5847 827 5898 di.
844 5849 958 5896 mammo
974 5862 1029 5897 om.
1048 5848 1084 5897 D:
1104 5846 1216 5895 mammo
1233 5858 1246 5893 e
1262 5859 1318 5893 om.
1338 5846 1371 5902 B;
1388 5844 1503 5893 marimo
1517 5857 1587 5892 com.
1601 5843 1634 5901 E,
1652 5842 1763 5891 murima

442 5936 497 5973 om.
516 5925 598 5973 ceteri
615 5922 694 5974 codd.
716 5950 743 5961 -
762 5922 802 5975 dl.
822 5921 889 5987 quid]
908 5922 973 5985 quod
989 5922 1038 5973 BE
1058 5948 1084 5957 -
1104 5920 1145 5971 36.
1163 5921 1208 5981 aps
1225 5921 1256 5978 83
1274 5920 1311 5970 iis
1328 5920 1357 5970 0.
