<?xml version="1.0" encoding="UTF-8"?>
<!DOCTYPE html PUBLIC "-//W3C//DTD XHTML 1.0 Transitional//EN"
    "http://www.w3.org/TR/xhtml1/DTD/xhtml1-transitional.dtd">
<html xmlns="http://www.w3.org/1999/xhtml" xml:lang="en" lang="en">
 <head>
  <title>
</title>
<meta http-equiv="Content-Type" content="text/html;charset=utf-8" />
  <meta name='ocr-system' content='tesseract 3.04.00' />
  <meta name='ocr-capabilities' content='ocr_page ocr_carea ocr_par ocr_line ocrx_word'/>
</head>
<body>
  <div class='ocr_page' id='page_1' title='image "./operaquaesupers00halmgoog/operaquaesupers00halmgoog_0970.png"; bbox 0 0 4342 7459; ppageno 0'>
   <div class='ocr_carea' id='block_1_1' title="bbox 438 1222 1215 1297">
    <p class='ocr_par' dir='ltr' id='par_1_1' title="bbox 438 1222 1215 1297">
     <span class='ocr_line' id='line_1_1' title="bbox 438 1222 1215 1297; baseline 0.001 -3"><span class='ocrx_word' id='word_1_1' title='bbox 438 1222 508 1294; x_wconf 64' lang='lat' dir='ltr'><strong>ml</strong></span> <span class='ocrx_word' id='word_1_2' title='bbox 976 1284 978 1288; x_wconf 88' lang='lat'><em>.</em></span> <span class='ocrx_word' id='word_1_3' title='bbox 1000 1227 1215 1297; x_wconf 71' lang='lat' dir='ltr'><strong>montom</strong></span> 
     </span>
    </p>
   </div>
   <div class='ocr_carea' id='block_1_2' title="bbox 387 1383 1778 2687">
    <p class='ocr_par' dir='ltr' id='par_1_2' title="bbox 421 1383 1778 2033">
     <span class='ocr_line' id='line_1_2' title="bbox 446 1383 1771 1466; baseline -0.001 -17"><span class='ocrx_word' id='word_1_4' title='bbox 446 1386 569 1450; x_wconf 88' lang='lat' dir='ltr'><strong>comitia</strong></span> <span class='ocrx_word' id='word_1_5' title='bbox 592 1385 765 1452; x_wconf 89' lang='lat' dir='ltr'><strong>consularia</strong></span> <span class='ocrx_word' id='word_1_6' title='bbox 793 1387 895 1450; x_wconf 86' lang='lat' dir='ltr'><strong>lotura</strong></span> <span class='ocrx_word' id='word_1_7' title='bbox 919 1392 1025 1452; x_wconf 86' lang='lat' dir='ltr'><strong>erant:</strong></span> <span class='ocrx_word' id='word_1_8' title='bbox 1057 1386 1168 1448; x_wconf 87' lang='lat' dir='ltr'><strong>timere</strong></span> <span class='ocrx_word' id='word_1_9' title='bbox 1194 1402 1269 1466; x_wconf 74' lang='lat' dir='ltr'><strong>erpo</strong></span> <span class='ocrx_word' id='word_1_10' title='bbox 1290 1400 1327 1448; x_wconf 85' lang='lat' dir='ltr'><strong>ss</strong></span> <span class='ocrx_word' id='word_1_11' title='bbox 1349 1401 1395 1448; x_wconf 88' lang='lat' dir='ltr'><strong>ne</strong></span> <span class='ocrx_word' id='word_1_12' title='bbox 1409 1383 1548 1448; x_wconf 75' lang='lat' dir='ltr'><strong>Sonam</strong></span> <span class='ocrx_word' id='word_1_13' title='bbox 1566 1400 1608 1448; x_wconf 86' lang='lat' dir='ltr'><strong>oa</strong></span> <span class='ocrx_word' id='word_1_14' title='bbox 1624 1384 1771 1466; x_wconf 85' lang='lat' dir='ltr'><strong>pecnnia,</strong></span> 
     </span>
     <span class='ocr_line' id='line_1_3' title="bbox 446 1478 1773 1561; baseline -0.003 -17"><span class='ocrx_word' id='word_1_15' title='bbox 446 1497 540 1560; x_wconf 87' lang='lat' dir='ltr'><strong>quam</strong></span> <span class='ocrx_word' id='word_1_16' title='bbox 560 1480 601 1543; x_wconf 90' lang='lat' dir='ltr'><strong>ab</strong></span> <span class='ocrx_word' id='word_1_17' title='bbox 621 1480 713 1543; x_wconf 89' lang='lat' dir='ltr'><strong>sociis</strong></span> <span class='ocrx_word' id='word_1_18' title='bbox 732 1478 925 1557; x_wconf 82' lang='lat' dir='ltr'><strong>abstulisset,</strong></span> <span class='ocrx_word' id='word_1_19' title='bbox 946 1486 1066 1541; x_wconf 87' lang='lat' dir='ltr'><strong>emeret</strong></span> <span class='ocrx_word' id='word_1_20' title='bbox 1085 1478 1280 1544; x_wconf 87' lang='lat' dir='ltr'><strong>consulatum</strong></span> <span class='ocrx_word' id='word_1_21' title='bbox 1294 1487 1337 1557; x_wconf 92' lang='lat' dir='ltr'><strong>et,</strong></span> <span class='ocrx_word' id='word_1_22' title='bbox 1357 1480 1440 1544; x_wconf 84' lang='lat' dir='ltr'><strong>sicut</strong></span> <span class='ocrx_word' id='word_1_23' title='bbox 1447 1486 1540 1561; x_wconf 89' lang='lat' dir='ltr'><strong>pater</strong></span> <span class='ocrx_word' id='word_1_24' title='bbox 1552 1478 1621 1541; x_wconf 90' lang='lat' dir='ltr'><strong>eins</strong></span> <span class='ocrx_word' id='word_1_25' title='bbox 1632 1478 1773 1559; x_wconf 69' lang='lat' dir='ltr'><strong>iecissm,</strong></span> 
     </span>
     <span class='ocr_line' id='line_1_4' title="bbox 446 1571 1775 1657; baseline -0.001 -20"><span class='ocrx_word' id='word_1_26' title='bbox 446 1582 518 1637; x_wconf 89' lang='lat' dir='ltr'><strong>ante</strong></span> <span class='ocrx_word' id='word_1_27' title='bbox 538 1592 633 1655; x_wconf 88' lang='lat' dir='ltr'><strong>quam</strong></span> <span class='ocrx_word' id='word_1_28' title='bbox 648 1571 693 1639; x_wconf 61' lang='lat' dir='ltr'><strong>‘de</strong></span> <span class='ocrx_word' id='word_1_29' title='bbox 712 1592 751 1637; x_wconf 92' lang='lat' dir='ltr'><strong>eo</strong></span> <span class='ocrx_word' id='word_1_30' title='bbox 768 1572 900 1638; x_wconf 86' lang='lat' dir='ltr'><strong>indicari</strong></span> <span class='ocrx_word' id='word_1_31' title='bbox 918 1582 1044 1657; x_wconf 87' lang='lat' dir='ltr'><strong>posset,</strong></span> <span class='ocrx_word' id='word_1_32' title='bbox 1064 1574 1278 1655; x_wconf 76' lang='lat' dir='ltr'><strong>magistratum</strong></span> <span class='ocrx_word' id='word_1_33' title='bbox 1292 1574 1390 1637; x_wconf 54' lang='lat' dir='ltr'><strong>&gt;iniret</strong></span> <span class='ocrx_word' id='word_1_34' title='bbox 1402 1591 1446 1637; x_wconf 86' lang='lat' dir='ltr'><strong>ae</strong></span> <span class='ocrx_word' id='word_1_35' title='bbox 1463 1591 1574 1638; x_wconf 88' lang='lat' dir='ltr'><strong>rursus</strong></span> <span class='ocrx_word' id='word_1_36' title='bbox 1593 1580 1669 1636; x_wconf 91' lang='lat' dir='ltr'><strong>aute</strong></span> <span class='ocrx_word' id='word_1_37' title='bbox 1696 1572 1775 1637; x_wconf 86' lang='lat' dir='ltr'><strong>alias</strong></span> 
     </span>
     <span class='ocr_line' id='line_1_5' title="bbox 445 1664 1775 1760; baseline 0 -30"><span class='ocrx_word' id='word_1_38' title='bbox 445 1669 621 1750; x_wconf 88' lang='lat' dir='ltr'><strong>provincias</strong></span> <span class='ocrx_word' id='word_1_39' title='bbox 656 1668 806 1760; x_wconf 75' lang='lat' dir='ltr'><strong>spoliaret</strong></span> <span class='ocrx_word' id='word_1_40' title='bbox 839 1686 933 1750; x_wconf 89' lang='lat' dir='ltr'><strong>quam</strong></span> <span class='ocrx_word' id='word_1_41' title='bbox 970 1669 1120 1732; x_wconf 88' lang='lat' dir='ltr'><strong>rationem</strong></span> <span class='ocrx_word' id='word_1_42' title='bbox 1152 1669 1277 1750; x_wconf 78' lang='lat' dir='ltr'><strong>prioris</strong></span> <span class='ocrx_word' id='word_1_43' title='bbox 1301 1666 1576 1732; x_wconf 70' lang='lat' dir='ltr'><strong>administrationis</strong></span> <span class='ocrx_word' id='word_1_44' title='bbox 1608 1664 1775 1730; x_wconf 87' lang='lat' dir='ltr'><strong>redderet.</strong></span> 
     </span>
     <span class='ocr_line' id='line_1_6' title="bbox 421 1760 1775 1845; baseline -0.001 -21"><span class='ocrx_word' id='word_1_45' title='bbox 421 1763 584 1826; x_wconf 81' lang='lat' dir='ltr'><strong>rScaurus</strong></span> <span class='ocrx_word' id='word_1_46' title='bbox 610 1782 762 1827; x_wconf 89' lang='lat' dir='ltr'><strong>summam</strong></span> <span class='ocrx_word' id='word_1_47' title='bbox 786 1763 930 1827; x_wconf 67' lang='lat' dir='ltr'><strong>dducam</strong></span> <span class='ocrx_word' id='word_1_48' title='bbox 949 1764 980 1826; x_wconf 94' lang='lat' dir='ltr'><strong>in</strong></span> <span class='ocrx_word' id='word_1_49' title='bbox 1000 1763 1121 1845; x_wconf 86' lang='lat' dir='ltr'><strong>paterni</strong></span> <span class='ocrx_word' id='word_1_50' title='bbox 1145 1762 1279 1826; x_wconf 88' lang='lat' dir='ltr'><strong>nominis</strong></span> <span class='ocrx_word' id='word_1_51' title='bbox 1302 1762 1471 1843; x_wconf 68' lang='lat' dir='ltr'><strong>digmtaw,</strong></span> <span class='ocrx_word' id='word_1_52' title='bbox 1495 1780 1642 1843; x_wconf 76' lang='lat' dir='ltr'><strong>magnam</strong></span> <span class='ocrx_word' id='word_1_53' title='bbox 1660 1760 1696 1824; x_wconf 89' lang='lat' dir='ltr'><strong>in</strong></span> <span class='ocrx_word' id='word_1_54' title='bbox 1716 1761 1775 1823; x_wconf 83' lang='lat' dir='ltr'><strong>Gn.</strong></span> 
     </span>
     <span class='ocr_line' id='line_1_7' title="bbox 446 1854 1778 1939; baseline 0.001 -21"><span class='ocrx_word' id='word_1_55' title='bbox 446 1857 584 1938; x_wconf 88' lang='lat' dir='ltr'><strong>Pompeii</strong></span> <span class='ocrx_word' id='word_1_56' title='bbox 602 1858 701 1939; x_wconf 77' lang='lat' dir='ltr'><strong>llagni</strong></span> <span class='ocrx_word' id='word_1_57' title='bbox 725 1856 909 1939; x_wconf 86' lang='lat' dir='ltr'><strong>reponebat.</strong></span> <span class='ocrx_word' id='word_1_58' title='bbox 953 1856 1097 1920; x_wconf 75' lang='lat' dir='ltr'><strong>Habebat</strong></span> <span class='ocrx_word' id='word_1_59' title='bbox 1121 1857 1203 1924; x_wconf 87' lang='lat' dir='ltr'><strong>enim</strong></span> <span class='ocrx_word' id='word_1_60' title='bbox 1226 1854 1340 1935; x_wconf 89' lang='lat' dir='ltr'><strong>lilium,</strong></span> <span class='ocrx_word' id='word_1_61' title='bbox 1366 1854 1536 1923; x_wconf 84' lang='lat' dir='ltr'><strong>liberorum</strong></span> <span class='ocrx_word' id='word_1_62' title='bbox 1556 1855 1614 1919; x_wconf 87' lang='lat' dir='ltr'><strong>Gn.</strong></span> <span class='ocrx_word' id='word_1_63' title='bbox 1635 1854 1778 1937; x_wconf 86' lang='lat' dir='ltr'><strong>Pompeii</strong></span> 
     </span>
     <span class='ocr_line' id='line_1_8' title="bbox 441 1949 1777 2033; baseline 0 -20"><span class='ocrx_word' id='word_1_64' title='bbox 441 1949 587 2013; x_wconf 69' lang='lat' dir='ltr'><strong>mtrem:</strong></span> <span class='ocrx_word' id='word_1_65' title='bbox 607 1969 680 2014; x_wconf 84' lang='lat' dir='ltr'><strong>nam</strong></span> <span class='ocrx_word' id='word_1_66' title='bbox 693 1952 839 2031; x_wconf 86' lang='lat' dir='ltr'><strong>Tertiam,</strong></span> <span class='ocrx_word' id='word_1_67' title='bbox 860 1951 1030 2015; x_wconf 84' lang='lat' dir='ltr'><strong>Scaevolae</strong></span> <span class='ocrx_word' id='word_1_68' title='bbox 1052 1951 1158 2029; x_wconf 87' lang='lat' dir='ltr'><strong>filiam,</strong></span> <span class='ocrx_word' id='word_1_69' title='bbox 1178 1950 1338 2017; x_wconf 84' lang='lat' dir='ltr'><strong>dimissam</strong></span> <span class='ocrx_word' id='word_1_70' title='bbox 1357 1967 1377 2015; x_wconf 88' lang='lat' dir='ltr'><strong>a</strong></span> <span class='ocrx_word' id='word_1_71' title='bbox 1397 1952 1545 2033; x_wconf 76' lang='lat' dir='ltr'><strong>Pompeio</strong></span> <span class='ocrx_word' id='word_1_72' title='bbox 1560 1951 1593 2012; x_wconf 93' lang='lat' dir='ltr'><strong>iu</strong></span> <span class='ocrx_word' id='word_1_73' title='bbox 1611 1950 1777 2014; x_wconf 82' lang='lat' dir='ltr'><strong>matrimo-</strong></span> 
     </span>
    </p>

    <p class='ocr_par' dir='ltr' id='par_1_3' title="bbox 387 2041 1777 2687">
     <span class='ocr_line' id='line_1_9' title="bbox 387 2041 1776 2125; baseline 0.001 -20"><span class='ocrx_word' id='word_1_74' title='bbox 387 2081 389 2084; x_wconf 93' lang='lat'><em>-</em></span> <span class='ocrx_word' id='word_1_75' title='bbox 439 2044 530 2106; x_wconf 76' lang='lat' dir='ltr'><strong>mum</strong></span> <span class='ocrx_word' id='word_1_76' title='bbox 549 2041 692 2108; x_wconf 78' lang='lat' dir='ltr'><strong>duxerat.</strong></span> <span class='ocrx_word' id='word_1_77' title='bbox 729 2046 769 2108; x_wconf 88' lang='lat' dir='ltr'><strong>ll.</strong></span> <span class='ocrx_word' id='word_1_78' title='bbox 780 2046 931 2109; x_wconf 80' lang='lat' dir='ltr'><strong>(latorem</strong></span> <span class='ocrx_word' id='word_1_79' title='bbox 948 2054 1064 2123; x_wconf 90' lang='lat' dir='ltr'><strong>autem,</strong></span> <span class='ocrx_word' id='word_1_80' title='bbox 1084 2045 1138 2125; x_wconf 93' lang='lat' dir='ltr'><strong>qui</strong></span> <span class='ocrx_word' id='word_1_81' title='bbox 1152 2043 1363 2124; x_wconf 90' lang='lat' dir='ltr'><strong>idiudieium,</strong></span> <span class='ocrx_word' id='word_1_82' title='bbox 1382 2043 1776 2123; x_wconf 63' lang='lat' dir='ltr'><strong>dinumeremus,</strong></span> 
     </span>
     <span class='ocr_line' id='line_1_10' title="bbox 440 2129 1777 2225; baseline 0.001 -27"><span class='ocrx_word' id='word_1_83' title='bbox 440 2136 605 2200; x_wconf 86' lang='lat' dir='ltr'><strong>metuebat</strong></span> <span class='ocrx_word' id='word_1_84' title='bbox 632 2136 802 2225; x_wconf 88' lang='lat' dir='ltr'><strong>admodum</strong></span> <span class='ocrx_word' id='word_1_85' title='bbox 829 2129 959 2220; x_wconf 84' lang='lat' dir='ltr'><strong>propter</strong></span> <span class='ocrx_word' id='word_1_86' title='bbox 985 2137 1168 2215; x_wconf 74' lang='lat' dir='ltr'><strong>amicitiam,</strong></span> <span class='ocrx_word' id='word_1_87' title='bbox 1188 2155 1271 2219; x_wconf 88' lang='lat' dir='ltr'><strong>quae</strong></span> <span class='ocrx_word' id='word_1_88' title='bbox 1297 2145 1364 2202; x_wconf 88' lang='lat' dir='ltr'><strong>erat</strong></span> <span class='ocrx_word' id='word_1_89' title='bbox 1383 2136 1428 2199; x_wconf 89' lang='lat' dir='ltr'><strong>illi</strong></span> <span class='ocrx_word' id='word_1_90' title='bbox 1452 2138 1676 2202; x_wconf 78' lang='lat' dir='ltr'><strong>oum&#39;l&#39;riarioz</strong></span> <span class='ocrx_word' id='word_1_91' title='bbox 1701 2155 1777 2200; x_wconf 87' lang='lat' dir='ltr'><strong>nam</strong></span> 
     </span>
     <span class='ocr_line' id='line_1_11' title="bbox 401 2228 1777 2317; baseline 0.004 -28"><span class='ocrx_word' id='word_1_92' title='bbox 401 2228 590 2302; x_wconf 42' lang='lat' dir='ltr'><strong>‘rolilamiuia</strong></span> <span class='ocrx_word' id='word_1_93' title='bbox 609 2231 716 2317; x_wconf 80' lang='lat' dir='ltr'><strong>Triarii</strong></span> <span class='ocrx_word' id='word_1_94' title='bbox 731 2239 844 2295; x_wconf 73' lang='lat' dir='ltr'><strong>&#39;mater</strong></span> <span class='ocrx_word' id='word_1_95' title='bbox 863 2240 895 2294; x_wconf 91' lang='lat' dir='ltr'><strong>et</strong></span> <span class='ocrx_word' id='word_1_96' title='bbox 913 2233 982 2313; x_wconf 85' lang='lat' dir='ltr'><strong>ipse</strong></span> <span class='ocrx_word' id='word_1_97' title='bbox 1000 2232 1138 2294; x_wconf 80' lang='lat' dir='ltr'><strong>Triarius</strong></span> <span class='ocrx_word' id='word_1_98' title='bbox 1162 2246 1301 2294; x_wconf 90' lang='lat' dir='ltr'><strong>sororem</strong></span> <span class='ocrx_word' id='word_1_99' title='bbox 1330 2232 1457 2295; x_wconf 80' lang='lat' dir='ltr'><strong>catonis</strong></span> <span class='ocrx_word' id='word_1_100' title='bbox 1485 2229 1666 2310; x_wconf 71' lang='lat' dir='ltr'><strong>Seruiliam,</strong></span> <span class='ocrx_word' id='word_1_101' title='bbox 1691 2247 1777 2313; x_wconf 82' lang='lat' dir='ltr'><strong>qnae</strong></span> 
     </span>
     <span class='ocr_line' id='line_1_12' title="bbox 441 2322 1777 2407; baseline 0.001 -21"><span class='ocrx_word' id='word_1_102' title='bbox 441 2329 543 2386; x_wconf 89' lang='lat' dir='ltr'><strong>mater</strong></span> <span class='ocrx_word' id='word_1_103' title='bbox 558 2324 598 2387; x_wconf 81' lang='lat' dir='ltr'><strong>ll.</strong></span> <span class='ocrx_word' id='word_1_104' title='bbox 620 2324 706 2388; x_wconf 81' lang='lat' dir='ltr'><strong>Bruti</strong></span> <span class='ocrx_word' id='word_1_105' title='bbox 723 2325 790 2405; x_wconf 86' lang='lat' dir='ltr'><strong>init,</strong></span> <span class='ocrx_word' id='word_1_106' title='bbox 808 2324 998 2390; x_wconf 83' lang='lat' dir='ltr'><strong>familiariter</strong></span> <span class='ocrx_word' id='word_1_107' title='bbox 1015 2324 1183 2406; x_wconf 78' lang='lat' dir='ltr'><strong>diligebatt</strong></span> <span class='ocrx_word' id='word_1_108' title='bbox 1210 2337 1249 2389; x_wconf 83' lang='lat' dir='ltr'><strong>oa</strong></span> <span class='ocrx_word' id='word_1_109' title='bbox 1265 2344 1359 2407; x_wconf 88' lang='lat' dir='ltr'><strong>porro</strong></span> <span class='ocrx_word' id='word_1_110' title='bbox 1377 2322 1465 2406; x_wconf 86' lang='lat' dir='ltr'><strong>apud·</strong></span> <span class='ocrx_word' id='word_1_111' title='bbox 1483 2324 1635 2389; x_wconf 81' lang='lat' dir='ltr'><strong>Catonem</strong></span> <span class='ocrx_word' id='word_1_112' title='bbox 1646 2333 1777 2389; x_wconf 58' lang='lat' dir='ltr'><strong>maten</strong></span> 
     </span>
     <span class='ocr_line' id='line_1_13' title="bbox 440 2416 1775 2501; baseline 0.003 -22"><span class='ocrx_word' id='word_1_113' title='bbox 440 2434 514 2480; x_wconf 90' lang='lat' dir='ltr'><strong>nam</strong></span> <span class='ocrx_word' id='word_1_114' title='bbox 533 2416 695 2481; x_wconf 78' lang='lat' dir='ltr'><strong>obtinebat</strong></span> <span class='ocrx_word' id='word_1_115' title='bbox 718 2420 942 2483; x_wconf 89' lang='lat' dir='ltr'><strong>auctoritatem.</strong></span> <span class='ocrx_word' id='word_1_116' title='bbox 990 2416 1056 2481; x_wconf 90' lang='lat' dir='ltr'><strong>Sed</strong></span> <span class='ocrx_word' id='word_1_117' title='bbox 1075 2420 1107 2484; x_wconf 88' lang='lat' dir='ltr'><strong>in</strong></span> <span class='ocrx_word' id='word_1_118' title='bbox 1126 2438 1164 2482; x_wconf 92' lang='lat' dir='ltr'><strong>eo</strong></span> <span class='ocrx_word' id='word_1_119' title='bbox 1182 2418 1296 2483; x_wconf 89' lang='lat' dir='ltr'><strong>iudicio</strong></span> <span class='ocrx_word' id='word_1_120' title='bbox 1317 2435 1422 2501; x_wconf 86' lang='lat' dir='ltr'><strong>aeque</strong></span> <span class='ocrx_word' id='word_1_121' title='bbox 1441 2417 1608 2499; x_wconf 79' lang='lat' dir='ltr'><strong>Pompeius</strong></span> <span class='ocrx_word' id='word_1_122' title='bbox 1628 2436 1775 2501; x_wconf 74' lang='lat' dir='ltr'><strong>propec-</strong></span> 
     </span>
     <span class='ocr_line' id='line_1_14' title="bbox 441 2509 1775 2594; baseline -0.001 -18"><span class='ocrx_word' id='word_1_123' title='bbox 441 2530 512 2578; x_wconf 87' lang='lat' dir='ltr'><strong>sum</strong></span> <span class='ocrx_word' id='word_1_124' title='bbox 531 2509 717 2577; x_wconf 83' lang='lat' dir='ltr'><strong>adiutorium</strong></span> <span class='ocrx_word' id='word_1_125' title='bbox 736 2512 881 2594; x_wconf 86' lang='lat' dir='ltr'><strong>praebuit</strong></span> <span class='ocrx_word' id='word_1_126' title='bbox 896 2546 934 2561; x_wconf 89' lang='lat'><em>—</em></span> <span class='ocrx_word' id='word_1_127' title='bbox 948 2511 1115 2580; x_wconf 86' lang='lat' dir='ltr'><strong>ridebatur</strong></span> <span class='ocrx_word' id='word_1_128' title='bbox 1134 2514 1216 2580; x_wconf 89' lang='lat' dir='ltr'><strong>enim</strong></span> <span class='ocrx_word' id='word_1_129' title='bbox 1236 2511 1321 2594; x_wconf 82' lang='lat' dir='ltr'><strong>epod</strong></span> <span class='ocrx_word' id='word_1_130' title='bbox 1340 2512 1478 2581; x_wconf 85' lang='lat' dir='ltr'><strong>animum</strong></span> <span class='ocrx_word' id='word_1_131' title='bbox 1497 2511 1565 2579; x_wconf 80' lang='lat' dir='ltr'><strong>eius</strong></span> <span class='ocrx_word' id='word_1_132' title='bbox 1584 2529 1648 2580; x_wconf 89' lang='lat' dir='ltr'><strong>uon</strong></span> <span class='ocrx_word' id='word_1_133' title='bbox 1669 2512 1775 2586; x_wconf 81' lang='lat' dir='ltr'><strong>minus</strong></span> 
     </span>
     <span class='ocr_line' id='line_1_15' title="bbox 442 2603 1777 2687; baseline -0.001 -15"><span class='ocrx_word' id='word_1_134' title='bbox 442 2605 621 2672; x_wconf 85' lang='lat' dir='ltr'><strong>oileusionis</strong></span> <span class='ocrx_word' id='word_1_135' title='bbox 640 2606 846 2683; x_wconf 76' lang='lat' dir='ltr'><strong>mnoaxisse,</strong></span> <span class='ocrx_word' id='word_1_136' title='bbox 866 2604 954 2687; x_wconf 90' lang='lat' dir='ltr'><strong>quod</strong></span> <span class='ocrx_word' id='word_1_137' title='bbox 970 2606 1119 2672; x_wconf 88' lang='lat' dir='ltr'><strong>iudicium</strong></span> <span class='ocrx_word' id='word_1_138' title='bbox 1139 2609 1207 2674; x_wconf 87' lang='lat' dir='ltr'><strong>eius</strong></span> <span class='ocrx_word' id='word_1_139' title='bbox 1219 2607 1252 2676; x_wconf 88' lang='lat' dir='ltr'><strong>in</strong></span> <span class='ocrx_word' id='word_1_140' title='bbox 1264 2608 1394 2673; x_wconf 72' lang='lat' dir='ltr'><strong>Monam</strong></span> <span class='ocrx_word' id='word_1_141' title='bbox 1413 2603 1544 2672; x_wconf 86' lang='lat' dir='ltr'><strong>crimine</strong></span> <span class='ocrx_word' id='word_1_142' title='bbox 1560 2604 1777 2687; x_wconf 83' lang='lat' dir='ltr'><strong>impudicitiae</strong></span> 
     </span>
    </p>
   </div>
   <div class='ocr_carea' id='block_1_3' title="bbox 274 2698 1775 2783">
    <p class='ocr_par' dir='ltr' id='par_1_4' title="bbox 274 2698 1775 2783">
     <span class='ocr_line' id='line_1_16' title="bbox 274 2698 1775 2783; baseline 0.001 -17"><span class='ocrx_word' id='word_1_143' title='bbox 274 2730 279 2737; x_wconf 53' lang='lat'><em>2</em></span> <span class='ocrx_word' id='word_1_144' title='bbox 403 2698 483 2768; x_wconf 82' lang='lat' dir='ltr'><strong>oab</strong></span> <span class='ocrx_word' id='word_1_145' title='bbox 504 2718 543 2763; x_wconf 92' lang='lat' dir='ltr'><strong>eo</strong></span> <span class='ocrx_word' id='word_1_146' title='bbox 562 2700 721 2764; x_wconf 76' lang='lat' dir='ltr'><strong>dimissam</strong></span> <span class='ocrx_word' id='word_1_147' title='bbox 748 2699 848 2766; x_wconf 87' lang='lat' dir='ltr'><strong>levius</strong></span> <span class='ocrx_word' id='word_1_148' title='bbox 872 2701 985 2766; x_wconf 82' lang='lat' dir='ltr'><strong>iecisse</strong></span> <span class='ocrx_word' id='word_1_149' title='bbox 1018 2702 1263 2782; x_wconf 87' lang='lat' dir='ltr'><strong>existimaretur,</strong></span> <span class='ocrx_word' id='word_1_150' title='bbox 1279 2720 1280 2723; x_wconf 45' lang='lat'>¹</span> <span class='ocrx_word' id='word_1_151' title='bbox 1297 2718 1369 2766; x_wconf 92' lang='lat' dir='ltr'><strong>oum</strong></span> <span class='ocrx_word' id='word_1_152' title='bbox 1395 2719 1466 2767; x_wconf 85' lang='lat' dir='ltr'><strong>eam</strong></span> <span class='ocrx_word' id='word_1_153' title='bbox 1499 2700 1568 2783; x_wconf 83' lang='lat' dir='ltr'><strong>ipso</strong></span> <span class='ocrx_word' id='word_1_154' title='bbox 1589 2699 1775 2781; x_wconf 74' lang='lat' dir='ltr'><strong>probasset.</strong></span> 
     </span>
    </p>
   </div>
   <div class='ocr_carea' id='block_1_4' title="bbox 405 2792 1778 3726">
    <p class='ocr_par' dir='ltr' id='par_1_5' title="bbox 405 2792 1778 3726">
     <span class='ocr_line' id='line_1_17' title="bbox 442 2792 1776 2877; baseline 0.003 -21"><span class='ocrx_word' id='word_1_155' title='bbox 442 2810 537 2873; x_wconf 89' lang='lat' dir='ltr'><strong>qnam</strong></span> <span class='ocrx_word' id='word_1_156' title='bbox 557 2795 674 2875; x_wconf 79' lang='lat' dir='ltr'><strong>gratiae</strong></span> <span class='ocrx_word' id='word_1_157' title='bbox 694 2795 869 2877; x_wconf 78' lang='lat' dir='ltr'><strong>acquisisse</strong></span> <span class='ocrx_word' id='word_1_158' title='bbox 886 2795 1129 2858; x_wconf 77' lang='lat' dir='ltr'><strong>necessitudinis</strong></span> <span class='ocrx_word' id='word_1_159' title='bbox 1147 2796 1226 2867; x_wconf 88' lang='lat' dir='ltr'><strong>iura,</strong></span> <span class='ocrx_word' id='word_1_160' title='bbox 1249 2792 1334 2877; x_wconf 88' lang='lat' dir='ltr'><strong>quod</strong></span> <span class='ocrx_word' id='word_1_161' title='bbox 1353 2812 1392 2856; x_wconf 86' lang='lat' dir='ltr'><strong>ex</strong></span> <span class='ocrx_word' id='word_1_162' title='bbox 1406 2795 1523 2868; x_wconf 75' lang='lat' dir='ltr'><strong>eudem¹</strong></span> <span class='ocrx_word' id='word_1_163' title='bbox 1535 2801 1676 2875; x_wconf 65' lang='lat' dir='ltr'><strong>ultorque&gt;</strong></span> <span class='ocrx_word' id='word_1_164' title='bbox 1691 2792 1776 2860; x_wconf 84' lang='lat' dir='ltr'><strong>libe-</strong></span> 
     </span>
     <span class='ocr_line' id='line_1_18' title="bbox 441 2886 1777 2976; baseline 0.001 -20"><span class='ocrx_word' id='word_1_165' title='bbox 441 2906 496 2956; x_wconf 87' lang='lat' dir='ltr'><strong>ros</strong></span> <span class='ocrx_word' id='word_1_166' title='bbox 514 2886 647 2956; x_wconf 87' lang='lat' dir='ltr'><strong>baberet</strong></span> <span class='ocrx_word' id='word_1_167' title='bbox 665 2921 702 2939; x_wconf 79' lang='lat'>-</span> <span class='ocrx_word' id='word_1_168' title='bbox 720 2906 825 2970; x_wconf 85' lang='lat' dir='ltr'><strong>noque</strong></span> <span class='ocrx_word' id='word_1_169' title='bbox 843 2889 920 2956; x_wconf 82' lang='lat' dir='ltr'><strong>cato</strong></span> <span class='ocrx_word' id='word_1_170' title='bbox 939 2888 981 2952; x_wconf 89' lang='lat' dir='ltr'><strong>ab</strong></span> <span class='ocrx_word' id='word_1_171' title='bbox 1000 2890 1158 2970; x_wconf 83' lang='lat' dir='ltr'><strong>acquitate</strong></span> <span class='ocrx_word' id='word_1_172' title='bbox 1178 2906 1234 2967; x_wconf 84' lang='lat' dir='ltr'><strong>ea,</strong></span> <span class='ocrx_word' id='word_1_173' title='bbox 1255 2906 1338 2972; x_wconf 86' lang='lat' dir='ltr'><strong>quae</strong></span> <span class='ocrx_word' id='word_1_174' title='bbox 1358 2896 1390 2952; x_wconf 89' lang='lat' dir='ltr'><strong>at</strong></span> <span class='ocrx_word' id='word_1_175' title='bbox 1410 2888 1600 2976; x_wconf 39' lang='lat' dir='ltr'><strong>ritamroiue</strong></span> <span class='ocrx_word' id='word_1_176' title='bbox 1620 2896 1654 2958; x_wconf 85' lang='lat' dir='ltr'><strong>ot</strong></span> <span class='ocrx_word' id='word_1_177' title='bbox 1673 2889 1777 2970; x_wconf 72' lang='lat' dir='ltr'><strong>mogi-</strong></span> 
     </span>
     <span class='ocr_line' id='line_1_19' title="bbox 443 2979 1776 3065; baseline 0.001 -20"><span class='ocrx_word' id='word_1_178' title='bbox 443 2989 573 3045; x_wconf 88' lang='lat' dir='ltr'><strong>stratum</strong></span> <span class='ocrx_word' id='word_1_179' title='bbox 601 2979 700 3045; x_wconf 82' lang='lat' dir='ltr'><strong>illum</strong></span> <span class='ocrx_word' id='word_1_180' title='bbox 717 2980 870 3061; x_wconf 87' lang='lat' dir='ltr'><strong>decebat,</strong></span> <span class='ocrx_word' id='word_1_181' title='bbox 900 2999 1058 3065; x_wconf 88' lang='lat' dir='ltr'><strong>quoquam</strong></span> <span class='ocrx_word' id='word_1_182' title='bbox 1088 2981 1224 3047; x_wconf 83' lang='lat' dir='ltr'><strong>deflexit.</strong></span> <span class='ocrx_word' id='word_1_183' title='bbox 1274 2985 1348 3046; x_wconf 85' lang='lat' dir='ltr'><strong>Post</strong></span> <span class='ocrx_word' id='word_1_184' title='bbox 1375 2981 1459 3054; x_wconf 84' lang='lat' dir='ltr'><strong>diem</strong></span> <span class='ocrx_word' id='word_1_185' title='bbox 1484 2989 1590 3052; x_wconf 79' lang='lat' dir='ltr'><strong>autern</strong></span> <span class='ocrx_word' id='word_1_186' title='bbox 1618 2991 1776 3065; x_wconf 77' lang='lat' dir='ltr'><strong>quartam,</strong></span> 
     </span>
     <span class='ocr_line' id='line_1_20' title="bbox 443 3071 1778 3157; baseline -0.001 -19"><span class='ocrx_word' id='word_1_187' title='bbox 443 3093 537 3156; x_wconf 90' lang='lat' dir='ltr'><strong>quam</strong></span> <span class='ocrx_word' id='word_1_188' title='bbox 561 3071 738 3156; x_wconf 85' lang='lat' dir='ltr'><strong>postulatus</strong></span> <span class='ocrx_word' id='word_1_189' title='bbox 762 3083 830 3140; x_wconf 90' lang='lat' dir='ltr'><strong>erat</strong></span> <span class='ocrx_word' id='word_1_190' title='bbox 847 3075 1001 3157; x_wconf 86' lang='lat' dir='ltr'><strong>Scaurus,</strong></span> <span class='ocrx_word' id='word_1_191' title='bbox 1021 3078 1155 3139; x_wconf 83' lang='lat' dir='ltr'><strong>Faustus</strong></span> <span class='ocrx_word' id='word_1_192' title='bbox 1178 3075 1265 3140; x_wconf 91' lang='lat' dir='ltr'><strong>Sulla</strong></span> <span class='ocrx_word' id='word_1_193' title='bbox 1283 3086 1348 3138; x_wconf 92' lang='lat' dir='ltr'><strong>tum</strong></span> <span class='ocrx_word' id='word_1_194' title='bbox 1372 3083 1531 3157; x_wconf 89' lang='lat' dir='ltr'><strong>quaestor,</strong></span> <span class='ocrx_word' id='word_1_195' title='bbox 1558 3076 1642 3138; x_wconf 89' lang='lat' dir='ltr'><strong>lilius</strong></span> <span class='ocrx_word' id='word_1_196' title='bbox 1670 3074 1778 3139; x_wconf 90' lang='lat' dir='ltr'><strong>Sullae</strong></span> 
     </span>
     <span class='ocr_line' id='line_1_21' title="bbox 405 3162 1777 3252; baseline 0.004 -25"><span class='ocrx_word' id='word_1_197' title='bbox 405 3168 565 3247; x_wconf 82' lang='lat' dir='ltr'><strong>soFelicis,</strong></span> <span class='ocrx_word' id='word_1_198' title='bbox 585 3168 679 3233; x_wconf 84' lang='lat' dir='ltr'><strong>irater</strong></span> <span class='ocrx_word' id='word_1_199' title='bbox 698 3186 737 3231; x_wconf 86' lang='lat' dir='ltr'><strong>ex</strong></span> <span class='ocrx_word' id='word_1_200' title='bbox 758 3168 869 3232; x_wconf 86' lang='lat' dir='ltr'><strong>eadem</strong></span> <span class='ocrx_word' id='word_1_201' title='bbox 889 3176 988 3233; x_wconf 88' lang='lat' dir='ltr'><strong>matre</strong></span> <span class='ocrx_word' id='word_1_202' title='bbox 1007 3171 1117 3234; x_wconf 82' lang='lat' dir='ltr'><strong>Scauri</strong></span> <span class='ocrx_word' id='word_1_203' title='bbox 1131 3214 1261 3234; x_wconf 90' lang='grc'><strong>......</strong></span> <span class='ocrx_word' id='word_1_204' title='bbox 1276 3162 1395 3234; x_wconf 86' lang='lat' dir='ltr'><strong>servus</strong></span> <span class='ocrx_word' id='word_1_205' title='bbox 1407 3171 1475 3234; x_wconf 87' lang='lat' dir='ltr'><strong>eius</strong></span> <span class='ocrx_word' id='word_1_206' title='bbox 1494 3168 1680 3233; x_wconf 83' lang='lat' dir='ltr'><strong>vulneratus</strong></span> <span class='ocrx_word' id='word_1_207' title='bbox 1699 3189 1777 3252; x_wconf 90' lang='lat' dir='ltr'><strong>pro-</strong></span> 
     </span>
     <span class='ocr_line' id='line_1_22' title="bbox 441 3255 1777 3347; baseline 0.001 -20"><span class='ocrx_word' id='word_1_208' title='bbox 441 3262 528 3327; x_wconf 88' lang='lat' dir='ltr'><strong>siluit</strong></span> <span class='ocrx_word' id='word_1_209' title='bbox 545 3281 587 3326; x_wconf 86' lang='lat' dir='ltr'><strong>ex</strong></span> <span class='ocrx_word' id='word_1_210' title='bbox 605 3262 725 3327; x_wconf 88' lang='lat' dir='ltr'><strong>lecticis</strong></span> <span class='ocrx_word' id='word_1_211' title='bbox 737 3271 770 3326; x_wconf 90' lang='lat' dir='ltr'><strong>et</strong></span> <span class='ocrx_word' id='word_1_212' title='bbox 781 3272 914 3345; x_wconf 71' lang='lat' dir='ltr'><strong>questam</strong></span> <span class='ocrx_word' id='word_1_213' title='bbox 932 3273 992 3344; x_wconf 90' lang='lat' dir='ltr'><strong>est,</strong></span> <span class='ocrx_word' id='word_1_214' title='bbox 1014 3283 1071 3347; x_wconf 86' lang='lat' dir='ltr'><strong>pro</strong></span> <span class='ocrx_word' id='word_1_215' title='bbox 1089 3266 1276 3347; x_wconf 89' lang='lat' dir='ltr'><strong>interempto</strong></span> <span class='ocrx_word' id='word_1_216' title='bbox 1297 3282 1369 3328; x_wconf 89' lang='lat' dir='ltr'><strong>esse</strong></span> <span class='ocrx_word' id='word_1_217' title='bbox 1388 3255 1646 3347; x_wconf 75' lang='lat' dir='ltr'><strong>mapetmriuas</strong></span> <span class='ocrx_word' id='word_1_218' title='bbox 1663 3265 1777 3328; x_wconf 64' lang='lat' dir='ltr'><strong>Suam</strong></span> 
     </span>
     <span class='ocr_line' id='line_1_23' title="bbox 443 3356 1777 3443; baseline 0.001 -23"><span class='ocrx_word' id='word_1_219' title='bbox 443 3364 477 3419; x_wconf 88' lang='lat' dir='ltr'><strong>ot</strong></span> <span class='ocrx_word' id='word_1_220' title='bbox 494 3356 655 3421; x_wconf 88' lang='lat' dir='ltr'><strong>ambulare</strong></span> <span class='ocrx_word' id='word_1_221' title='bbox 674 3369 755 3429; x_wconf 64' lang='lat' dir='ltr'><strong>:cum</strong></span> <span class='ocrx_word' id='word_1_222' title='bbox 779 3359 928 3426; x_wconf 66' lang='lat' dir='ltr'><strong>trecenis</strong></span> <span class='ocrx_word' id='word_1_223' title='bbox 952 3361 1100 3440; x_wconf 84' lang='lat' dir='ltr'><strong>armatis,</strong></span> <span class='ocrx_word' id='word_1_224' title='bbox 1120 3377 1238 3443; x_wconf 88' lang='lat' dir='ltr'><strong>seque,</strong></span> <span class='ocrx_word' id='word_1_225' title='bbox 1253 3360 1292 3423; x_wconf 72' lang='lat' dir='ltr'><strong>‚si</strong></span> <span class='ocrx_word' id='word_1_226' title='bbox 1310 3366 1569 3438; x_wconf 73' lang='lat' dir='ltr'><strong>amasse-essai,</strong></span> <span class='ocrx_word' id='word_1_227' title='bbox 1587 3358 1651 3420; x_wconf 79' lang='lat' dir='ltr'><strong>tim</strong></span> <span class='ocrx_word' id='word_1_228' title='bbox 1670 3359 1704 3421; x_wconf 84' lang='lat' dir='ltr'><strong>ri</strong></span> <span class='ocrx_word' id='word_1_229' title='bbox 1722 3377 1777 3422; x_wconf 84' lang='lat' dir='ltr'><strong>ro·</strong></span> 
     </span>
     <span class='ocr_line' id='line_1_24' title="bbox 442 3452 1508 3535; baseline 0 -19"><span class='ocrx_word' id='word_1_230' title='bbox 442 3452 617 3535; x_wconf 88' lang='lat' dir='ltr'><strong>pulsurum.</strong></span> <span class='ocrx_word' id='word_1_231' title='bbox 1334 3485 1336 3490; x_wconf 96' lang='lat'>·</span> <span class='ocrx_word' id='word_1_232' title='bbox 1506 3469 1508 3473; x_wconf 75' lang='grc'>’</span> 
     </span>
     <span class='ocr_line' id='line_1_25' title="bbox 518 3546 1777 3633; baseline 0.002 -24"><span class='ocrx_word' id='word_1_233' title='bbox 518 3546 732 3612; x_wconf 78' lang='lat' dir='ltr'><strong>Defenderunt</strong></span> <span class='ocrx_word' id='word_1_234' title='bbox 750 3549 901 3615; x_wconf 88' lang='lat' dir='ltr'><strong>Scaurum</strong></span> <span class='ocrx_word' id='word_1_235' title='bbox 922 3568 978 3614; x_wconf 88' lang='lat' dir='ltr'><strong>sex</strong></span> <span class='ocrx_word' id='word_1_236' title='bbox 998 3550 1139 3633; x_wconf 88' lang='lat' dir='ltr'><strong>patroni,</strong></span> <span class='ocrx_word' id='word_1_237' title='bbox 1158 3568 1231 3612; x_wconf 91' lang='lat' dir='ltr'><strong>oum</strong></span> <span class='ocrx_word' id='word_1_238' title='bbox 1249 3548 1339 3613; x_wconf 90' lang='lat' dir='ltr'><strong>adid</strong></span> <span class='ocrx_word' id='word_1_239' title='bbox 1357 3557 1482 3631; x_wconf 86' lang='lat' dir='ltr'><strong>tempus</strong></span> <span class='ocrx_word' id='word_1_240' title='bbox 1510 3565 1581 3612; x_wconf 85' lang='lat' dir='ltr'><strong>raro</strong></span> <span class='ocrx_word' id='word_1_241' title='bbox 1607 3548 1777 3630; x_wconf 88' lang='lat' dir='ltr'><strong>quisquam</strong></span> 
     </span>
     <span class='ocr_line' id='line_1_26' title="bbox 406 3640 1778 3726; baseline -0.002 -18"><span class='ocrx_word' id='word_1_242' title='bbox 406 3640 587 3724; x_wconf 70' lang='lat' dir='ltr'><strong>molaribus</strong></span> <span class='ocrx_word' id='word_1_243' title='bbox 606 3660 701 3723; x_wconf 88' lang='lat' dir='ltr'><strong>quam</strong></span> <span class='ocrx_word' id='word_1_244' title='bbox 719 3652 876 3724; x_wconf 89' lang='lat' dir='ltr'><strong>quattuor</strong></span> <span class='ocrx_word' id='word_1_245' title='bbox 891 3651 1043 3723; x_wconf 88' lang='lat' dir='ltr'><strong>uteretur,</strong></span> <span class='ocrx_word' id='word_1_246' title='bbox 1062 3662 1101 3707; x_wconf 91' lang='lat' dir='ltr'><strong>ac</strong></span> <span class='ocrx_word' id='word_1_247' title='bbox 1119 3651 1193 3726; x_wconf 88' lang='lat' dir='ltr'><strong>post</strong></span> <span class='ocrx_word' id='word_1_248' title='bbox 1210 3642 1293 3708; x_wconf 90' lang='lat' dir='ltr'><strong>bella</strong></span> <span class='ocrx_word' id='word_1_249' title='bbox 1322 3641 1421 3706; x_wconf 86' lang='lat' dir='ltr'><strong>civilia</strong></span> <span class='ocrx_word' id='word_1_250' title='bbox 1447 3650 1519 3707; x_wconf 86' lang='lat' dir='ltr'><strong>ants</strong></span> <span class='ocrx_word' id='word_1_251' title='bbox 1543 3640 1647 3723; x_wconf 79' lang='lat' dir='ltr'><strong>legem</strong></span> <span class='ocrx_word' id='word_1_252' title='bbox 1668 3640 1778 3708; x_wconf 82' lang='lat' dir='ltr'><strong>luliarn</strong></span> 
     </span>
    </p>
   </div>
   <div class='ocr_carea' id='block_1_5' title="bbox 370 3734 1780 4196">
    <p class='ocr_par' dir='ltr' id='par_1_6' title="bbox 402 3734 1780 4009">
     <span class='ocr_line' id='line_1_27' title="bbox 402 3734 1778 3821; baseline 0.001 -17"><span class='ocrx_word' id='word_1_253' title='bbox 402 3786 404 3788; x_wconf 60' lang='grc'><em>»</em></span> <span class='ocrx_word' id='word_1_254' title='bbox 442 3734 486 3804; x_wconf 76' lang='lat' dir='ltr'><strong>ud</strong></span> <span class='ocrx_word' id='word_1_255' title='bbox 502 3734 667 3803; x_wconf 87' lang='lat' dir='ltr'><strong>duodenos</strong></span> <span class='ocrx_word' id='word_1_256' title='bbox 692 3746 841 3818; x_wconf 88' lang='lat' dir='ltr'><strong>patronos</strong></span> <span class='ocrx_word' id='word_1_257' title='bbox 861 3748 910 3803; x_wconf 90' lang='lat' dir='ltr'><strong>est</strong></span> <span class='ocrx_word' id='word_1_258' title='bbox 928 3747 1124 3821; x_wconf 84' lang='lat' dir='ltr'><strong>perventum.</strong></span> <span class='ocrx_word' id='word_1_259' title='bbox 1162 3739 1300 3802; x_wconf 82' lang='lat' dir='ltr'><strong>Fuerunt</strong></span> <span class='ocrx_word' id='word_1_260' title='bbox 1315 3746 1419 3802; x_wconf 87' lang='lat' dir='ltr'><strong>autern</strong></span> <span class='ocrx_word' id='word_1_261' title='bbox 1440 3736 1473 3800; x_wconf 87' lang='lat' dir='ltr'><strong>bi</strong></span> <span class='ocrx_word' id='word_1_262' title='bbox 1492 3750 1568 3802; x_wconf 83' lang='lat' dir='ltr'><strong>sex:</strong></span> <span class='ocrx_word' id='word_1_263' title='bbox 1590 3737 1625 3801; x_wconf 82' lang='lat' dir='ltr'><strong>P.</strong></span> <span class='ocrx_word' id='word_1_264' title='bbox 1646 3735 1778 3805; x_wconf 78' lang='lat' dir='ltr'><strong>clodius</strong></span> 
     </span>
     <span class='ocr_line' id='line_1_28' title="bbox 444 3828 1778 3913; baseline 0.004 -20"><span class='ocrx_word' id='word_1_265' title='bbox 444 3828 586 3909; x_wconf 85' lang='lat' dir='ltr'><strong>Pulcher,</strong></span> <span class='ocrx_word' id='word_1_266' title='bbox 606 3833 644 3892; x_wconf 89' lang='lat' dir='ltr'><strong>ll.</strong></span> <span class='ocrx_word' id='word_1_267' title='bbox 665 3831 838 3913; x_wconf 89' lang='lat' dir='ltr'><strong>llarcellus,</strong></span> <span class='ocrx_word' id='word_1_268' title='bbox 859 3836 897 3896; x_wconf 88' lang='lat' dir='ltr'><strong>ll.</strong></span> <span class='ocrx_word' id='word_1_269' title='bbox 920 3833 1070 3911; x_wconf 81' lang='lat' dir='ltr'><strong>Calidius,</strong></span> <span class='ocrx_word' id='word_1_270' title='bbox 1089 3835 1128 3900; x_wconf 86' lang='lat' dir='ltr'><strong>li.</strong></span> <span class='ocrx_word' id='word_1_271' title='bbox 1150 3834 1271 3911; x_wconf 87' lang='lat' dir='ltr'><strong>Cicero,</strong></span> <span class='ocrx_word' id='word_1_272' title='bbox 1289 3835 1327 3897; x_wconf 92' lang='lat' dir='ltr'><strong>ll.</strong></span> <span class='ocrx_word' id='word_1_273' title='bbox 1349 3830 1493 3902; x_wconf 76' lang='lat' dir='ltr'><strong>lleuolla</strong></span> <span class='ocrx_word' id='word_1_274' title='bbox 1511 3833 1618 3912; x_wconf 66' lang='lat' dir='ltr'><strong>Nlssflfr</strong></span> <span class='ocrx_word' id='word_1_275' title='bbox 1637 3833 1678 3907; x_wconf 85' lang='lat' dir='ltr'><strong>Q·</strong></span> <span class='ocrx_word' id='word_1_276' title='bbox 1694 3832 1778 3898; x_wconf 81' lang='lat' dir='ltr'><strong>lior·</strong></span> 
     </span>
     <span class='ocr_line' id='line_1_29' title="bbox 444 3924 1780 4009; baseline 0.001 -23"><span class='ocrx_word' id='word_1_277' title='bbox 444 3924 576 3988; x_wconf 90' lang='lat' dir='ltr'><strong>tensius.</strong></span> <span class='ocrx_word' id='word_1_278' title='bbox 615 3926 686 4007; x_wconf 88' lang='lat' dir='ltr'><strong>lpse</strong></span> <span class='ocrx_word' id='word_1_279' title='bbox 707 3944 833 4008; x_wconf 93' lang='lat' dir='ltr'><strong>quoque</strong></span> <span class='ocrx_word' id='word_1_280' title='bbox 854 3929 991 3993; x_wconf 86' lang='lat' dir='ltr'><strong>Scaurus</strong></span> <span class='ocrx_word' id='word_1_281' title='bbox 1011 3927 1090 3991; x_wconf 83' lang='lat' dir='ltr'><strong>dixit</strong></span> <span class='ocrx_word' id='word_1_282' title='bbox 1105 3947 1163 4009; x_wconf 89' lang='lat' dir='ltr'><strong>pro</strong></span> <span class='ocrx_word' id='word_1_283' title='bbox 1182 3946 1219 3990; x_wconf 89' lang='lat' dir='ltr'><strong>se</strong></span> <span class='ocrx_word' id='word_1_284' title='bbox 1238 3946 1276 3991; x_wconf 91' lang='lat' dir='ltr'><strong>ao</strong></span> <span class='ocrx_word' id='word_1_285' title='bbox 1295 3945 1407 4008; x_wconf 79' lang='lat' dir='ltr'><strong>magno</strong></span> <span class='ocrx_word' id='word_1_286' title='bbox 1429 3924 1661 4008; x_wconf 87' lang='lat' dir='ltr'><strong>operciudices</strong></span> <span class='ocrx_word' id='word_1_287' title='bbox 1682 3925 1780 3989; x_wconf 89' lang='lat' dir='ltr'><strong>morit</strong></span> 
     </span>
    </p>

    <p class='ocr_par' dir='ltr' id='par_1_7' title="bbox 370 4017 1780 4102">
     <span class='ocr_line' id='line_1_30' title="bbox 370 4017 1780 4102; baseline 0.001 -22"><span class='ocrx_word' id='word_1_288' title='bbox 370 4023 377 4030; x_wconf 84' lang='lat'><strong><em>‘</em></strong></span> <span class='ocrx_word' id='word_1_289' title='bbox 444 4025 478 4081; x_wconf 89' lang='lat' dir='ltr'><strong>ct</strong></span> <span class='ocrx_word' id='word_1_290' title='bbox 498 4018 644 4100; x_wconf 89' lang='lat' dir='ltr'><strong>squalore</strong></span> <span class='ocrx_word' id='word_1_291' title='bbox 664 4027 696 4083; x_wconf 92' lang='lat' dir='ltr'><strong>et</strong></span> <span class='ocrx_word' id='word_1_292' title='bbox 713 4019 849 4085; x_wconf 85' lang='lat' dir='ltr'><strong>lacrimis</strong></span> <span class='ocrx_word' id='word_1_293' title='bbox 868 4030 901 4085; x_wconf 89' lang='lat' dir='ltr'><strong>et</strong></span> <span class='ocrx_word' id='word_1_294' title='bbox 914 4020 1081 4085; x_wconf 83' lang='lat' dir='ltr'><strong>aedilitatis</strong></span> <span class='ocrx_word' id='word_1_295' title='bbox 1100 4021 1218 4086; x_wconf 82' lang='lat' dir='ltr'><strong>edusae</strong></span> <span class='ocrx_word' id='word_1_296' title='bbox 1234 4021 1382 4083; x_wconf 90' lang='lat' dir='ltr'><strong>memoria</strong></span> <span class='ocrx_word' id='word_1_297' title='bbox 1402 4038 1440 4083; x_wconf 92' lang='lat' dir='ltr'><strong>ao</strong></span> <span class='ocrx_word' id='word_1_298' title='bbox 1457 4019 1563 4084; x_wconf 88' lang='lat' dir='ltr'><strong>lavore</strong></span> <span class='ocrx_word' id='word_1_299' title='bbox 1581 4017 1780 4102; x_wconf 86' lang='lat' dir='ltr'><strong>populariae</strong></span> 
     </span>
    </p>

    <p class='ocr_par' dir='ltr' id='par_1_8' title="bbox 406 4113 1237 4196">
     <span class='ocr_line' id='line_1_31' title="bbox 406 4113 1237 4196; baseline -0.005 -16"><span class='ocrx_word' id='word_1_300' title='bbox 406 4113 614 4195; x_wconf 81' lang='lat' dir='ltr'><strong>topraecipue</strong></span> <span class='ocrx_word' id='word_1_301' title='bbox 631 4124 782 4196; x_wconf 89' lang='lat' dir='ltr'><strong>paternae</strong></span> <span class='ocrx_word' id='word_1_302' title='bbox 800 4117 991 4179; x_wconf 87' lang='lat' dir='ltr'><strong>auctoritatis</strong></span> <span class='ocrx_word' id='word_1_303' title='bbox 1011 4113 1237 4178; x_wconf 87' lang='lat' dir='ltr'><strong>recordatione.</strong></span> 
     </span>
    </p>
   </div>
   <div class='ocr_carea' id='block_1_6' title="bbox 406 4280 1779 5966">
    <p class='ocr_par' dir='ltr' id='par_1_9' title="bbox 445 4280 1779 4642">
     <span class='ocr_line' id='line_1_32' title="bbox 520 4280 1779 4365; baseline -0.003 -18"><span class='ocrx_word' id='word_1_304' title='bbox 520 4286 541 4347; x_wconf 89' lang='lat' dir='ltr'><strong>l.</strong></span> <span class='ocrx_word' id='word_1_305' title='bbox 575 4285 602 4347; x_wconf 89' lang='lat'><strong>1.</strong></span> <span class='ocrx_word' id='word_1_306' title='bbox 623 4303 651 4346; x_wconf 88' lang='lat' dir='ltr'><strong>a.</strong></span> <span class='ocrx_word' id='word_1_307' title='bbox 672 4285 802 4347; x_wconf 78' lang='lat' dir='ltr'><strong>Maxime</strong></span> <span class='ocrx_word' id='word_1_308' title='bbox 822 4285 878 4347; x_wconf 90' lang='lat' dir='ltr'><strong>luit</strong></span> <span class='ocrx_word' id='word_1_309' title='bbox 897 4284 1066 4365; x_wconf 86' lang='lat' dir='ltr'><strong>optandum</strong></span> <span class='ocrx_word' id='word_1_310' title='bbox 1087 4287 1124 4346; x_wconf 88' lang='lat' dir='ltr'><strong>ll.</strong></span> <span class='ocrx_word' id='word_1_311' title='bbox 1143 4287 1271 4358; x_wconf 89' lang='lat' dir='ltr'><strong>Scauro,</strong></span> <span class='ocrx_word' id='word_1_312' title='bbox 1291 4281 1423 4360; x_wconf 90' lang='lat' dir='ltr'><strong>iudices,</strong></span> <span class='ocrx_word' id='word_1_313' title='bbox 1445 4291 1489 4355; x_wconf 92' lang='lat' dir='ltr'><strong>ut,</strong></span> <span class='ocrx_word' id='word_1_314' title='bbox 1520 4280 1607 4344; x_wconf 91' lang='lat' dir='ltr'><strong>nullo</strong></span> <span class='ocrx_word' id='word_1_315' title='bbox 1628 4291 1779 4362; x_wconf 90' lang='lat' dir='ltr'><strong>suscepto</strong></span> 
     </span>
     <span class='ocr_line' id='line_1_33' title="bbox 445 4376 1778 4460; baseline -0.002 -20"><span class='ocrx_word' id='word_1_316' title='bbox 445 4380 628 4460; x_wconf 88' lang='lat' dir='ltr'><strong>cuiusquam</strong></span> <span class='ocrx_word' id='word_1_317' title='bbox 649 4380 739 4450; x_wconf 91' lang='lat' dir='ltr'><strong>odio,</strong></span> <span class='ocrx_word' id='word_1_318' title='bbox 767 4381 835 4440; x_wconf 91' lang='lat' dir='ltr'><strong>siue</strong></span> <span class='ocrx_word' id='word_1_319' title='bbox 855 4379 1025 4441; x_wconf 81' lang='lat' dir='ltr'><strong>offensione</strong></span> <span class='ocrx_word' id='word_1_320' title='bbox 1045 4398 1083 4442; x_wconf 85' lang='lat' dir='ltr'><strong>ac</strong></span> <span class='ocrx_word' id='word_1_321' title='bbox 1102 4379 1242 4441; x_wconf 87' lang='lat' dir='ltr'><strong>molestia</strong></span> <span class='ocrx_word' id='word_1_322' title='bbox 1263 4380 1278 4415; x_wconf 76' lang='lat' dir='ltr'><strong>a</strong></span> <span class='ocrx_word' id='word_1_323' title='bbox 1297 4380 1313 4416; x_wconf 73' lang='lat'><strong>¹*</strong></span> <span class='ocrx_word' id='word_1_324' title='bbox 1332 4379 1482 4440; x_wconf 88' lang='lat' dir='ltr'><strong>retineret</strong></span> <span class='ocrx_word' id='word_1_325' title='bbox 1506 4376 1554 4455; x_wconf 89' lang='lat' dir='ltr'><strong>(id</strong></span> <span class='ocrx_word' id='word_1_326' title='bbox 1575 4376 1662 4457; x_wconf 92' lang='lat' dir='ltr'><strong>quod</strong></span> <span class='ocrx_word' id='word_1_327' title='bbox 1682 4394 1778 4457; x_wconf 89' lang='lat' dir='ltr'><strong>prae-</strong></span> 
     </span>
     <span class='ocr_line' id='line_1_34' title="bbox 446 4467 1776 4555; baseline -0.005 -20"><span class='ocrx_word' id='word_1_328' title='bbox 446 4475 536 4553; x_wconf 89' lang='lat' dir='ltr'><strong>cipue</strong></span> <span class='ocrx_word' id='word_1_329' title='bbox 557 4491 682 4554; x_wconf 89' lang='lat' dir='ltr'><strong>semper</strong></span> <span class='ocrx_word' id='word_1_330' title='bbox 702 4472 834 4550; x_wconf 88' lang='lat' dir='ltr'><strong>studuit)</strong></span> <span class='ocrx_word' id='word_1_331' title='bbox 854 4474 991 4553; x_wconf 82' lang='lat' dir='ltr'><strong>generis,</strong></span> <span class='ocrx_word' id='word_1_332' title='bbox 1006 4473 1149 4551; x_wconf 77' lang='lat' dir='ltr'><strong>familiae,</strong></span> <span class='ocrx_word' id='word_1_333' title='bbox 1168 4473 1302 4535; x_wconf 88' lang='lat' dir='ltr'><strong>nominis</strong></span> <span class='ocrx_word' id='word_1_334' title='bbox 1322 4471 1512 4552; x_wconf 81' lang='lat' dir='ltr'><strong>dignitatern.</strong></span> <span class='ocrx_word' id='word_1_335' title='bbox 1557 4467 1776 4555; x_wconf 65' lang='lat' dir='ltr'><strong>[Veranium</strong></span> 
     </span>
     <span class='ocr_line' id='line_1_35' title="bbox 446 4569 1778 4642; baseline -0.002 -16"><span class='ocrx_word' id='word_1_336' title='bbox 446 4575 578 4642; x_wconf 80' lang='lat' dir='ltr'><strong>quoniam</strong></span> <span class='ocrx_word' id='word_1_337' title='bbox 607 4573 649 4625; x_wconf 88' lang='lat' dir='ltr'><strong>ito</strong></span> <span class='ocrx_word' id='word_1_338' title='bbox 676 4571 739 4626; x_wconf 84' lang='lat' dir='ltr'><strong>tulit</strong></span> <span class='ocrx_word' id='word_1_339' title='bbox 766 4588 845 4627; x_wconf 79' lang='lat' dir='ltr'><strong>catur</strong></span> <span class='ocrx_word' id='word_1_340' title='bbox 876 4574 1006 4640; x_wconf 78' lang='lat' dir='ltr'><strong>insertur,</strong></span> <span class='ocrx_word' id='word_1_341' title='bbox 1039 4589 1096 4627; x_wconf 82' lang='lat' dir='ltr'><strong>nort</strong></span> <span class='ocrx_word' id='word_1_342' title='bbox 1114 4573 1295 4628; x_wconf 76' lang='lat' dir='ltr'><strong>recusandum</strong></span> <span class='ocrx_word' id='word_1_343' title='bbox 1323 4571 1377 4626; x_wconf 81' lang='lat' dir='ltr'><strong>ribi</strong></span> <span class='ocrx_word' id='word_1_344' title='bbox 1403 4569 1569 4630; x_wconf 79' lang='lat' dir='ltr'><strong>arbitretur.</strong></span> <span class='ocrx_word' id='word_1_345' title='bbox 1601 4584 1657 4640; x_wconf 84' lang='lat' dir='ltr'><strong>quo</strong></span> <span class='ocrx_word' id='word_1_346' title='bbox 1688 4570 1778 4624; x_wconf 79' lang='grc' dir='ltr'>ιιιιιιιι</span> 
     </span>
    </p>

    <p class='ocr_par' dir='ltr' id='par_1_10' title="bbox 408 4663 1779 4933">
     <span class='ocr_line' id='line_1_36' title="bbox 408 4663 1779 4740; baseline -0.004 -17"><span class='ocrx_word' id='word_1_347' title='bbox 408 4666 540 4723; x_wconf 54' lang='lat' dir='ltr'><strong>&amp;codem</strong></span> <span class='ocrx_word' id='word_1_348' title='bbox 558 4668 671 4734; x_wconf 74' lang='lat' dir='ltr'><strong>[ortano</strong></span> <span class='ocrx_word' id='word_1_349' title='bbox 691 4672 795 4730; x_wconf 85' lang='lat' dir='ltr'><strong>ututur,</strong></span> <span class='ocrx_word' id='word_1_350' title='bbox 817 4683 872 4737; x_wconf 84' lang='lat' dir='ltr'><strong>quo</strong></span> <span class='ocrx_word' id='word_1_351' title='bbox 891 4674 979 4740; x_wconf 79' lang='lat' dir='ltr'><strong>puter,</strong></span> <span class='ocrx_word' id='word_1_352' title='bbox 1009 4668 1058 4737; x_wconf 83' lang='lat' dir='ltr'><strong>qui</strong></span> <span class='ocrx_word' id='word_1_353' title='bbox 1077 4682 1270 4737; x_wconf 75' lang='lat' dir='ltr'><strong>saepenumero</strong></span> <span class='ocrx_word' id='word_1_354' title='bbox 1294 4665 1329 4720; x_wconf 87' lang='lat' dir='ltr'><strong>ob</strong></span> <span class='ocrx_word' id='word_1_355' title='bbox 1350 4665 1471 4719; x_wconf 77' lang='lat' dir='ltr'><strong>inimicis</strong></span> <span class='ocrx_word' id='word_1_356' title='bbox 1497 4663 1535 4717; x_wconf 80' lang='lat' dir='ltr'><strong>od</strong></span> <span class='ocrx_word' id='word_1_357' title='bbox 1554 4679 1655 4720; x_wconf 74' lang='lat' dir='ltr'><strong>comos</strong></span> <span class='ocrx_word' id='word_1_358' title='bbox 1680 4665 1779 4719; x_wconf 82' lang='lat' dir='ltr'><strong>dictio·</strong></span> 
     </span>
     <span class='ocr_line' id='line_1_37' title="bbox 445 4753 1779 4838; baseline -0.001 -22"><span class='ocrx_word' id='word_1_359' title='bbox 445 4778 506 4817; x_wconf 77' lang='lat' dir='ltr'><strong>nem</strong></span> <span class='ocrx_word' id='word_1_360' title='bbox 531 4767 643 4818; x_wconf 76' lang='lat' dir='ltr'><strong>vocatas</strong></span> <span class='ocrx_word' id='word_1_361' title='bbox 668 4759 729 4835; x_wconf 78' lang='lat' dir='ltr'><strong>ert]</strong></span> <span class='ocrx_word' id='word_1_362' title='bbox 778 4757 999 4838; x_wconf 79' lang='lat' dir='ltr'><strong>(Augustini</strong></span> <span class='ocrx_word' id='word_1_363' title='bbox 1026 4758 1127 4820; x_wconf 89' lang='lat' dir='ltr'><strong>Princ.</strong></span> <span class='ocrx_word' id='word_1_364' title='bbox 1157 4759 1234 4819; x_wconf 88' lang='lat' dir='ltr'><strong>rbet.</strong></span> <span class='ocrx_word' id='word_1_365' title='bbox 1258 4775 1290 4837; x_wconf 90' lang='lat' dir='ltr'><strong>p.</strong></span> <span class='ocrx_word' id='word_1_366' title='bbox 1311 4756 1377 4819; x_wconf 81' lang='lat'><strong>³28.</strong></span> <span class='ocrx_word' id='word_1_367' title='bbox 1402 4755 1501 4835; x_wconf 86' lang='lat' dir='ltr'><strong>Capp.</strong></span> <span class='ocrx_word' id='word_1_368' title='bbox 1548 4753 1779 4816; x_wconf 79' lang='lat' dir='ltr'><strong>Arusianus</strong></span> 
     </span>
     <span class='ocr_line' id='line_1_38' title="bbox 445 4851 868 4933; baseline -0.005 -19"><span class='ocrx_word' id='word_1_369' title='bbox 445 4854 611 4915; x_wconf 86' lang='lat' dir='ltr'><strong>Messius</strong></span> <span class='ocrx_word' id='word_1_370' title='bbox 630 4872 662 4933; x_wconf 91' lang='lat' dir='ltr'><strong>p.</strong></span> <span class='ocrx_word' id='word_1_371' title='bbox 682 4853 748 4915; x_wconf 81' lang='lat'><strong>260.</strong></span> <span class='ocrx_word' id='word_1_372' title='bbox 770 4851 868 4931; x_wconf 82' lang='lat' dir='ltr'><strong>Lind)</strong></span> 
     </span>
    </p>

    <p class='ocr_par' dir='ltr' id='par_1_11' title="bbox 445 4944 1778 5117">
     <span class='ocr_line' id='line_1_39' title="bbox 524 4944 1778 5030; baseline -0.003 -22"><span class='ocrx_word' id='word_1_373' title='bbox 524 4949 550 5009; x_wconf 89' lang='lat'><strong>1.</strong></span> <span class='ocrx_word' id='word_1_374' title='bbox 580 4946 614 5008; x_wconf 88' lang='lat' dir='ltr'><strong>b.</strong></span> <span class='ocrx_word' id='word_1_375' title='bbox 638 4944 792 5030; x_wconf 70' lang='lat' dir='ltr'><strong>[Summum</strong></span> <span class='ocrx_word' id='word_1_376' title='bbox 810 4957 920 5008; x_wconf 79' lang='lat' dir='ltr'><strong>nostroe</strong></span> <span class='ocrx_word' id='word_1_377' title='bbox 939 4952 1060 5007; x_wconf 82' lang='lat' dir='ltr'><strong>ciuitatis</strong></span> <span class='ocrx_word' id='word_1_378' title='bbox 1079 4953 1172 5007; x_wconf 83' lang='lat' dir='ltr'><strong>cirum</strong></span> <span class='ocrx_word' id='word_1_379' title='bbox 1190 4950 1291 5005; x_wconf 80' lang='lat' dir='ltr'><strong>scimur</strong></span> <span class='ocrx_word' id='word_1_380' title='bbox 1310 4953 1468 5004; x_wconf 70' lang='lat' dir='ltr'><strong>demotum</strong></span> <span class='ocrx_word' id='word_1_381' title='bbox 1488 4963 1506 5001; x_wconf 90' lang='lat' dir='ltr'><strong>o</strong></span> <span class='ocrx_word' id='word_1_382' title='bbox 1526 4944 1568 5004; x_wconf 79' lang='lat' dir='ltr'><strong>li.</strong></span> <span class='ocrx_word' id='word_1_383' title='bbox 1589 4944 1691 5003; x_wconf 75' lang='lat' dir='ltr'><strong>Bruto.</strong></span> <span class='ocrx_word' id='word_1_384' title='bbox 1722 4946 1778 5004; x_wconf 76' lang='lat' dir='ltr'><strong>Eo-</strong></span> 
     </span>
     <span class='ocr_line' id='line_1_40' title="bbox 445 5038 1778 5117; baseline 0 -17"><span class='ocrx_word' id='word_1_385' title='bbox 445 5051 519 5100; x_wconf 80' lang='lat' dir='ltr'><strong>rtont</strong></span> <span class='ocrx_word' id='word_1_386' title='bbox 545 5046 698 5111; x_wconf 78' lang='lat' dir='ltr'><strong>orationes,</strong></span> <span class='ocrx_word' id='word_1_387' title='bbox 727 5061 762 5101; x_wconf 80' lang='lat' dir='ltr'><strong>co</strong></span> <span class='ocrx_word' id='word_1_388' title='bbox 786 5045 885 5116; x_wconf 79' lang='lat' dir='ltr'><strong>quibas</strong></span> <span class='ocrx_word' id='word_1_389' title='bbox 911 5046 1029 5117; x_wconf 81' lang='lat' dir='ltr'><strong>intelliqi</strong></span> <span class='ocrx_word' id='word_1_390' title='bbox 1053 5052 1140 5117; x_wconf 80' lang='lat' dir='ltr'><strong>potest</strong></span> <span class='ocrx_word' id='word_1_391' title='bbox 1165 5044 1253 5099; x_wconf 84' lang='lat' dir='ltr'><strong>multo</strong></span> <span class='ocrx_word' id='word_1_392' title='bbox 1279 5044 1309 5097; x_wconf 82' lang='lat' dir='ltr'><strong>in</strong></span> <span class='ocrx_word' id='word_1_393' title='bbox 1334 5043 1413 5098; x_wconf 84' lang='lat' dir='ltr'><strong>illum</strong></span> <span class='ocrx_word' id='word_1_394' title='bbox 1442 5044 1533 5112; x_wconf 76' lang='lat' dir='ltr'><strong>ipsura</strong></span> <span class='ocrx_word' id='word_1_395' title='bbox 1561 5038 1703 5097; x_wconf 69' lang='lat' dir='ltr'><strong>&amp;aanor</strong></span> <span class='ocrx_word' id='word_1_396' title='bbox 1726 5059 1778 5100; x_wconf 77' lang='lat' dir='ltr'><strong>otto</strong></span> 
     </span>
    </p>

    <p class='ocr_par' dir='ltr' id='par_1_12' title="bbox 406 5127 1664 5215">
     <span class='ocr_line' id='line_1_41' title="bbox 406 5127 1664 5215; baseline -0.004 -20"><span class='ocrx_word' id='word_1_397' title='bbox 406 5142 532 5196; x_wconf 79' lang='lat' dir='ltr'><strong>ltdicto.</strong></span> <span class='ocrx_word' id='word_1_398' title='bbox 556 5170 591 5181; x_wconf 93' lang='lat'>—</span> <span class='ocrx_word' id='word_1_399' title='bbox 615 5140 707 5198; x_wconf 80' lang='lat' dir='ltr'><strong>Falto.</strong></span> <span class='ocrx_word' id='word_1_400' title='bbox 730 5169 766 5181; x_wconf 91' lang='lat'><em>-</em></span> <span class='ocrx_word' id='word_1_401' title='bbox 789 5138 858 5208; x_wconf 76' lang='lat' dir='ltr'><strong>Quis</strong></span> <span class='ocrx_word' id='word_1_402' title='bbox 876 5142 978 5212; x_wconf 78' lang='lat' dir='ltr'><strong>nepot?</strong></span> <span class='ocrx_word' id='word_1_403' title='bbox 1001 5148 1187 5196; x_wconf 79' lang='lat' dir='ltr'><strong>cerumtamen</strong></span> <span class='ocrx_word' id='word_1_404' title='bbox 1206 5139 1242 5195; x_wconf 84' lang='lat' dir='ltr'><strong>ob</strong></span> <span class='ocrx_word' id='word_1_405' title='bbox 1262 5140 1376 5194; x_wconf 81' lang='lat' dir='ltr'><strong>inimico</strong></span> <span class='ocrx_word' id='word_1_406' title='bbox 1396 5139 1470 5193; x_wconf 87' lang='lat' dir='ltr'><strong>dicto</strong></span> <span class='ocrx_word' id='word_1_407' title='bbox 1490 5143 1515 5193; x_wconf 82' lang='grc' dir='ltr'><strong>ιι</strong></span> <span class='ocrx_word' id='word_1_408' title='bbox 1532 5127 1664 5215; x_wconf 73' lang='lat' dir='ltr'><strong>obiecta]</strong></span> 
     </span>
    </p>

    <p class='ocr_par' dir='ltr' id='par_1_13' title="bbox 446 5223 1776 5403">
     <span class='ocr_line' id='line_1_42' title="bbox 522 5223 1776 5310; baseline -0.003 -18"><span class='ocrx_word' id='word_1_409' title='bbox 522 5231 623 5293; x_wconf 87' lang='lat' dir='ltr'><strong>Subiit</strong></span> <span class='ocrx_word' id='word_1_410' title='bbox 650 5230 743 5293; x_wconf 89' lang='lat' dir='ltr'><strong>etiam</strong></span> <span class='ocrx_word' id='word_1_411' title='bbox 771 5228 876 5310; x_wconf 88' lang='lat' dir='ltr'><strong>populi</strong></span> <span class='ocrx_word' id='word_1_412' title='bbox 901 5229 1048 5292; x_wconf 90' lang='lat' dir='ltr'><strong>iudicium</strong></span> <span class='ocrx_word' id='word_1_413' title='bbox 1074 5230 1252 5310; x_wconf 87' lang='lat' dir='ltr'><strong>inquirente</strong></span> <span class='ocrx_word' id='word_1_414' title='bbox 1273 5229 1330 5290; x_wconf 86' lang='lat' dir='ltr'><strong>Cn.</strong></span> <span class='ocrx_word' id='word_1_415' title='bbox 1352 5226 1495 5306; x_wconf 88' lang='lat' dir='ltr'><strong>Domitio,</strong></span> <span class='ocrx_word' id='word_1_416' title='bbox 1516 5223 1643 5288; x_wconf 89' lang='lat' dir='ltr'><strong>tribuno</strong></span> <span class='ocrx_word' id='word_1_417' title='bbox 1663 5226 1776 5309; x_wconf 88' lang='lat' dir='ltr'><strong>plebis.</strong></span> 
     </span>
     <span class='ocr_line' id='line_1_43' title="bbox 446 5324 673 5403; baseline -0.004 -16"><span class='ocrx_word' id='word_1_418' title='bbox 446 5324 673 5403; x_wconf 80' lang='lat' dir='ltr'><strong>(Asconius.)</strong></span> 
     </span>
    </p>

    <p class='ocr_par' dir='ltr' id='par_1_14' title="bbox 445 5411 1776 5594">
     <span class='ocr_line' id='line_1_44' title="bbox 519 5411 1776 5498; baseline -0.002 -19"><span class='ocrx_word' id='word_1_419' title='bbox 519 5418 547 5479; x_wconf 82' lang='lat'><strong>2.</strong></span> <span class='ocrx_word' id='word_1_420' title='bbox 579 5420 663 5479; x_wconf 88' lang='lat' dir='ltr'><strong>lleus</strong></span> <span class='ocrx_word' id='word_1_421' title='bbox 686 5425 735 5479; x_wconf 89' lang='lat' dir='ltr'><strong>est</strong></span> <span class='ocrx_word' id='word_1_422' title='bbox 755 5417 854 5479; x_wconf 89' lang='lat' dir='ltr'><strong>lactus</strong></span> <span class='ocrx_word' id='word_1_423' title='bbox 875 5436 893 5478; x_wconf 89' lang='lat' dir='ltr'><strong>a</strong></span> <span class='ocrx_word' id='word_1_424' title='bbox 912 5419 949 5491; x_wconf 87' lang='lat' dir='ltr'><strong>Q.</strong></span> <span class='ocrx_word' id='word_1_425' title='bbox 971 5417 1102 5479; x_wconf 89' lang='lat' dir='ltr'><strong>Servilio</strong></span> <span class='ocrx_word' id='word_1_426' title='bbox 1123 5418 1280 5498; x_wconf 83' lang='lat' dir='ltr'><strong>Caepione</strong></span> <span class='ocrx_word' id='word_1_427' title='bbox 1304 5416 1374 5495; x_wconf 79' lang='lat' dir='ltr'><strong>lege</strong></span> <span class='ocrx_word' id='word_1_428' title='bbox 1396 5413 1541 5491; x_wconf 88' lang='lat' dir='ltr'><strong>Servilia,</strong></span> <span class='ocrx_word' id='word_1_429' title='bbox 1571 5432 1644 5476; x_wconf 91' lang='lat' dir='ltr'><strong>cum</strong></span> <span class='ocrx_word' id='word_1_430' title='bbox 1664 5411 1776 5477; x_wconf 85' lang='lat' dir='ltr'><strong>iudicia</strong></span> 
     </span>
     <span class='ocr_line' id='line_1_45' title="bbox 445 5508 1776 5594; baseline -0.004 -20"><span class='ocrx_word' id='word_1_431' title='bbox 445 5530 544 5594; x_wconf 88' lang='lat' dir='ltr'><strong>penes</strong></span> <span class='ocrx_word' id='word_1_432' title='bbox 573 5521 751 5592; x_wconf 89' lang='lat' dir='ltr'><strong>equestrem</strong></span> <span class='ocrx_word' id='word_1_433' title='bbox 781 5509 921 5574; x_wconf 90' lang='lat' dir='ltr'><strong>ordinem</strong></span> <span class='ocrx_word' id='word_1_434' title='bbox 951 5521 1058 5573; x_wconf 87' lang='lat' dir='ltr'><strong>essent</strong></span> <span class='ocrx_word' id='word_1_435' title='bbox 1077 5519 1109 5572; x_wconf 89' lang='lat' dir='ltr'><strong>et</strong></span> <span class='ocrx_word' id='word_1_436' title='bbox 1130 5513 1162 5571; x_wconf 91' lang='lat' dir='ltr'><strong>P.</strong></span> <span class='ocrx_word' id='word_1_437' title='bbox 1184 5510 1294 5574; x_wconf 85' lang='lat' dir='ltr'><strong>Rutilio</strong></span> <span class='ocrx_word' id='word_1_438' title='bbox 1315 5508 1461 5572; x_wconf 87' lang='lat' dir='ltr'><strong>damnato</strong></span> <span class='ocrx_word' id='word_1_439' title='bbox 1487 5527 1579 5569; x_wconf 90' lang='lat' dir='ltr'><strong>nemo</strong></span> <span class='ocrx_word' id='word_1_440' title='bbox 1601 5516 1665 5571; x_wconf 87' lang='lat' dir='ltr'><strong>tam</strong></span> <span class='ocrx_word' id='word_1_441' title='bbox 1685 5510 1776 5571; x_wconf 89' lang='lat' dir='ltr'><strong>inno·</strong></span> 
     </span>
    </p>

    <p class='ocr_par' dir='ltr' id='par_1_15' title="bbox 407 5604 1257 5683">
     <span class='ocr_line' id='line_1_46' title="bbox 407 5604 1257 5683; baseline -0.001 -15"><span class='ocrx_word' id='word_1_442' title='bbox 407 5613 522 5670; x_wconf 71' lang='lat' dir='ltr'><strong>licens</strong></span> <span class='ocrx_word' id='word_1_443' title='bbox 543 5604 710 5683; x_wconf 86' lang='lat' dir='ltr'><strong>videretur,</strong></span> <span class='ocrx_word' id='word_1_444' title='bbox 731 5614 765 5667; x_wconf 88' lang='lat' dir='ltr'><strong>ut</strong></span> <span class='ocrx_word' id='word_1_445' title='bbox 784 5625 847 5667; x_wconf 91' lang='lat' dir='ltr'><strong>non</strong></span> <span class='ocrx_word' id='word_1_446' title='bbox 868 5606 991 5667; x_wconf 87' lang='lat' dir='ltr'><strong>timeret</strong></span> <span class='ocrx_word' id='word_1_447' title='bbox 1011 5606 1071 5667; x_wconf 91' lang='lat' dir='ltr'><strong>illa.</strong></span> <span class='ocrx_word' id='word_1_448' title='bbox 1114 5605 1257 5683; x_wconf 85' lang='lat' dir='ltr'><strong>(Idem.)</strong></span> 
     </span>
    </p>

    <p class='ocr_par' dir='ltr' id='par_1_16' title="bbox 447 5696 1778 5966">
     <span class='ocr_line' id='line_1_47' title="bbox 521 5696 1777 5781; baseline -0.005 -16"><span class='ocrx_word' id='word_1_449' title='bbox 521 5704 549 5765; x_wconf 82' lang='grc'><strong>3.</strong></span> <span class='ocrx_word' id='word_1_450' title='bbox 580 5700 627 5762; x_wconf 78' lang='lat' dir='ltr'><strong>Ab</strong></span> <span class='ocrx_word' id='word_1_451' title='bbox 658 5700 769 5763; x_wconf 89' lang='lat' dir='ltr'><strong>eodem</strong></span> <span class='ocrx_word' id='word_1_452' title='bbox 800 5702 892 5765; x_wconf 89' lang='lat' dir='ltr'><strong>etiam</strong></span> <span class='ocrx_word' id='word_1_453' title='bbox 921 5701 990 5781; x_wconf 81' lang='lat' dir='ltr'><strong>lege</strong></span> <span class='ocrx_word' id='word_1_454' title='bbox 1014 5703 1105 5764; x_wconf 89' lang='lat' dir='ltr'><strong>Varia</strong></span> <span class='ocrx_word' id='word_1_455' title='bbox 1136 5710 1242 5763; x_wconf 88' lang='lat' dir='ltr'><strong>custos</strong></span> <span class='ocrx_word' id='word_1_456' title='bbox 1267 5700 1319 5761; x_wconf 89' lang='lat' dir='ltr'><strong>ille</strong></span> <span class='ocrx_word' id='word_1_457' title='bbox 1343 5700 1388 5761; x_wconf 91' lang='lat' dir='ltr'><strong>rei</strong></span> <span class='ocrx_word' id='word_1_458' title='bbox 1417 5696 1563 5779; x_wconf 86' lang='lat' dir='ltr'><strong>publicae</strong></span> <span class='ocrx_word' id='word_1_459' title='bbox 1593 5697 1777 5778; x_wconf 88' lang='lat' dir='ltr'><strong>proditionis</strong></span> 
     </span>
     <span class='ocr_line' id='line_1_48' title="bbox 447 5788 1778 5877; baseline -0.002 -19"><span class='ocrx_word' id='word_1_460' title='bbox 447 5796 547 5859; x_wconf 90' lang='lat' dir='ltr'><strong>estin</strong></span> <span class='ocrx_word' id='word_1_461' title='bbox 568 5795 685 5858; x_wconf 88' lang='lat' dir='ltr'><strong>crimen</strong></span> <span class='ocrx_word' id='word_1_462' title='bbox 706 5803 850 5859; x_wconf 90' lang='lat' dir='ltr'><strong>vocatus:</strong></span> <span class='ocrx_word' id='word_1_463' title='bbox 881 5805 1012 5859; x_wconf 82' lang='lat' dir='ltr'><strong>vexatus</strong></span> <span class='ocrx_word' id='word_1_464' title='bbox 1032 5815 1050 5860; x_wconf 85' lang='lat' dir='ltr'><strong>a</strong></span> <span class='ocrx_word' id='word_1_465' title='bbox 1071 5798 1108 5874; x_wconf 87' lang='lat' dir='ltr'><strong>Q.</strong></span> <span class='ocrx_word' id='word_1_466' title='bbox 1130 5795 1221 5861; x_wconf 86' lang='lat' dir='ltr'><strong>Vario</strong></span> <span class='ocrx_word' id='word_1_467' title='bbox 1248 5794 1372 5860; x_wconf 84' lang='lat' dir='ltr'><strong>tribuno</strong></span> <span class='ocrx_word' id='word_1_468' title='bbox 1395 5791 1499 5877; x_wconf 89' lang='lat' dir='ltr'><strong>plebis</strong></span> <span class='ocrx_word' id='word_1_469' title='bbox 1526 5799 1575 5861; x_wconf 84' lang='lat' dir='ltr'><strong>est</strong></span> <span class='ocrx_word' id='word_1_470' title='bbox 1595 5810 1659 5856; x_wconf 89' lang='lat' dir='ltr'><strong>nou</strong></span> <span class='ocrx_word' id='word_1_471' title='bbox 1681 5788 1778 5856; x_wconf 87' lang='lat' dir='ltr'><strong>multo</strong></span> 
     </span>
     <span class='ocr_line' id='line_1_49' title="bbox 447 5887 1731 5966; baseline -0.003 -14"><span class='ocrx_word' id='word_1_472' title='bbox 447 5897 530 5953; x_wconf 85' lang='lat' dir='ltr'><strong>ante.</strong></span> <span class='ocrx_word' id='word_1_473' title='bbox 571 5887 716 5966; x_wconf 82' lang='lat' dir='ltr'><strong>(idem.)</strong></span> <span class='ocrx_word' id='word_1_474' title='bbox 1729 5889 1731 5891; x_wconf 77' lang='grc'>’</span> 
     </span>
    </p>
   </div>
   <div class='ocr_carea' id='block_1_7' title="bbox 0 0 2179 7459">
    <p class='ocr_par' dir='ltr' id='par_1_17' title="bbox 0 0 2179 7459">
     <span class='ocr_line' id='line_1_50' title="bbox 0 0 2179 7459; baseline 0 0"><span class='ocrx_word' id='word_1_475' title='bbox 0 0 2179 7459; x_wconf 95' lang='lat' dir='ltr'><strong> </strong></span> 
     </span>
    </p>
   </div>
  </div>
 </body>
</html>
