4342 7459
735 1260 804 1325 Lm.
826 1260 881 1328 111.
910 1260 983 1326 Cer.
1004 1260 1165 1325 Vl-Vll.
1192 1257 1238 1344 §S
1261 1256 1404 1325 t8-23.
1666 1242 1728 1313 t37

410 1430 585 1496 secundum
612 1438 756 1494 naturam
780 1432 859 1505 sint,
887 1430 1048 1514 pellatque
1070 1431 1243 1495 contraria:
1271 1451 1333 1515 qua
1354 1432 1482 1495 iuventa
1503 1428 1675 1494 selectione
1697 1432 1729 1490 et

411 1528 487 1589 item
513 1526 687 1590 reiectione
715 1528 858 1609 sequitur
883 1525 1032 1608 deinceps
1063 1546 1134 1589 cum
1156 1522 1262 1589 officio
1285 1526 1433 1600 selectio,
1461 1524 1577 1588 deinde
1599 1543 1636 1586 ea
1657 1541 1730 1605 per-

412 1629 524 1704 petua,
546 1629 612 1683 tum
634 1621 674 1683 ad
697 1628 871 1684 extremum
893 1627 1041 1683 constans
1064 1628 1339 1703 consentaneaque
1359 1628 1508 1694 naturae,
1529 1619 1563 1681 in
1581 1636 1644 1700 qua
1665 1616 1731 1698 pri·

412 1736 497 1778 mum
525 1716 629 1778 inesse
656 1716 768 1797 incipit
789 1721 821 1777 et
844 1714 1001 1796 intellegi,
1027 1715 1111 1798 vquid
1132 1714 1173 1778 sit
1194 1715 1280 1799 quod
1301 1733 1374 1777 vere
1395 1714 1514 1776 honum
1535 1710 1636 1795 possit
1656 1710 1730 1774 dici.

413 1805 464 1871 it.
486 1809 590 1871 Prima
611 1817 659 1871 est
680 1809 765 1871 euim
787 1808 966 1872 conciliatio
987 1809 1124 1871 hominis
1146 1809 1186 1872 ad
1208 1828 1262 1883 ea,
1284 1827 1365 1891 quae
1387 1817 1461 1872 sunt
1482 1808 1653 1870 secundum
1675 1814 1756 1869 nel

412 1913 531 1967 turam:
553 1904 651 1966 simul
681 1909 788 1966 autem
821 1903 904 1985 cepit
931 1903 1179 1985 intellegentiam
1208 1902 1259 1967 rel
1286 1904 1449 1965 notionem
1482 1901 1606 1985 potius,
1636 1919 1730 1983 quam

412 1997 571 2081 appellant
598 1992 727 2061 ἔννοιαν
757 1997 819 2071 illi,
851 1995 993 2079 viditque
1022 2016 1128 2059 rerum
1157 1996 1348 2078 agendarum
1378 1996 1519 2061 ordinem
1541 2002 1589 2072 et,
1620 2004 1655 2059 ut
1687 1996 1731 2058 ita

412 2094 531 2166 dicem,
554 2092 770 2165 concordiem,
792 2092 891 2154 multo
914 2111 983 2153 eam
1005 2091 1104 2173 pluris
1127 2090 1302 2153 aestimarit
1317 2110 1410 2173 quam
1429 2090 1536 2153 omnia
1556 2089 1627 2165 illa,
1649 2108 1731 2173 quse

410 2187 512 2269 prima
534 2187 706 2260 dilexerat,
728 2194 824 2268 atque
846 2186 890 2248 ita
911 2184 1092 2267 cognitione
1115 2192 1146 2246 et
1165 2184 1288 2248 ratione
1304 2184 1447 2266 collegit,
1469 2191 1504 2247 ut
1525 2191 1676 2249 statueret
1696 2184 1731 2246 in

412 2300 451 2343 eo
472 2280 661 2343 collocatum
682 2300 838 2343 summum
859 2278 939 2341 illud
960 2278 1099 2341 hominis
1120 2296 1177 2361 per
1198 2298 1232 2341 se
1253 2278 1445 2342 laudandum
1467 2285 1499 2341 et
1520 2277 1730 2361 expetendum
1741 2288 1768 2333 ¹⁰

409 2375 543 2449 bonum,
565 2374 653 2458 quod
675 2394 746 2437 cum
768 2376 905 2457 positum
926 2373 968 2436 sit
989 2373 1023 2435 in
1044 2391 1097 2445 eo,
1121 2371 1206 2454 quod
1221 2365 1402 2457 ὁμολογίαν
1416 2371 1528 2446 Stoici,
1550 2391 1608 2434 nos
1623 2370 1732 2455 appel·

412 2469 512 2531 lemos
534 2468 874 2541 convenientiam,
895 2468 923 2530 si
945 2466 1048 2549 placet
1072 2488 1129 2529 -ε
1160 2486 1230 2529 cum
1252 2467 1349 2549 igitur
1369 2467 1403 2530 in
1426 2486 1463 2529 eo
1486 2466 1527 2529 sit
1548 2465 1580 2527 id
1602 2466 1731 2537 bonum,

412 2582 477 2645 quo
499 2562 605 2624 omnia
626 2561 793 2626 referenda
815 2570 904 2635 sunt,
928 2561 1061 2624 honeste
1082 2559 1165 2623 facta
1186 2560 1354 2645 ipsumque
1374 2562 1556 2635 honestum,
1578 2559 1665 2645 quod
1680 2579 1732 2621 so·

411 2655 477 2717 lum
506 2656 538 2717 in
569 2655 661 2718 bonis
684 2656 827 2730 ducitur,
857 2674 1047 2739 quamquam
1079 2661 1151 2736 post
1172 2655 1290 2729 oritur,
1315 2664 1420 2718 tamen
1442 2654 1475 2718 id
1496 2655 1599 2719 solum
1620 2656 1652 2718 ri
1674 2671 1731 2716 sua
1773 2692 1777 2701 -

412 2757 444 2811 et
464 2748 615 2829 (lignitate
644 2750 857 2832 expetendum
885 2757 951 2823 est;
983 2768 1094 2811 eorum
1115 2756 1237 2834 autem,
1269 2769 1351 2832 quae
1374 2757 1449 2812 sunt
1470 2749 1570 2831 prima
1591 2754 1769 2819 naturantis

413 2854 543 2925 propter
564 2864 598 2907 se
620 2843 701 2905 nihil
723 2851 771 2905 est
794 2843 1017 2925 expetendum.
1061 2838 1113 2903 22.
1138 2842 1212 2905 Cum
1235 2863 1309 2906 vero
1332 2843 1402 2917 illa,
1432 2864 1514 2927 quae
1536 2843 1639 2908 officie
1662 2860 1732 2904 esse

411 2937 493 3009 dixi,
515 2934 753 3019 proficiscantur
773 2936 812 2998 ab
834 2937 932 2999 initiis
954 2944 1099 3007 naturae,
1122 2955 1251 2999 necesse
1273 2944 1322 2999 est
1342 2957 1379 3001 ea
1398 2938 1437 3000 ad
1458 2936 1538 3001 haec
1552 2936 1676 3009 reterri,
1698 2941 1733 2997 ut

410 3039 495 3093 recle
524 3030 587 3092 dici
614 3032 713 3112 possit
741 3030 846 3092 omnia
874 3027 976 3092 officia
998 3050 1037 3091 eo
1058 3029 1186 3101 referri,
1217 3038 1254 3093 ut
1274 3031 1483 3114 adipiscamur
1503 3030 1656 3114 principia
1678 3049 1732 3091 na·

411 3131 517 3197 turae,
547 3143 606 3186 nec
639 3132 745 3185 mmcu
775 3131 810 3185 ut
838 3124 899 3186 hoc
930 3124 971 3185 eit
998 3124 1154 3186 bonorum
1182 3123 1341 3198 ultimum,
1372 3133 1537 3209 propterea
1559 3122 1644 3207 qood
1668 3143 1731 3185 non

411 3218 493 3280 inest
514 3218 547 3279 in
569 3218 678 3299 primis
699 3225 829 3280 naturae
852 3217 1128 3281 conciliationibus
1149 3217 1283 3280 honesta
1304 3220 1405 3282 actio:
1427 3238 1627 3301 consequens
1649 3216 1770 3278 enimn

412 3322 461 3376 est
482 3321 513 3376 et
535 3320 607 3394 post
628 3311 745 3385 oritur,
767 3319 803 3374 ut
824 3312 901 3374 diri.
943 3312 1000 3375 Est
1021 3320 1126 3375 tamen
1149 3332 1187 3374 ea
1208 3312 1381 3375 secundum
1403 3321 1548 3376 naturam
1569 3310 1732 3393 multoque

409 3427 468 3470 nos
497 3405 537 3469 ad
567 3424 601 3468 se
625 3407 836 3487 expetendam
867 3406 964 3487 magis
986 3406 1130 3469 hortatur
1152 3426 1247 3490 quam
1270 3409 1433 3490 superiora
1455 3406 1570 3470 omnia.
1607 3404 1732 3468 Sedes

410 3501 472 3564 hoc
498 3501 634 3585 primum
663 3520 749 3563 error
777 3500 938 3564 tollendus
968 3507 1028 3575 est,
1057 3520 1098 3564 ue
1126 3502 1197 3585 quie
1227 3501 1318 3583 sequi
1347 3502 1506 3565 existimet
1529 3509 1565 3563 ut
1586 3499 1648 3562 duo
1671 3499 1733 3561 sint

410 3596 521 3659 ultima
542 3596 708 3657 bonorum.
746 3596 786 3657 Ut
807 3596 891 3657 enim
914 3595 941 3657 si
963 3594 1014 3656 cui
1033 3596 1231 3678 propositum
1249 3597 1289 3658 sit
1303 3596 1473 3658 conliniare
1487 3595 1609 3658 hastam
1623 3593 1732 3676 aliquo

410 3699 464 3752 aut
485 3689 647 3770 sagittam,
677 3690 721 3750 sic
749 3709 805 3752 uos
829 3689 973 3751 ultimum
995 3689 1028 3750 in
1050 3690 1142 3751 bonis
1166 3689 1310 3751 dicimus.
1342 3686 1399 3772 [sic
1419 3688 1466 3751 illi
1489 3688 1592 3751 iacere
1614 3688 1770 3760 omnis,re

410 3802 491 3865 quae
520 3783 638 3863 possit,
667 3791 703 3844 nt
731 3778 903 3864 conliniet]
941 3782 1022 3844 Huic
1050 3784 1083 3844 in
1112 3784 1179 3846 cius
1205 3782 1291 3844 modi
1314 3782 1521 3846 similitudine
1544 3783 1648 3844 omnia
1670 3783 1733 3844 sint

409 3875 573 3950 iacienda,
595 3885 631 3938 ut
652 3877 819 3950 conliniet,
847 3885 878 3940 ct
900 3884 1004 3939 tamen
1026 3883 1061 3938 ut
1083 3876 1189 3938 omnia
1210 3876 1321 3950 faciet,
1344 3897 1408 3960 quo
1430 3877 1626 3960 propositum
1647 3894 1732 3939 asse·

409 3978 540 4053 quator,
562 3971 685 4033 sithoc
708 3972 799 4053 quasi
822 3972 984 4045 ultimum,
1008 3970 1101 4053 quale
1124 3991 1182 4034 nos
1204 3991 1359 4033 summum
1380 3972 1412 4033 in
1428 3972 1493 4033 vita
1514 3971 1631 4032 bonum
1654 3969 1731 4033 dici·

409 4085 496 4138 mus,
519 4063 597 4129 illud
620 4073 740 4138 autem,
764 4075 799 4128 ut
819 4066 927 4137 ierint,
950 4065 1041 4148 quasi
1064 4063 1278 4146 seligendum,
1301 4084 1365 4126 non
1390 4064 1611 4147 expetendum.

493 4161 561 4221 Vll.
585 4156 636 4219 23.
660 4160 738 4221 Cum
761 4170 865 4221 nutem
886 4160 991 4221 omnia
1007 4155 1110 4220 cilicia
1125 4178 1141 4219 a
1159 4159 1322 4240 principiis
1338 4166 1467 4221 naturae
1483 4158 1768 4239 proficiscantur,³o

408 4253 448 4316 ab
471 4254 571 4315 isdem
594 4274 722 4316 necesse
745 4262 792 4316 est
814 4253 971 4337 proficisci
994 4252 1095 4332 ipsam
1118 4251 1314 4334 sapientiam.
1350 4251 1412 4313 Sed
1438 4251 1587 4334 quemad
1604 4252 1730 4315 modum

408 4366 502 4429 saepe
525 4344 559 4408 lit
582 4356 615 4409 ut
636 4349 678 4420 is,
701 4350 756 4430 qui
779 4347 1016 4409 commendatus
1038 4348 1079 4408 sit
1102 4347 1210 4418 alicui,
1232 4346 1333 4427 pluris
1353 4366 1425 4409 eum
1440 4346 1550 4421 iaciat,
1573 4349 1624 4411 cui
1647 4367 1731 4410 com·

408 4441 589 4514 mendatus,
618 4461 711 4524 quam
740 4441 844 4514 illum,
873 4460 891 4502 a
922 4460 985 4523 quo
1017 4440 1072 4512 sit,
1096 4440 1141 4501 sic
1164 4440 1292 4501 minime
1315 4441 1427 4503 mirum
1452 4448 1517 4514 est,
1547 4443 1649 4523 primo
1673 4461 1730 4503 nos

408 4535 582 4617 sapientiae
605 4534 817 4598 commendari
840 4535 878 4598 eb
901 4534 999 4596 initiis
1022 4541 1168 4607 naturae,
1200 4542 1270 4616 post
1297 4542 1403 4597 autem
1425 4534 1523 4617 ipsam
1546 4536 1729 4618 sapientiam

474 4835 497 4882 l.
517 4847 569 4897 qno
586 4836 617 4882 ll:
637 4845 684 4892 qne
700 4833 760 4891 BE,
779 4845 844 4892 quoe
860 4833 880 4881 Ο
894 4858 920 4867 -
941 4831 965 4880 3.
982 4833 1091 4893 primum
1109 4832 1201 4882 codd:
1221 4846 1296 4896 quum
1310 4834 1421 4895 primun
1438 4847 1499 4883 cunr
1512 4836 1687 4884 GoerenzioO
1703 4862 1728 4871 ·-

408 4909 432 4959 i.
451 4910 537 4970 incipit
552 4916 575 4958 et
592 4911 694 4971 intelligi
711 4910 743 4958 li:
763 4910 848 4971 incipit
865 4914 888 4957 et
904 4909 1020 4971 intellegit
1032 4913 1068 4963 sl;
1088 4910 1188 4971 incipit,
1206 4910 1319 4972 inteilipit
1336 4922 1398 4958 cum
1410 4909 1548 4959 Schuetzio
1560 4911 1579 4959 0
1593 4936 1619 4946 -
1639 4912 1664 4960 s.
1676 4913 1732 4972 pri-

406 4999 475 5032 snum
494 4985 512 5033 E
533 5012 558 5021 -
587 4987 611 5034 6.
629 4986 674 5048 ccl]
694 4992 716 5034 ct
734 4986 751 5033 B
771 5011 797 5019 -
823 4986 848 5033 ἵ.
867 4981 1012 5042 ennoch,
1031 4986 1178 5034 innocenii
1199 5010 1225 5019 -
1251 4985 1275 5034 8.
1294 4986 1427 5033 concordio
1444 4988 1464 5034 Α
1484 5011 1510 5020 -
1529 4986 1650 5035 estiiuobit
1666 4988 1730 5043 AB;

407 5059 595 5109 eristimoliitE
619 5086 646 5096 —
671 5062 710 5108 ll.
731 5060 802 5122 quod]
826 5074 876 5121 quo
901 5061 918 5109 Β
943 5085 969 5094 -
996 5058 1183 5122 compositum]
1205 5059 1377 5121 cipositumA
1404 5085 1431 5097 -·
1459 5061 1614 5123 homolopion
1635 5063 1683 5112 ΑΒ
1703 5090 1729 5098 -

408 5135 448 5183 ⁴3.
466 5136 514 5181 sint
531 5135 550 5183 B
571 5160 596 5168 -
615 5135 711 5183 noneste
725 5134 802 5196 sactu]
821 5135 905 5183 omnio
921 5135 1180 5197 concrescentem
1200 5137 1284 5184 omnio
1300 5136 1400 5184 nonesto
1415 5137 1486 5198 socio
1503 5138 1536 5196 B;
1556 5151 1609 5189 om.
1628 5138 1660 5187 de
1679 5140 1731 5188 Da-

407 5210 464 5259 visii
482 5209 611 5257 sententie
629 5212 648 5257 0
668 5236 694 5246 -
720 5212 784 5271 qnod
805 5212 883 5258 solnm
902 5212 934 5259 B:
960 5224 1009 5273 quo
1031 5213 1109 5261 solum
1128 5214 1161 5271 Ε;
1184 5212 1263 5260 solum
1280 5224 1333 5261 om.
1352 5213 1434 5261 ceteri
1451 5212 1528 5262 codd.
1549 5215 1636 5274 letiam
1654 5216 1682 5275 Α)
1702 5241 1728 5249 -

407 5284 448 5334 tl.
467 5285 492 5331 id
514 5284 578 5332 Ali:
604 5284 664 5332 illud
687 5286 705 5333 B
726 5312 751 5320 -
776 5287 800 5332 ci
823 5299 869 5334 suo
890 5291 912 5335 ct
933 5287 968 5348 d]
987 5289 1076 5335 insito
1093 5287 1116 5335 d.
1138 5288 1155 5335 B
1176 5313 1201 5321 -
1229 5287 1269 5335 lli.
1288 5291 1323 5335 cst
1340 5287 1403 5335 AB:
1423 5300 1476 5336 om.
1495 5288 1515 5337 0
1533 5313 1560 5323 -
1582 5289 1620 5338 ts.
1640 5303 1732 5337 necesse

406 5367 440 5409 est
457 5374 487 5408 eo
505 5361 597 5409 ABE:
622 5374 651 5408 eo
668 5367 812 5409 necessecst
828 5363 852 5410 ni
873 5386 898 5396 -
919 5361 959 5410 20.
978 5364 1039 5410 inest
1056 5365 1090 5411 A:
1110 5366 1144 5409 cst
1162 5362 1215 5410 ΒΜ
1234 5387 1260 5397 -
1283 5362 1450 5410 inimisit:
1468 5364 1583 5411 ostentm
1601 5364 1682 5412 Blth
1702 5389 1728 5398 -

406 5435 447 5486 ti.
466 5436 604 5483 conliniare
620 5438 682 5484 Ali:
706 5438 833 5485 collimorc
850 5438 917 5495 Οὓς
941 5437 1081 5485 contineore
1098 5439 1137 5493 M3
1157 5437 1288 5486 collineari
1305 5439 1338 5493 0;
1359 5438 1421 5486 itcm
1440 5448 1465 5486 v.
1483 5438 1515 5485 26
1533 5440 1559 5485 et
1574 5438 1616 5486 27.
1641 5436 1678 5485 Cl.
1697 5436 1730 5485 ad

407 5525 431 5574 p.
451 5511 491 5568 80,
511 5512 551 5559 30.
573 5536 599 5544 -
624 5512 709 5570 oiiqno
732 5513 831 5559 nectam
854 5514 923 5561 u-
949 5513 990 5561 25.
1009 5514 1044 5560 sic
1067 5525 1112 5560 nos
1128 5512 1181 5561 duo
1199 5510 1277 5560 codd.
1297 5513 1444 5560 Goerenzii:
1467 5513 1529 5560 sicin
1545 5527 1589 5561 nos
1605 5513 1683 5562 ABO
1703 5538 1729 5547 -

407 5589 442 5633 sic
458 5588 494 5632 itii
511 5587 529 5646 t.
549 5588 632 5633 omnio
649 5603 673 5647 q.
691 5602 716 5647 p.
735 5595 762 5635 ut
777 5589 893 5636 conliniet
910 5586 1023 5636 delenda
1042 5601 1101 5637 esse
1120 5588 1267 5636 iudicarunt
1285 5588 1407 5646 limium,
1432 5589 1547 5646 Marsus,
1566 5587 1730 5645 MatthiaeuS,

408 5662 564 5723 Madvigius:
584 5665 645 5710 sicut
663 5664 699 5710 illi
717 5667 766 5711 cet.
787 5663 957 5713 scribendum
971 5666 1063 5715 censet
1081 5664 1120 5711 Fr.
1136 5662 1247 5712 lacobus
1265 5664 1290 5712 in
1303 5662 1394 5712 Philol.
1408 5663 1569 5713 Schneidew.
1584 5663 1624 5720 Vl,
1644 5675 1669 5725 p.
1684 5660 1731 5711 tei

408 5750 479 5799 sqq..
499 5739 543 5800 qui
561 5738 688 5799 ‹lcinccps
705 5738 786 5786 verba
804 5740 866 5787 Huic
877 5765 890 5775 ·
900 5765 913 5776 -
925 5740 1088 5799 expetendum
1106 5741 1132 5785 et
1149 5737 1211 5787 lalsu
1228 5751 1287 5787 esse
1300 5740 1335 5786 ait
1348 5751 1433 5800 neque
1447 5752 1461 5787 a
1474 5740 1601 5787 Cicerone
1614 5737 1731 5799 potuisse

408 5812 477 5861 eddi,
499 5838 524 5847 -
550 5814 590 5862 28.
609 5815 639 5860 sit
657 5813 804 5862 Ernestius:
827 5814 868 5861 sed
885 5812 962 5861 codd.
985 5839 1010 5848 -
1036 5812 1076 5860 34.
1097 5812 1172 5861 isdem
1188 5814 1250 5862 AB:
1276 5815 1362 5861 iisdem
1379 5814 1398 5862 0
1417 5838 1443 5847 -
1469 5813 1508 5862 32.
1528 5813 1732 5861 clicuincom-

409 5889 538 5935 stendotns
556 5889 588 5934 sit
605 5901 657 5937 orn.
677 5889 695 5936 B
717 5911 742 5921 -
767 5888 808 5935 cni
827 5889 1010 5936 commendatus
1026 5887 1059 5936 A:
1083 5888 1124 5935 cni
1145 5890 1327 5938 commendatus
1347 5889 1378 5937 sit
1396 5888 1448 5937 llo
1468 5914 1494 5924 -
1517 5887 1557 5937 33.
1575 5887 1619 5948 sit,
1637 5885 1679 5950 sic]
1697 5888 1732 5936 sic

410 5960 470 6016 lom.
489 5964 528 6023 sit)
546 5963 609 6021 AB,
627 5963 657 6011 sit
675 5965 736 6023 tom.
755 5962 797 6024 sic)
816 5962 834 6011 li
854 5989 880 5998 -
900 5962 941 6014 il.
959 5963 1040 6025 ipsam
1056 5967 1140 6012 aulem
1157 5964 1186 6014 B.
