4342 7459
712 1205 781 1269 Lsr.
803 1207 860 1280 ΙΙΙ.
889 1206 963 1278 Cur.
985 1205 1235 1277 xxutmxxv.
1263 1201 1309 1287 §5
1331 1200 1467 1268 57-64.
1684 1202 1749 1278 467

418 1367 569 1438 Graeciae
590 1365 674 1434 lama
695 1365 828 1432 collecta
849 1373 936 1441 sunt,
959 1366 1075 1449 quibus
1099 1364 1255 1448 intellegis
1277 1364 1487 1430 resistendum
1505 1384 1592 1446 esse,
1614 1387 1655 1430 ne
1677 1386 1750 1452 per·

417 1461 581 1532 turbentur
602 1459 784 1542 religiones.
819 1461 922 1522 Vestri
943 1468 1050 1524 autem
1071 1479 1136 1524 nun
1158 1458 1253 1522 modo
1274 1459 1353 1522 baec
1374 1480 1438 1522 non
1453 1457 1618 1534 refellunt,
1639 1479 1749 1522 rernm

416 1555 511 1620 etiam
534 1549 721 1617 confirmant
738 1553 991 1637 interpretando,
1015 1574 1167 1638 quorsum
1182 1552 1323 1639 quidque
1344 1555 1512 1642 pertineat.
1545 1554 1608 1618 Sed
1623 1574 1662 1618 eo
1676 1554 1749 1630 iam,

417 1650 502 1716 uude
522 1648 586 1710 buc
609 1646 743 1730 digressi
766 1667 891 1726 sumus,
912 1656 1117 1712 reuertamur.

500 1741 617 1806 XXIV.
638 1736 691 1803 di.
720 1742 802 1804 Num
824 1760 935 1803 censes
961 1742 1059 1825 igitur
1080 1741 1247 1808 subtiliore
1269 1743 1392 1806 ratione
1415 1762 1497 1826 opus
1519 1762 1590 1808 esse
1611 1738 1774 1807 adnasci

416 1834 612 1898 reioliendai
643 1836 722 1897 Nam
745 1843 898 1909 mentem,
926 1831 1036 1909 fidem,
1067 1856 1172 1918 spem,
1194 1835 1360 1910 uirtutem,
1381 1835 1553 1912 bonorem,
1576 1835 1750 1911 victoriam,

416 1929 564 2005 salutem,
597 1929 797 1993 concordiam
826 1939 993 2015 ceteraque
1022 1931 1092 1995 eius
1120 1929 1207 1993 modi
1238 1950 1343 1994 rerum
1365 1928 1429 1993 vim
1456 1929 1575 1994 habere
1597 1928 1751 2003 videmus,

415 2044 482 2088 non
504 2024 646 2088 deorum.
682 2024 745 2088 Aut
767 2024 908 2088 enimin
930 2024 1088 2090 nobismet
1109 2023 1218 2088 insunt
1239 2023 1333 2110 ipsis,
1362 2032 1398 2087 ut
1419 2045 1523 2099 mens,
1546 2031 1582 2087 ut
1604 2043 1694 2107 spes,
1717 2029 1753 2086 ut

415 2114 508 2193 lides,
537 2124 573 2180 ut
594 2117 710 2193 virtus,
741 2126 776 2182 ut
797 2119 985 2194 cuncordia,
1014 2125 1070 2181 aut
1092 2116 1251 2202 optandae
1281 2119 1374 2183 nobis
1397 2128 1484 2196 sunt,
1512 2126 1548 2184 ut
1567 2118 1687 2196 bonos,
1717 2128 1753 2190 ut

415 2212 519 2290 salus,
541 2218 578 2276 ul
598 2212 743 2289 victoria,
766 2233 901 2298 quarum
916 2233 1020 2276 rernm
1035 2212 1205 2275 utilitatem
1220 2211 1328 2288 video,
1351 2213 1444 2278 video
1459 2213 1555 2277 etiam
1569 2222 1753 2280 consecrata
1762 2220 1791 2267 ⁴⁰

415 2306 600 2381 simulacra,
629 2328 693 2392 qna
715 2327 749 2370 re
772 2308 932 2373 antemio
954 2306 994 2370 iis
1016 2308 1063 2372 vis
1086 2306 1219 2371 deornm
1241 2306 1333 2381 insit,
1364 2314 1430 2372 tum
1451 2307 1650 2396 intellegam,
1679 2329 1752 2373 cnm

415 2420 604 2488 cognovero.
648 2401 721 2478 Quo
751 2402 784 2466 in
813 2422 930 2486 genere
956 2402 1008 2467 rel
1033 2401 1170 2466 maxime
1200 2406 1248 2466 est
1268 2398 1396 2464 fortuna
1417 2400 1628 2479 numeranda,
1656 2422 1753 2486 quam

362 2495 369 2509 '
415 2514 508 2559 nemo
530 2495 570 2558 ab
593 2495 806 2559 inconstantia
828 2505 859 2559 et
880 2496 1058 2560 temeritate
1079 2495 1244 2578 seiunget,
1267 2513 1350 2580 quas
1371 2492 1468 2578 dignu
1490 2504 1575 2560 certe
1596 2516 1663 2568 nou
1678 2503 1753 2566 suut

416 2588 486 2652 deo.
530 2585 581 2654 62.
604 2589 669 2651 lam
691 2609 766 2652 vero
788 2590 867 2674 quid
884 2611 939 2654 vos
954 2589 1008 2662 illa
1024 2588 1160 2654 deiectat
1174 2587 1347 2670 explicatio
1361 2587 1541 2653 fabularum
1557 2598 1589 2654 et
1601 2590 1753 2654 enodatio

415 2681 608 2754 nominum?
635 2684 806 2750 Exseclum
834 2704 853 2746 a
882 2680 947 2748 lilio
978 2683 1123 2764 Caelum,
1145 2683 1285 2746 vinctum
1306 2682 1419 2748 itidem
1440 2703 1460 2746 a
1481 2680 1548 2747 lilio
1572 2683 1752 2759 Saturnum,
1762 2691 1790 2738 ti

414 2774 493 2842 baec
516 2783 547 2839 et
568 2775 630 2840 aiia
652 2778 784 2861 generis
799 2776 941 2846 eiusdem
963 2777 1007 2840 ita
1027 2775 1215 2852 defenditis,
1238 2782 1274 2838 ut
1288 2775 1326 2852 ii,
1349 2776 1405 2864 qui
1418 2776 1479 2842 iste
1492 2777 1665 2852 linxerunt,
1687 2797 1753 2840 non

415 2869 511 2934 modo
539 2890 605 2932 non
631 2870 752 2945 insani,
785 2870 841 2933 sed
872 2872 968 2936 etiam
996 2870 1095 2938 tuisse
1120 2871 1280 2956 sapientes
1303 2869 1480 2936 videantur.
1515 2873 1551 2934 in
1574 2873 1752 2940 enodandis

414 2972 519 3036 autem
542 2964 723 3028 nominibus
746 2966 832 3050 quod
854 2966 1067 3029 miserandum
1090 2964 1132 3027 sit
1154 2963 1321 3032 laboratis:
1354 2963 1527 3040 Saturnus,
1550 2968 1626 3050 quia
1646 2987 1682 3034 se
1703 2986 1754 3029 sa·

415 3066 500 3121 tnrat
521 3059 628 3132 annis,
650 3060 791 3133 Mavors,
814 3060 890 3144 quia
912 3078 1024 3142 magna
1046 3057 1345 3135 vertit„idinerre,
1368 3058 1445 3144 quia
1466 3060 1581 3132 minuit
1602 3068 1657 3126 aut
1678 3060 1754 3169 quis

415 3153 568 3228 minatur,
590 3154 715 3224 Venus,
738 3154 814 3237 quia
835 3154 922 3217 venit
943 3152 984 3214 ad
1006 3152 1129 3226 omnia,
1157 3151 1251 3215 Ceres
1275 3171 1293 3214 a
1315 3151 1465 3234 gerendo.
1503 3152 1607 3229 Quam
1629 3162 1791 3238 perron-¹⁰

415 3246 484 3312 losa
515 3247 735 3314 consuetudo!
780 3247 815 3309 ln
842 3248 950 3316 multis
978 3248 1063 3311 enim
1093 3245 1276 3310 nominibus
1303 3245 1486 3311 haerebitis.
1524 3246 1610 3323 Quid
1641 3246 1752 3312 Veiovi

413 3338 527 3416 iacies,
550 3341 628 3426 qnid
651 3341 817 3405 Volcano?
840 3361 1047 3430 quamquem,
1071 3339 1223 3424 quoniam
1245 3340 1461 3422 Neptunuma
1483 3339 1590 3404 nando
1613 3340 1753 3425 appella·

414 3442 481 3502 tuor
511 3444 622 3526 putas,
652 3435 776 3500 nulium
806 3438 867 3502 erit
895 3456 1026 3511 nomen,
1056 3433 1143 3522 quod
1166 3454 1231 3497 non
1254 3436 1358 3516 possis
1381 3453 1445 3504 ona
1466 3434 1571 3502 littera
1593 3434 1752 3517 explicare

413 3528 498 3596 uude
527 3530 658 3594 ductum
688 3530 740 3594 sit
776 3530 813 3594 In
835 3551 900 3617 quo
924 3529 1055 3620 quidem
1076 3528 1177 3618 magis
1199 3537 1234 3592 tu
1256 3528 1334 3591 mihi
1354 3537 1466 3592 natare
1488 3528 1576 3593 visus
1596 3549 1632 3594 es
1655 3549 1752 3612 quam

413 3622 483 3707 ipse
512 3626 689 3709 Neptunus.
733 3622 785 3689 63.
807 3624 953 3710 hlagnam
975 3625 1154 3694 molestiam
1175 3624 1315 3705 suscepit
1336 3631 1368 3687 et
1390 3623 1520 3692 minime
1541 3624 1789 3692 neeessariamti

413 3718 533 3800 primus
555 3719 656 3791 Zeno,
677 3726 752 3806 post
774 3718 958 3795 Cleanthes,
981 3718 1097 3786 deiude
1118 3716 1328 3806 Chrysippus,
1351 3716 1639 3783 commenticiarum
1661 3716 1752 3781 iabu-

413 3809 514 3872 iarum
535 3811 669 3882 reddere
697 3812 867 3887 rationem,
901 3812 1128 3877 vocabulorum
1157 3832 1214 3875 cur
1241 3810 1383 3893 quidque
1412 3811 1458 3875 ita
1487 3810 1680 3895 appellatum
1709 3813 1751 3874 sit

412 3923 524 3972 musas
557 3906 728 3990 explicare.
766 3905 860 3986 Quod
892 3927 965 3971 cum
997 3905 1118 3981 facitis,
1151 3904 1232 3970 illud
1260 3903 1401 3994 prolecto
1432 3903 1627 3972 confitemini
1655 3905 1750 3989 longe

412 3997 505 4064 aliter
525 4019 560 4066 se
583 4019 650 4063 rem
672 4000 789 4063 babere
811 4008 908 4087 atque
928 3999 1094 4064 hominum
1110 3999 1219 4083 opinio
1235 4000 1297 4075 sit;
1322 4003 1493 4075 cocenim,
1519 4001 1575 4084 qui
1591 4001 1624 4072 di
1639 4002 1750 4084 appoi-

412 4090 531 4167 lantnr,
554 4114 659 4157 rerum
682 4103 809 4157 naturas
833 4114 918 4170 esse,
940 4115 1006 4159 non
1028 4090 1145 4176 figuras
1162 4094 1304 4156 deorum.
1341 4093 1441 4156 XXV.
1462 4094 1525 4169 Qui
1540 4101 1646 4157 tantus
1662 4103 1787 4157 erroreu

412 4184 488 4263 init,
518 4197 554 4251 ut
581 4189 769 4271 perniciosis
800 4189 897 4252 etiam
926 4190 1022 4255 rebus
1052 4209 1116 4252 nou
1144 4189 1231 4251 modo
1253 4208 1368 4251 nomen
1391 4189 1523 4252 deorum
1548 4191 1749 4263 tribueretur,

412 4281 468 4343 sod
491 4282 587 4343 etiam
609 4302 699 4347 sacra
718 4284 996 4346 constituerentur.
1031 4283 1140 4345 Febris
1157 4283 1240 4345 enim
1257 4281 1363 4348 lanum
1380 4283 1413 4344 in
1428 4283 1548 4346 Palatio
1564 4291 1596 4346 et
1612 4284 1750 4346 esionae

412 4376 451 4437 od
473 4374 584 4437 aedem
607 4376 722 4440 Larum
745 4385 776 4440 el
798 4398 884 4439 aram
905 4377 1007 4440 Malae
1023 4379 1182 4439 Fortunae
1196 4375 1350 4459 Esquiliis
1365 4386 1579 4440 consecratam
1595 4377 1748 4441 videmus.

410 4464 464 4531 oi.
487 4470 598 4532 Omnis
619 4471 716 4552 igitur
738 4472 809 4533 talis
836 4490 855 4533 a
885 4471 1088 4555 philosophia
1110 4472 1247 4553 pellatur
1269 4490 1371 4544 error,
1401 4479 1449 4545 ut,
1472 4491 1544 4534 cum
1567 4470 1607 4533 de
1630 4471 1678 4533 dis
1700 4469 1748 4532 in·

412 4564 599 4627 mortalibus
622 4564 835 4648 disputemus,
858 4565 1000 4629 dicamus
1023 4567 1154 4648 indigna
1174 4567 1295 4629 naturis
1317 4565 1553 4639 inmortalibus,
1575 4564 1615 4630 dc
1631 4564 1786 4647 quibusea

478 4801 503 4850 4.
521 4799 651 4850 wieres
671 4822 698 4836 -
717 4797 743 4849 i.
761 4799 869 4863 deorum
885 4800 905 4849 0
924 4824 951 4835 -
970 4799 996 4851 Ἰ,
1014 4800 1153 4851 huiusmodi
1171 4801 1265 4849 ΒΟ-
1276 4802 1300 4850 8.
1320 4804 1404 4849 autem
1420 4800 1486 4850 enim
1502 4799 1552 4849 PV
1564 4800 1599 4864 (in
1611 4798 1632 4847 V
1643 4798 1747 4854 litterae

410 4886 450 4927 ern
467 4877 616 4938 expunctae
634 4877 714 4936 sunt).
730 4899 756 4910 -
775 4880 804 4924 rit
819 4887 873 4937 spes
890 4872 931 4924 vei
950 4872 1064 4926 delenda
1077 4874 1119 4926 vel
1136 4879 1196 4926 ante
1214 4880 1243 4925 ut
1257 4875 1334 4926 honos
1347 4874 1543 4939 transponenda
1557 4876 1661 4927 censuit
1673 4873 1746 4927 Wal-

410 4950 492 5004 ierus
509 4950 569 5001 coli.
588 4951 604 5015 5
622 4949 664 5000 88.
684 4976 711 4986 ·-
731 4950 755 4999 9.
774 4955 819 4999 oui
836 4964 905 5000 corr.
925 4964 958 5001 er
975 4954 1039 5000 uta
1059 4978 1087 4988 -
1111 4952 1227 5002 maort}
1249 4979 1275 4990 -
1297 4952 1337 5001 40,
1357 4950 1432 5000 alleri
1448 4952 1521 5002 uideo
1537 4962 1673 5015 superscr.
1690 4952 1746 5001 ideo

410 5026 474 5074 V·-
494 5027 535 5076 44.
553 5027 581 5075 io
597 5026 628 5075 iir
645 5026 712 5075 CV:
732 5027 759 5075 is
774 5027 822 5075 hiis
838 5027 864 5075 in
882 5039 934 5077 ras.
954 5039 989 5076 m.
1006 5039 1062 5077 sec.
1075 5029 1225 5078 recentiore
1238 5027 1273 5084 Α;
1290 5026 1318 5074 in
1334 5026 1373 5076 his
1389 5026 1495 5077 BEPO
1509 5054 1536 5063 -
1551 5024 1590 5076 44.
1604 5026 1746 5089 exploratio

410 5103 454 5165 (aa
469 5103 496 5152 in
514 5102 577 5163 ras.)
594 5103 628 5156 Α;
648 5100 790 5163 erpiueetio
807 5114 875 5150 corr.
890 5114 926 5151 m.
940 5114 994 5151 sec.
1014 5103 1039 5152 in
1056 5104 1192 5166 replicatio
1205 5102 1240 5160 V;
1259 5102 1406 5164 suplonutio
1424 5102 1443 5151 C
1464 5128 1490 5138 -
1508 5106 1531 5152 rt
1542 5102 1638 5152 sotoho
1649 5127 1686 5138 --
1698 5115 1745 5151 oo-

409 5178 495 5228 tosdis
512 5178 545 5237 iv.
559 5176 598 5236 ii)
616 5174 696 5225 Bake.
712 5201 739 5212 -
759 5175 799 5225 46.
817 5175 946 5237 deseodhh
962 5189 1032 5228 corr.
1046 5190 1078 5228 ex
1096 5179 1205 5241 defendis
1222 5181 1243 5228 Α
1262 5204 1289 5213 -
1308 5182 1336 5227 ui
1352 5177 1376 5227 hi
1394 5178 1442 5228 BP
1464 5202 1492 5212 -
1511 5177 1555 5239 qui
1572 5177 1637 5228 BP:
1657 5177 1744 5239 quiqui

410 5251 490 5302 AEV
509 5252 544 5315 (in
562 5250 613 5299 AV
629 5248 742 5300 alterum
759 5249 804 5310 qui
820 5253 983 5314 expunctum
1000 5255 1066 5313 estJ3
1088 5256 1210 5317 quiquam
1227 5254 1246 5304 C
1267 5280 1294 5289 -
1321 5254 1363 5302 il.
1381 5252 1464 5303 ushal
1481 5255 1502 5304 i
1526 5277 1554 5291 -
1576 5254 1618 5303 27.
1636 5254 1745 5316 quidque

410 5328 489 5388 (corr.
508 5340 540 5376 er
558 5326 657 5387 quque)
676 5325 695 5375 B
707 5339 713 5373 ε
732 5326 824 5388 quique
840 5326 966 5385 ACPV;
985 5330 1091 5392 quicque
1107 5330 1127 5379 li
1148 5356 1173 5366 -
1195 5328 1332 5391 oppallooti
1349 5329 1434 5391 (corr.
1452 5340 1486 5380 ex
1502 5328 1675 5393 curpeliooturl
1694 5328 1745 5376 sisi

411 5401 592 5464 (correrii)
612 5401 645 5459 V,
663 5401 802 5463 appellatos
814 5402 846 5450 sil
863 5404 882 5453 Ρ
901 5426 928 5437 -
947 5402 988 5452 34.
1006 5404 1079 5453 modo
1096 5401 1186 5455 omli
1207 5430 1232 5441 -
1254 5403 1294 5454 34.
1314 5402 1427 5453 Orbonae
1444 5403 1478 5451 od
1495 5414 1549 5453 om.
1562 5400 1602 5462 ii;
1620 5399 1743 5466 suppleta

410 5475 534 5527 videntur
551 5488 584 5527 er
602 5473 676 5527 Plinii
693 5477 723 5526 N.
742 5476 773 5525 Η.
792 5477 813 5526 ii
832 5476 847 5539 5
864 5477 905 5528 to.
926 5505 953 5516 -
971 5477 1012 5529 33.
1031 5479 1149 5540 exquiliis
1165 5478 1305 5529 ABCEV
1318 5503 1345 5513 —
1364 5476 1405 5529 34.
1418 5491 1436 5527 o
1453 5490 1560 5528 erasum
1578 5479 1619 5527 est
1635 5477 1662 5526 in
1679 5476 1698 5526 B
1713 5501 1740 5512 -

406 5551 545 5616 philosophi
561 5563 580 5601 o
594 5552 704 5612 pellatur
715 5552 759 5611 V¹;
776 5552 1007 5617 plosofloppellolur
1023 5556 1058 5612 Α,
1078 5553 1216 5617 philosophi
1232 5553 1375 5616 appelletur
1391 5553 1420 5603 B¹
1430 5552 1467 5611 c;
1483 5551 1639 5615 philosophia
1655 5552 1742 5615 oppal-

407 5627 479 5676 latur
491 5626 537 5684 ii²;
553 5626 704 5687 philosophis
720 5627 846 5688 metuar
862 5622 907 5689 V‘;
927 5627 1076 5690 pbilosophis
1092 5630 1235 5691 appellatur
1254 5629 1302 5678 ΕΡ
1322 5653 1349 5665 -
1368 5627 1409 5678 35.
1428 5628 1578 5687 disputemus
1589 5650 1625 5664 ·-
1636 5627 1742 5676 mmm-

408 5700 501 5752 tolibru
514 5700 573 5750 ead.
587 5712 623 5752 m.
636 5703 746 5765 margini
761 5702 893 5768 adscripta
911 5703 994 5754 habet
1010 5703 1033 5753 V
1047 5730 1073 5740 —
1086 5705 1199 5755 duamur
1213 5704 1319 5767 indigno
1329 5704 1428 5754 naturis
1439 5701 1600 5765 Madvigius:
1619 5702 1743 5753 domimo

409 5776 492 5839 ipsuis
508 5780 529 5826 Α
540 5776 559 5827 C
569 5777 588 5825 P
598 5775 619 5824 V
637 5776 721 5839 (corr.
741 5776 766 5826 ln
783 5778 823 5827 dic
837 5779 891 5828 olio
904 5792 953 5830 rurs
967 5780 1047 5843 igneis
1065 5779 1108 5839 Vl,
1127 5780 1240 5829 duamur
1256 5780 1356 5844 dignoir
1372 5779 1401 5829 de
1417 5779 1462 5840 dur
1479 5778 1498 5827 E
1511 5792 1516 5836 ;
1535 5778 1648 5828 dicomru
1664 5778 1742 5841 dipsa

409 5849 447 5899 dir
464 5850 521 5901 Bo.
548 5851 623 5902 «Hoc
646 5854 738 5912 unco,
762 5858 790 5903 ut
807 5851 900 5905 reterri
916 5854 950 5904 ad
967 5854 1038 5915 laih,
1062 5855 1152 5918 ltaque
1170 5853 1264 5906 subiici
1281 5853 1500 5919 significationem
1518 5852 1556 5902 rei
1573 5864 1624 5903 nos
1641 5856 1740 5915 rectae,

409 5920 507 5974 deinde
525 5937 579 5976 non
595 5924 637 5976 bis
654 5926 772 5991 positum
790 5926 870 5981 luisse
886 5927 925 5980 dis
940 5927 1131 5991 homicidum
1155 5928 1258 5995 reliqua
1273 5939 1384 5995 prorsus
1400 5939 1450 5994 pro
1467 5926 1575 5980 incertis
1589 5924 1740 5996 truncus.»
