4342 7459
836 1229 909 1296 cn».
931 1231 1061 1295 xxrn.
1089 1228 1136 1315 44
1157 1228 1325 1297 44-4444.
1676 1229 1739 1298 aas

412 1390 515 1474 ipmau
544 1389 677 1472 diligere
705 1407 802 1474 quem
830 1409 934 1465 ames,
961 1390 1049 1454 nulla
1077 1391 1269 1475 indigentia,
1297 1390 1385 1455 nulla
1410 1392 1547 1456 utilitate
1576 1394 1738 1477 quaesita:

411 1503 495 1566 quae
516 1491 622 1546 umen
643 1485 712 1567 ipsa
734 1485 910 1548 ecflorescit
931 1506 972 1548 ex
994 1486 1146 1561 amicitia,
1168 1487 1262 1548 etiam
1285 1487 1312 1548 si
1335 1494 1371 1548 tn
1392 1504 1462 1550 enm
1483 1487 1588 1551 minus
1611 1495 1738 1551 secutus

411 1578 466 1641 eis.
510 1572 582 1640 tot.
603 1579 670 1641 Hac
691 1598 750 1642 nos
772 1578 992 1643 adulescentes
1014 1581 1235 1642 benevolentia
1261 1598 1354 1642 senes
1375 1580 1448 1643 illos
1471 1581 1506 1643 L.
1521 1581 1667 1655 Paulum,
1695 1582 1737 1643 Μ.

412 1668 581 1745 Catonem,
612 1672 645 1734 0.
661 1671 801 1746 Gallum,
831 1673 864 1735 P.
879 1672 1039 1745 Nasicam,
1067 1674 1115 1734 Ti.
1129 1672 1323 1746 Gracchum,
1346 1674 1505 1756 Scipionis
1526 1678 1627 1739 nostri
1648 1695 1737 1740 soce·

410 1782 491 1837 rum,
515 1761 700 1829 dileximus:
724 1764 800 1829 baec
823 1767 917 1828 etiam
940 1767 1039 1848 magis
1062 1766 1165 1829 elucet
1186 1767 1269 1830 inter
1289 1767 1451 1850 aequales,
1472 1776 1509 1831 ut
1527 1770 1611 1832 inter
1631 1789 1682 1833 me
1705 1775 1761 1832 att

411 1856 609 1939 Scipionem,
643 1860 675 1925 L.
699 1860 847 1933 Furium,
880 1859 913 1921 P.
936 1859 1114 1941 Rupilium,
1148 1861 1200 1944 Sp.
1223 1862 1428 1925 Mummium:
1463 1862 1603 1926 vicissim
1631 1870 1738 1927 autem

411 1971 504 2015 senes
531 1952 564 2014 in
592 1952 842 2016 adulescentium
870 1953 999 2015 caritate
1026 1953 1277 2036 adquiescimus,
1306 1954 1399 2017 utin
1429 1964 1550 2031 vestra,
1579 1965 1616 2020 ut
1642 1958 1676 2019 iu
1699 1956 1737 2031 Q.

410 2045 606 2123 Tuberonis3
629 2047 781 2131 equidem
804 2046 898 2110 etiam
920 2045 1090 2110 admodum
1112 2046 1325 2113 adulescentis
1346 2048 1382 2111 P.
1398 2047 1522 2124 Rutilii,
1544 2052 1582 2113 A.
1595 2050 1738 2132 Verginii

408 2136 622 2204 familiaritate
644 2139 796 2204 delector.
841 2139 1063 2222 Quoniamque
1090 2141 1136 2204 ita
1162 2143 1242 2205 ratio
1268 2150 1450 2223 comparata
1471 2151 1520 2206 est
1540 2144 1624 2207 vitae
1647 2150 1739 2207 mtu-

409 2251 529 2316 raeque
552 2243 695 2308 nostrae,
717 2233 836 2297 utalia
858 2242 944 2295 aetas
967 2233 1102 2307 oriatur,
1125 2236 1261 2297 maxime
1284 2235 1415 2318 quidem
1437 2237 1611 2319 optandum
1634 2244 1682 2299 est
1703 2243 1776 2299 utto

410 2346 482 2390 cnm
510 2329 697 2411 aequalibus
727 2329 845 2411 possis,
876 2326 1065 2409 quibuscum
1094 2337 1255 2411 tamquam
1285 2348 1303 2390 e
1326 2330 1505 2393 carceribus
1528 2331 1662 2394 emissus
1685 2329 1738 2404 sis,

410 2441 482 2485 cum
513 2422 613 2486 isdem
643 2424 683 2485 ad
712 2421 847 2495 calcem,
875 2431 910 2484 ot
939 2420 1072 2495 dicitur,
1101 2422 1277 2504 pervenire.
1329 2417 1402 2484 tut.
1432 2424 1494 2487 Sed
1518 2426 1665 2507 quoniam
1688 2444 1738 2487 res

410 2516 566 2579 bomanae
591 2513 718 2598 fragiles
740 2515 943 2598 caducaeque
965 2522 1053 2588 suut,
1080 2534 1207 2598 semper
1227 2514 1327 2599 aliqui
1350 2517 1538 2600 anquirendi
1562 2528 1636 2582 sunt
1658 2538 1738 2604 quoe

410 2608 580 2691 diligamus
603 2619 635 2674 et
656 2631 675 2675 a
697 2610 811 2693 quibus
834 2609 1017 2692 diligamur;
1045 2608 1175 2671 caritate
1199 2609 1283 2671 enim
1305 2608 1593 2694 benevolentiaque
1616 2611 1739 2675 sublata

411 2702 515 2765 omnis
545 2712 593 2766 est
621 2725 638 2766 e
669 2704 733 2766 vita
754 2704 879 2766 sublata
901 2703 1090 2766 iucunditas.
1133 2700 1211 2766 blibi
1234 2703 1363 2786 quidem
1388 2704 1516 2787 Scipio,
1546 2721 1776 2789 quemquamst

410 2804 459 2861 est
480 2797 585 2860 subito
608 2806 752 2879 ereptus,
781 2798 861 2859 vivit
887 2804 992 2859 444444
1015 2815 1204 2878 semperque
1227 2797 1329 2871 444444
1362 2798 1507 2860 virtutem
1530 2799 1614 2860 enim
1637 2798 1739 2862 amavi

410 2890 496 2953 illius
520 2891 595 2966 viri,
626 2911 707 2974 quae
734 2892 870 2953 extincta
899 2910 964 2952 non
987 2899 1045 2952 est.
1089 2892 1153 2952 Nec
1177 2888 1252 2952 mibi
1274 2889 1335 2953 soli
1357 2899 1500 2955 versatur
1520 2900 1595 2954 ante
1617 2892 1739 2966 oculos,

410 2984 466 3066 qni
494 2984 581 3048 illam
612 3005 737 3069 semper
765 2985 799 3047 in
828 2984 972 3046 manibus
1001 2981 1112 3057 habui,
1142 2982 1198 3045 sed
1229 2982 1323 3045 etiam
1352 2984 1490 3066 posteris
1519 2987 1579 3049 erit
1600 2985 1684 3049 clara
1707 2993 1739 3050 et

409 3077 553 3162 insignis.
597 3082 698 3144 Nemo
720 3098 871 3161 umquam
893 3077 999 3139 animo
1027 3085 1082 3139 aut
1110 3096 1167 3158 spe
1196 3076 1316 3140 maiora
1337 3078 1491 3161 suscipiet
1511 3079 1567 3162 qui
1590 3080 1650 3143 sibi
1673 3099 1738 3143 non

409 3171 496 3236 illiue
525 3175 708 3237 memoriam
739 3180 836 3255 atque
866 3171 1035 3250 imaginem
1064 3169 1302 3253 proponendam
1330 3179 1430 3254 putet.
1484 3166 1557 3234 t03.
1581 3174 1776 3257 Equidemao

410 3285 451 3328 ex
473 3267 620 3330 omnibns
642 3268 745 3340 rebus,
769 3285 848 3349 quas
871 3263 948 3326 mibi
970 3272 1024 3326 aut
1044 3262 1173 3326 iortuoa
1195 3273 1248 3327 aut
1270 3272 1382 3327 natura
1397 3265 1522 3340 tribuit,
1539 3266 1619 3329 nibil
1633 3266 1738 3330 babeo

412 3360 497 3441 quod
529 3381 600 3425 cum
630 3361 769 3424 amicitia
796 3358 955 3440 Scipionis
985 3360 1104 3440 possim
1133 3376 1327 3439 comparare.
1378 3358 1414 3420 lu
1442 3358 1502 3422 bac
1531 3358 1607 3423 mibi
1636 3359 1676 3422 dc
1704 3379 1738 3423 ra

409 3455 535 3538 publica
557 3474 741 3527 consensus,
762 3453 795 3515 in
817 3452 877 3514 bac
899 3470 1003 3513 rerum
1026 3451 1218 3533 privatarum
1237 3451 1420 3525 consilium,
1434 3452 1469 3515 in
1484 3451 1594 3515 eadem
1610 3453 1739 3536 requies

409 3547 503 3631 plena
527 3548 749 3612 oblectationis
771 3547 839 3610 luit.
870 3547 1052 3628 'Numquam
1074 3544 1164 3607 illum
1188 3565 1229 3607 ne
1250 3545 1379 3608 minima
1402 3546 1530 3631 quidem
1552 3566 1587 3609 re
1608 3547 1739 3622 offendi,

410 3641 495 3725 quod
519 3643 647 3725 quidem
670 3643 839 3713 senserim,
860 3638 940 3701 nihil
963 3638 1069 3701 audivi
1093 3658 1133 3700 ex
1156 3658 1194 3701 eo
1211 3639 1281 3721 ipsc
1296 3639 1383 3723 quod
1398 3639 1530 3714 nollem,
1546 3660 1608 3703 uua
1624 3641 1775 3708 domnas

409 3744 486 3809 erat,
509 3735 593 3799 idem
616 3737 718 3799 nictus
740 3736 834 3817 isque
857 3731 1042 3806 communis,
1063 3751 1170 3814 neque
1192 3732 1295 3795 solum
1318 3732 1439 3807 militia,
1461 3735 1629 3797 sedetiam
1647 3755 1739 3818 pere·

410 3829 605 3911 grinatiooes
628 3828 915 3910 rusticationesque
936 3845 1130 3889 communes.
1181 3821 1254 3887 l0l.
1281 3828 1360 3889 llam
1382 3827 1458 3910 quid
1482 3847 1541 3911 ego
1562 3827 1603 3891 de
1625 3829 1738 3892 studiis

409 3921 512 3985 dicam
535 3922 747 4005 cognoscendi
769 3941 894 4003 semper
915 3920 1037 4002 aliquid
1059 3929 1156 4004 atque
1179 3920 1337 3996 discendi,
1369 3922 1403 3983 in
1425 3922 1541 4007 quibus
1562 3923 1674 3985 remoti
1697 3923 1738 3986 ab

410 4016 511 4079 oculis
533 4015 642 4100 populi
665 4034 759 4079 omne
782 4015 919 4077 otiosum
942 4021 1066 4095 tempus
1091 4013 1320 4077 contrivimus?
1357 4013 1498 4090 Quarum
1513 4035 1619 4079 rerum
1633 4035 1738 4079 recor·

409 4107 496 4171 datio
518 4118 551 4172 et
574 4110 725 4172 memoria
752 4110 778 4171 si
808 4127 963 4170 unacum
987 4107 1041 4169 illo
1063 4108 1246 4182 occidisset,
1277 4107 1467 4171 desiderium
1490 4109 1775 4177 coniunctissimiao
1888 4111 1904 4137 ⁸

409 4211 505 4286 atque
528 4204 734 4267 amantissimi
757 4203 816 4265 viri
838 4202 920 4265 serre
948 4201 1036 4265 nullo
1058 4200 1154 4263 modo
1176 4220 1312 4283 possem.
1357 4202 1420 4264 Sed
1443 4221 1502 4265 uec
1523 4202 1577 4264 illa
1599 4203 1738 4265 extincta

411 4304 485 4359 sont
508 4297 699 4381 alunturque
722 4297 827 4379 potius
849 4306 881 4358 et
902 4303 1055 4375 augentur
1076 4295 1269 4377 cogitatione
1292 4303 1324 4358 et
1345 4296 1496 4358 memoria
1518 4314 1603 4371 mea,
1632 4303 1681 4370 et,
1709 4295 1735 4358 si

410 4389 475 4453 illis
496 4390 590 4473 plane
612 4392 740 4455 orbatus
763 4411 877 4465 essem,
899 4408 1046 4471 magnum
1069 4397 1175 4452 tamen
1196 4387 1334 4452 adferret
1355 4388 1433 4452 mibi
1455 4398 1542 4453 aetas
1564 4390 1633 4473 ipsa
1655 4389 1737 4453 sola-

458 4735 482 4786 4,
496 4736 637 4801 adcrescit
653 4736 784 4797 BEGSV,
803 4736 882 4799 444444.
896 4736 944 4786 DO
958 4761 984 4772 -
1004 4734 1028 4786 l.
1046 4735 1152 4799 pellium
1168 4736 1188 4785 Ε
1207 4762 1232 4771 -
1255 4733 1304 4785 ro.
1319 4737 1350 4795 G,
1366 4736 1439 4785 444444
1456 4736 1533 4795 BES,
1551 4737 1738 4788 titumncscam

409 4810 505 4876 (simil
533 4840 558 4850 -
584 4827 704 4877 graccum
726 4814 830 4863 bosv
850 4839 876 4848 -
902 4814 926 4863 o.
945 4812 1107 4862 4044444444
1123 4806 1200 4861 BS¹V
1219 4834 1246 4847 -
1265 4812 1341 4860 444444
1358 4812 1447 4861 omli
1464 4836 1491 4848 -
1512 4811 1688 4876 6414444)
1708 4837 1735 4847 -

406 4889 610 4951 4444444441-
628 4891 767 4939 4444444444
784 4888 880 4939 Besv
907 4915 933 4924 -
961 4888 986 4941 i.
1004 4889 1031 4936 44
1049 4889 1119 4951 (post
1134 4886 1209 4947 44444)
1227 4890 1246 4937 G
1264 4900 1323 4951 sup.
1337 4886 1380 4937 lin.
1411 4913 1438 4923 -
1466 4888 1537 4937 444444
1554 4894 1640 4938 nostro
1658 4890 1677 4937 G
1696 4888 1737 4953 (ex

407 4967 514 5027 4444444),
533 4967 617 5016 oms
645 4992 672 5003 —
699 4967 723 5016 8.
742 4971 765 5016 44
782 4964 915 5027 quidemE
938 4991 970 5002 -
995 4964 1071 5012 444444
1088 4964 1171 5013 oms
1196 4989 1229 5001 -
1253 4963 1324 5013 444444
1341 4962 1376 5022 Ε,
1394 4963 1480 5026 npetu
1496 4962 1568 5013 BSV
1585 4990 1618 5000 -
1633 4964 1664 5013 A.
1682 4976 1736 5014 om.

408 5038 478 5089 BSV
493 5063 519 5076 -
542 5041 647 5105 Vtrptntt
664 5042 711 5092 DO
731 5069 757 5079 -
778 5041 934 5101 apsentem
951 5053 1015 5102 quac
1031 5039 1051 5089 E
1068 5066 1101 5076 -
1118 5044 1152 5088 sat
1169 5051 1222 5089 om.
1237 5038 1258 5088 D
1275 5064 1308 5076 —
1325 5039 1365 5087 40,
1384 5043 1412 5087 44
1427 5039 1481 5089 olto
1498 5042 1568 5088 44444
1583 5040 1684 5088 ortator·
1700 5040 1735 5091 C:

406 5120 436 5165 444
452 5115 505 5164 olio
522 5120 592 5166 44444
609 5119 709 5166 ortatur
724 5130 757 5166 44
774 5116 826 5165 atta
850 5118 885 5174 0,
911 5122 938 5165 44
961 5115 1014 5164 olio
1035 5128 1068 5164 44
1089 5115 1143 5164 otio
1165 5119 1235 5163 44444
1251 5127 1289 5163 or.
1309 5114 1377 5163 coni.
1392 5111 1487 5169 Orelli;
1514 5114 1547 5164 cl.
1566 5114 1681 5177 Seytiert
1703 5114 1738 5164 ad

407 5189 466 5243 b.l.
485 5218 518 5228 -
542 5191 747 5241 4444444441-
775 5189 1117 5250 lineamentarem
1144 5215 1171 5224 -
1197 5190 1366 5252 4444444446
1392 5216 1418 5225 -
1447 5190 1487 5240 tt.
1505 5191 1738 5252 semperquebos

410 5290 439 5302 -
463 5266 543 5327 ntiqui
560 5269 576 5316 S
594 5269 619 5317 in
638 5279 720 5329 marg.
747 5292 772 5303 -
801 5267 951 5327 adquirendi
968 5268 1001 5324 G,
1025 5264 1171 5326 acquirendi
1188 5265 1220 5325 S,
1241 5263 1386 5327 inquirendi
1403 5263 1451 5313 DE
1477 5289 1505 5300 -
1530 5278 1591 5315 4444
1607 5278 1668 5327 quor
1684 5264 1737 5324 lis,

406 5339 575 5403 {mquosv
604 5368 631 5379 -
662 5342 701 5392 44.
721 5340 929 5404 mtmloutcms
960 5368 983 5377 -
1014 5340 1242 5389 taastommsb
1271 5364 1297 5375 -
1330 5339 1631 5396 csttublatoam'toss,
1653 5340 1739 5390 44444

407 5415 471 5466 subt.
490 5422 525 5466 444
542 5418 559 5466 S
578 5444 604 5454 -
625 5419 665 5466 46.
683 5430 827 5478 semperque
842 5418 908 5467 44444
923 5417 946 5467 D
965 5442 992 5451 -
1013 5415 1053 5464 47.
1067 5428 1112 5464 nac
1129 5416 1195 5464 anim
1210 5414 1271 5463 mibi
1286 5415 1303 5463 S
1323 5441 1350 5450 -
1368 5416 1591 5478 omaotorlmcnat
1607 5412 1678 5465 8¹-
1694 5415 1735 5464 tt.

408 5505 441 5542 oc
456 5495 592 5556 imaginem
610 5495 625 5542 S
647 5519 671 5527 -
689 5492 893 5554 praeponendum
910 5491 929 5540 E
949 5518 975 5527 -
1003 5503 1052 5540 aare
1066 5494 1135 5552 potet
1153 5490 1181 5548 E,
1200 5491 1241 5540 4444
1257 5503 1307 5539 arra
1321 5496 1391 5551 potet
1408 5493 1442 5552 G,
1462 5492 1488 5541 in
1506 5503 1559 5554 quo
1575 5490 1618 5540 aed
1634 5503 1666 5540 ex
1683 5488 1735 5539 4444.

409 5569 498 5616 ortum
516 5568 621 5617 videtur
646 5594 671 5602 -
699 5566 739 5616 tt.
759 5566 926 5615 delectationis
942 5565 961 5615 E
982 5592 1006 5601 -
1033 5578 1171 5629 numquam
1187 5566 1286 5626 quidem
1301 5565 1372 5613 4444444
1387 5578 1432 5615 uec
1447 5565 1553 5615 minimo
1569 5578 1597 5615 re
1617 5565 1688 5615 BSV
1707 5589 1735 5600 -

408 5642 451 5692 25.
469 5642 532 5690 4444444
547 5644 613 5691 enim
634 5642 682 5691 DE
702 5668 728 5678 -
747 5640 779 5690 ab
795 5642 857 5691 cos
877 5666 904 5677 -
928 5642 969 5691 td.
989 5640 1061 5705 [4444]
1079 5643 1099 5690 0
1119 5665 1145 5675 -
1165 5641 1290 5702 odorque
1306 5642 1442 5690 communis
1457 5652 1537 5704 nequa
1551 5640 1643 5690 44444444
1658 5640 1738 5690 444444

409 5716 477 5767 Ε-
496 5718 538 5767 ii.
552 5732 596 5781 eqo
613 5719 696 5768 om.S
716 5744 742 5753 -
762 5717 803 5766 tt.
816 5730 913 5780 temper
928 5716 1025 5778 aliquid
1040 5717 1203 5780 commeandi
1218 5716 1238 5766 Ε
1252 5742 1279 5752 -
1299 5722 1344 5766 out
1359 5716 1467 5765 44444444
1484 5715 1553 5765 BDS
1570 5741 1597 5751 -
1616 5714 1657 5765 34.
1670 5714 1738 5764 4444444

409 5791 566 5853 modelam
583 5793 660 5852 BSV,
684 5792 750 5854 ferre
766 5793 853 5843 nonE
881 5818 908 5829 -
932 5792 1099 5854 potuissamS
1126 5817 1154 5829 -
1180 5792 1220 5842 at.
1239 5792 1391 5854 4444444444
1407 5792 1439 5842 C:
1458 5790 1599 5840 44444440
1623 5816 1657 5827 -
1680 5802 1738 5840 mea

409 5865 503 5918 DEG:
522 5868 571 5917 4444
587 5867 670 5929 st,
688 5868 776 5918 om.0
795 5893 823 5906 -
849 5866 889 5918 33.
907 5866 1013 5916 44444444
1029 5872 1113 5918 tomen
1129 5868 1147 5917 S
1166 5893 1193 5904 —
1217 5866 1384 5931 4444444)Εο
1402 5888 1429 5901 -
1447 5863 1604 5932 4444444445.
