4342 7459
444 1219 504 1286 iil
731 1232 785 1295 DE
807 1230 963 1296 ElNlEUS
985 1232 1182 1297 BONOEUM
1202 1234 1255 1297 ET
1277 1234 1478 1300 hlALOIlllhl

442 1398 524 1463 Huic
545 1400 699 1484 Epicurus
721 1409 920 1483 praecentet,
942 1402 969 1465 si
990 1410 1110 1488 potest,
1132 1423 1203 1467 cum

631 1495 657 1558 E
679 1495 861 1578 viperino
884 1515 1012 1559 morsu
1034 1516 1160 1560 vanae
1183 1496 1381 1560 viscerum

631 1588 783 1653 Veneno
803 1589 979 1653 imbutae
1002 1598 1152 1654 taetros
1175 1591 1387 1654 cruciatus
1409 1591 1539 1655 cientl
1608 1667 1612 1675 ⁸

444 1680 497 1745 Sic
518 1683 690 1765 Epicurus:
712 1684 902 1748 Philocteta!
925 1685 952 1747 si
974 1687 1077 1768 gravis
1099 1684 1206 1760 dolor,
1227 1684 1340 1747 brevis.
1385 1686 1508 1750 Atiam
1531 1686 1687 1751 decimum
1709 1710 1766 1753 an·

419 1788 518 1839 tuum
539 1779 572 1839 iu
595 1778 746 1860 spelunca
766 1778 863 1842 iacetl
888 1778 941 1841 oSi
957 1779 1080 1861 longus,
1104 1778 1199 1853 levis;
1222 1777 1275 1841 dat
1289 1779 1374 1841 enim
1387 1780 1552 1843 intervalia
1567 1787 1599 1843 et
1612 1782 1764 1846 relaxate

443 1864 494 1930 95.
517 1870 655 1935 Primum
678 1892 741 1936 uon
763 1892 877 1956 saepe,
899 1872 1015 1936 deinde
1037 1892 1119 1956 quae
1142 1880 1190 1935 est
1211 1872 1271 1935 ista
1287 1871 1452 1947 relaxatio,
1474 1894 1544 1936 cum
1561 1883 1593 1939 et
1606 1876 1767 1959 praeteriti

443 1961 562 2027 doloris
590 1968 743 2031 memoria
769 1987 881 2032 recens
911 1975 959 2029 est
980 1973 1011 2029 et
1031 1965 1130 2029 futuri
1153 1972 1249 2048 atque
1270 1966 1482 2050 impendentis
1504 1975 1632 2052 torquet
1651 1971 1768 2033 timori

444 2058 639 2122 «Moriatur»
672 2061 786 2145 iuquit.
829 2062 975 2123 Fortasse
1004 2059 1036 2122 ld
1064 2060 1231 2142 optimum,
1265 2059 1323 2122 sed
1351 2061 1405 2123 ubi
1427 2060 1505 2124 illud
1529 2064 1620 2146 «plns
1642 2084 1770 2148 semper

442 2151 655 2235 voluptatist?
678 2155 711 2218 Si
734 2154 822 2219 enim'
840 2155 886 2218 ita
907 2161 971 2228 est,
994 2152 1066 2215 vide
1088 2172 1129 2214 ne
1150 2151 1272 2216 facinus
1294 2153 1406 2229 iacias,
1429 2175 1498 2218 cum
1522 2158 1600 2219 mori
1620 2158 1767 2221 suadeas.

406 2258 433 2304 so
442 2246 550 2309 Potius
578 2268 653 2331 ergo
683 2249 739 2312 illa
766 2249 925 2321 dicantur,
959 2254 1051 2329 turpe
1077 2265 1162 2321 esse,
1191 2246 1251 2310 viri
1280 2267 1345 2309 non
1371 2268 1440 2311 esse
1466 2249 1623 2313 debilitari
1645 2251 1768 2325 dolore,

440 2337 559 2423 frangi,
581 2343 796 2406 succumbere.
833 2343 910 2405 Nam
934 2341 994 2403 ista
1008 2346 1112 2402 vestra
1131 2340 1181 2402 usi
1196 2341 1310 2423 gravis,
1330 2341 1452 2417 brevis;
1474 2344 1500 2405 si
1515 2343 1644 2427 longus,
1667 2345 1766 2407 levis»

442 2432 560 2498 dictata
574 2444 657 2499 sunt.
688 2436 831 2511 Virtutis,
845 2435 1071 2516 magnitudinis
1085 2436 1193 2509 animi,
1209 2436 1391 2518 patientiae,
1406 2436 1601 2499 fortitudinis
1616 2437 1769 2502 fomentis

442 2526 534 2590 dolor
554 2529 691 2612 mitigari
712 2530 800 2594 solet.

527 2622 629 2686 XXX.
651 2622 701 2688 96.
724 2626 824 2700 Audi,
846 2645 886 2687 ne
909 2624 1003 2707 longe
1024 2623 1149 2696 abeam,
1172 2623 1307 2687 moriens
1330 2624 1405 2707 quid
1429 2623 1514 2686 dicat
1534 2624 1705 2707 Epicurus,
1732 2634 1769 2689 ut

315 2720 321 2729 “
404 2716 605 2800 seintellegas
636 2718 720 2782 iacta
749 2721 817 2783 eius
845 2739 916 2781 cum
939 2718 1030 2780 dictis
1053 2716 1242 2800 discrepare.
1285 2718 1484 2799 Epicurus
1517 2712 1766 2783 Hermarcho

442 2810 630 2875 salutem.
675 2812 765 2876 Cum
793 2832 1019 2897 ageremus,
1050 2811 1168 2895 iuquit,
1203 2812 1312 2875 vitae
1341 2811 1495 2874 beatum
1532 2819 1571 2874 et
1599 2812 1766 2877 eundem

442 2925 670 2986 supremum
692 2907 808 2983 diem,
830 2906 1111 2971 scribebamus
1134 2905 1243 2968 haec.
1281 2906 1396 2967 Tanti
1418 2906 1588 2968 aderant
1609 2906 1766 2969 vesicae

442 3010 480 3063 et
499 3001 707 3063 torminum
729 3003 872 3077 morbi,
893 3000 1051 3065 utnihil
1067 2999 1111 3063 ad
1129 3019 1260 3063 eorum
1276 2998 1602 3082 magnitudinem
1624 3009 1767 3081 posset

441 3096 647 3158 accedere.
678 3096 827 3159 Miserum
842 3095 1019 3159 homineml
1049 3095 1083 3157 Si
1099 3094 1192 3158 dolor
1206 3112 1361 3156 summum
1378 3093 1495 3155 malum
1511 3100 1573 3167 est,
1597 3093 1659 3157 dici
1675 3094 1768 3160 aliter

403 3198 505 3252 ”non
527 3198 642 3275 potest.
679 3189 741 3252 Sed
763 3191 930 3253 audiamus
952 3190 1071 3273 ipsum:
1102 3186 1466 3270 Compensabatur‚
1489 3186 1608 3270 iuquit,
1631 3194 1766 3252 tamen

440 3303 523 3346 oum
545 3284 609 3347 his
631 3284 821 3347 omnibus
842 3284 965 3348 animi
988 3282 1170 3355 laetitia,
1199 3299 1314 3365 quam
1344 3279 1557 3362 capiebam
1579 3284 1767 3347 memoria

440 3377 648 3441 rationum
684 3378 1026 3460 inventorumque
1059 3383 1302 3438 nostrorum.
1347 3374 1420 3436 Sed
1451 3383 1507 3447 tu,
1535 3380 1577 3437 ut
1607 3374 1767 3458 dignum

440 3477 500 3534 est
530 3479 600 3535 tua
626 3493 718 3555 erga
748 3494 804 3535 me
832 3479 871 3535 et
899 3468 1204 3555 philosophiam
1227 3467 1437 3530 voluntate
1460 3468 1507 3530 ab
1529 3469 1767 3534 adulescen-

440 3564 529 3626 tulo
552 3576 759 3651 suscepta,
780 3566 845 3629 iac
867 3575 907 3628 ut
928 3562 1150 3628 Metrodori
1172 3570 1310 3624 tueare
1332 3561 1498 3625 liberos.
1542 3558 1592 3624 97.
1614 3565 1684 3626 Non
1706 3585 1767 3649 ego

402 3657 503 3720 seiam
524 3658 782 3740 Epaminondae,
804 3680 867 3722 non
888 3657 1049 3722 Leonidae
1065 3663 1195 3718 mortem
1212 3654 1307 3717 huius
1323 3655 1417 3741 morti
1431 3662 1608 3738 antepono,
1631 3678 1766 3740 quorum

439 3751 519 3813 alter
540 3772 611 3815 cum
633 3754 762 3817 vicisset
782 3753 1050 3817 Lacedaemonios
1072 3749 1156 3834 apud
1179 3749 1370 3812 Mantineam
1393 3755 1489 3832 atque
1511 3751 1580 3833 ipse
1595 3753 1682 3833 gravi
1697 3753 1766 3815 vul-

439 3864 515 3907 nere
538 3847 712 3910 exauimari
733 3868 769 3911 se
790 3847 925 3920 videret,
948 3853 982 3908 ut
1003 3846 1137 3929 primum
1161 3843 1313 3925 dispexit,
1337 3844 1493 3926 quaesivit
1514 3844 1662 3907 salvusne
1681 3855 1767 3909 esset

440 3940 581 4024 clipeus‘l
619 3941 696 4004 Cum
724 3942 843 4005 salvum
871 3961 940 4003 esse
968 3942 1079 4002 llentes
1109 3938 1156 4001 sui
1187 3936 1442 4018 respondissent,
1471 3938 1595 4019 rogavit
1617 3947 1766 4003 essentne

439 4035 501 4098 iusi
523 4035 652 4098 hostes?
676 4035 753 4098 Cum
776 4036 809 4098 id
831 4055 975 4119 quoque,
999 4042 1033 4097 ut
1055 4033 1217 4117 cupiebat,
1240 4030 1429 4104 audivisset,
1451 4031 1545 4094 evelli
1569 4031 1663 4095 iussit
1684 4053 1765 4107 eam,

401 4140 503 4213 ³⁰qua
531 4138 597 4192 erat
625 4126 808 4204 transfixus,
839 4129 971 4191 hastam.
1017 4129 1063 4190 lta
1089 4127 1189 4188 multo
1213 4125 1365 4206 sanguine
1388 4124 1515 4209 profuso
1539 4126 1572 4187 in
1595 4126 1713 4190 laetitia
1735 4139 1767 4191 et

439 4223 571 4286 victoria
601 4230 650 4286 est
677 4230 830 4285 mortuus.
877 4221 1035 4284 Leonidas
1064 4227 1185 4292 autem,
1215 4239 1272 4281 rex
1302 4219 1641 4295 Lacedaemoniorum,
1670 4242 1704 4284 se
1733 4222 1765 4286 in

439 4316 661 4401 Thermopylis
684 4325 906 4401 trecentosque
929 4335 999 4389 eos,
1025 4335 1107 4398 quos
1129 4314 1282 4375 eduxerat
1304 4313 1429 4394 Sparta,
1452 4334 1523 4376 curn
1546 4324 1630 4377 esset
1651 4338 1766 4401 propo-

439 4412 499 4475 sita
528 4418 584 4474 aut
611 4410 687 4493 iuga
715 4412 814 4493 turpis
845 4418 899 4473 aut
926 4409 1065 4491 gloriosa
1087 4427 1184 4479 mors,
1216 4407 1365 4488 opposuit
1387 4407 1540 4470 hostibus.
1583 4412 1766 4475 Praeclarae

390 4569 393 4573 .
440 4513 555 4568 mortes
585 4513 659 4567 sunt
687 4504 924 4587 imperatoriae:
954 4500 1135 4586 philosophi
1158 4505 1264 4562 autem
1286 4500 1318 4560 in
1342 4499 1408 4562 suis
1431 4501 1553 4563 lectulis
1576 4504 1765 4588 plerumque

400 4600 626 4662 asmoriuntur.
662 4597 769 4661 Refert
791 4607 913 4670 tamen,
935 4617 999 4681 quo
1021 4594 1127 4658 modo.
1157 4596 1268 4655 Beatus
1290 4594 1349 4656 sibi
1372 4595 1588 4659 videturesse
1610 4599 1764 4662 moriens:

505 4891 527 4937 4.
544 4892 687 4951 praecentet
702 4889 736 4938 B:
755 4892 779 4937 et
795 4891 829 4945 Α;
847 4891 1011 4948 competenter
1027 4890 1050 4933 et
1062 4886 1096 4941 (ῖς
1114 4888 1241 4946 cosnpcret
1257 4897 1283 4933 se
1299 4885 1319 4934 O
1334 4910 1359 4919 -
1379 4883 1408 4947 si]
1425 4884 1447 4932 st
1464 4885 1506 4946 qai
1522 4885 1541 4934 C
1554 4913 1586 4921 —
1602 4891 1688 4949 potest,
1707 4902 1765 4938 erens

438 4966 460 5014 E
475 4964 616 5028 viperino
639 4977 687 5014 nos
706 4962 776 5023 (coll.
796 4964 872 5013 Tusc.
892 4964 914 5011 ll
933 4962 947 5025 ἕ
967 4962 997 5011 49
1015 4964 1042 5010 et
1058 4961 1142 5010 Nonio
1161 4973 1186 5023 p.
1206 4958 1283 5019 dill:
1308 4964 1386 5020 potest
1402 4961 1443 5008 cei
1459 4961 1572 5022 ntperino
1590 4963 1653 5021 hE;
1675 4969 1764 5026 potest,

437 5040 660 5101 cui-uiperino
678 5040 715 5093 hl;
738 5042 834 5100 potest:
857 5037 911 5087 Cui
932 5037 1083 5097 viperino
1105 5037 1124 5086 0
1149 5062 1174 5070 -
1201 5035 1224 5084 ³.
1244 5041 1321 5085 tetros
1343 5036 1396 5085 th
1414 5061 1441 5069 -
1465 5035 1488 5085 l.
1507 5036 1543 5085 stc
1559 5036 1594 5085 E:
1616 5039 1648 5085 stt
1665 5039 1714 5088 ΑΟ
1735 5065 1762 5075 -

438 5114 561 5176 epicum
577 5114 724 5163 Philoctete:
741 5113 800 5162 Si0
815 5139 842 5150 -
860 5111 946 5175 ρναυίε
962 5112 1045 5171 detor,
1064 5111 1152 5175 breuis]
1170 5110 1252 5159 mersis
1268 5111 1339 5160 dolor
1354 5111 1415 5159 teate
1432 5112 1480 5160 ΑΒ
1495 5138 1520 5147 -
1541 5112 1566 5160 5.
1584 5112 1654 5177 tersis]
1672 5114 1764 5166 tenua

441 5188 758 5252 -6.euns]oaceB-
783 5188 807 5236 7.
829 5187 1088 5236 recensitett—
1110 5186 1762 5248 9.fccics[cctnasB-mortstnidecsBE-

438 5267 478 5318 44.
497 5272 524 5316 ut
540 5266 667 5329 intelleges
682 5264 746 5314 AB:
765 5267 788 5312 ot
804 5262 912 5324 intellige
928 5263 948 5311 0
963 5286 989 5296 —
1011 5263 1050 5311 ⁴7.
1063 5262 1131 5311 baec.
1147 5261 1226 5324 Tanti]
1243 5262 1281 5310 Ne
1291 5260 1355 5309 tenti
1366 5261 1385 5309 u
1398 5287 1424 5296 -
1445 5263 1508 5310 wne
1525 5262 1632 5313 aderant
1648 5268 1682 5314 A:
1701 5268 1767 5316 tanti

436 5348 521 5392 emen
532 5343 565 5399 B;
583 5341 649 5391 tanti
665 5344 749 5389 cutem
765 5339 872 5387 oderam
889 5337 982 5386 uuo.
1006 5337 1090 5386 Etiam
1108 5337 1133 5386 in
1147 5336 1254 5386 Graecis
1266 5334 1355 5384 verbis
1373 5349 1415 5399 op.
1435 5338 1543 5398 Diogen.
1563 5338 1648 5388 baert.
1666 5340 1703 5399 X,
1722 5342 1763 5391 22.

437 5418 513 5469 deest
533 5414 659 5481 particula
683 5414 858 5463 adversativa.
885 5440 910 5448 -
935 5411 974 5461 48.
993 5414 1128 5461 tonstrinum
1149 5411 1273 5461 ARCD:
1296 5411 1417 5459 etscmm
1440 5410 1518 5460 codd.
1543 5412 1698 5465 deteriores.
1724 5416 1763 5466 Ci.
1816 5440 1820 5447 ·

437 5493 500 5544 Plin.
520 5495 550 5543 N.
569 5493 600 5542 ll.
619 5490 708 5541 llllllll
727 5489 741 5552 5
759 5488 805 5539 ii:
829 5488 964 5537 tonninnns
985 5501 1017 5536 ac
1033 5488 1128 5536 uesicae
1143 5502 1174 5536 cc
1190 5486 1344 5536 calcatorum
1360 5486 1437 5534 meto.
1457 5512 1483 5521 -
1504 5487 1544 5536 49.
1562 5489 1683 5539 Miserum
1699 5493 1762 5542 AB:

436 5568 476 5617 En
491 5568 610 5616 mesenes
626 5568 662 5623 G;
680 5566 744 5614 Ecce
758 5565 876 5613 miserum
893 5562 971 5613 codd.
989 5563 1148 5619 doteriores,
1169 5561 1248 5624 [Ecce]
1261 5563 1378 5609 mesenen
1389 5564 1409 5610 0
1422 5587 1448 5596 -
1468 5562 1603 5626 bominem,
1622 5567 1644 5614 si
1660 5567 1731 5615 dolor
1741 5582 1763 5617 s.

436 5656 469 5690 m.
482 5648 525 5691 est.
538 5642 626 5691 DiciO
641 5667 667 5677 -
686 5641 727 5688 20.
745 5639 920 5701 compensabat
937 5640 955 5687 B
971 5666 997 5674 -
1016 5638 1056 5687 23.
1071 5644 1094 5687 et
1108 5638 1149 5700 ph.
1165 5640 1184 5687 Α
1204 5638 1306 5699 (graece
1325 5638 1372 5685 καὶ
1384 5634 1585 5700 φιλοσοφίαν);
1604 5644 1628 5689 et
1643 5653 1706 5702 ergo
1719 5642 1762 5702 ph.

438 5716 534 5772 uu0;
553 5721 576 5765 et
592 5730 654 5779 ergo
670 5728 724 5765 orn.
738 5715 757 5763 E
772 5741 798 5750 -
816 5716 857 5764 27.
876 5714 1015 5762 cncnimcti
1031 5714 1079 5762 BE
1095 5740 1121 5748 -
1141 5714 1246 5773 despexit
1263 5712 1297 5759 rt:
1317 5712 1428 5773 despexit
1444 5714 1526 5762 ceteri
1544 5713 1627 5773 codd.v
1637 5740 1663 5749 —
1684 5716 1724 5765 30.
1741 5721 1764 5765 et

437 5790 501 5840 AB:
520 5796 543 5839 et
558 5791 585 5839 in
602 5792 622 5841 0
642 5816 669 5827 ··
689 5791 728 5841 34.
748 5803 796 5839 ren
811 5791 832 5838 si
848 5790 927 5839 laced
946 5790 964 5837 B
983 5789 1044 5849 (non
1063 5790 1091 5845 El
1108 5817 1141 5825 -
1158 5789 1198 5839 35.
1218 5801 1266 5848 quo
1281 5788 1362 5835 modo.
1382 5780 1473 5836 Bestias
1488 5787 1535 5836 sibi
1550 5789 1649 5837 uidetur
1660 5788 1764 5839 Madvi-

437 5866 509 5927 gius:
528 5879 577 5925 qoo
592 5867 665 5915 modo
680 5865 727 5914 eibi
742 5865 842 5915 uidetur
858 5866 894 5923 A;
912 5877 961 5926 qao
976 5866 1050 5913 modo
1065 5864 1111 5913 sibi
1128 5862 1258 5913 uidebatur
1270 5862 1305 5920 B;
1323 5862 1389 5923 qaod
1404 5861 1450 5911 sibi
1465 5862 1562 5911 otdeur
1575 5862 1595 5910 0
1609 5887 1636 5898 -
1655 5865 1764 5914 morters

437 5941 486 5991 ΑΒ
496 5940 530 5989 E:
547 5942 663 5991 mortestt
679 5942 708 5991 0.
