4342 7459
770 1267 839 1331 ιιι.
860 1267 885 1329 ι.
912 1265 984 1332 cn.
1006 1266 1140 1332 v-vr.
1165 1262 1211 1348 ss
1232 1260 1380 1329 rs-as.
1689 1268 1732 1335 cs

409 1438 491 1501 ritae
521 1436 676 1500 adiuncta
704 1443 787 1513 sunt.
830 1436 997 1499 Hominem
1026 1454 1097 1498 esse
1127 1434 1299 1498 censebant
1319 1433 1411 1517 quasi
1432 1441 1553 1516 partem
1575 1441 1732 1521 quandem

410 1530 548 1595 civitatis
570 1539 603 1594 et
623 1530 764 1593 universi
785 1530 910 1611 generis
932 1529 1077 1604 humani,
1106 1548 1243 1611 eumque
1270 1547 1339 1592 esse
1362 1528 1563 1593 coniunctum
1585 1552 1656 1596 cum
1677 1535 1735 1599 bo·

410 1625 550 1689 minibus
570 1624 712 1687 bumana
734 1624 870 1707 quadam
892 1625 1053 1686 societate.
1089 1624 1134 1687 Ac
1153 1623 1192 1685 de
1208 1643 1331 1685 summo
1346 1621 1476 1705 quidem
1491 1632 1585 1708 atque
1600 1629 1735 1691 naturali

410 1719 494 1783 bono
523 1720 569 1781 sic
595 1726 711 1801 agunt:
742 1725 848 1781 cetera
876 1724 982 1781 autem
1011 1716 1171 1799 pertinere
1193 1715 1286 1779 adid
1309 1719 1736 1801 pntantautadaugcndum

410 1821 464 1877 aut
484 1813 677 1885 tenendum,
700 1817 735 1874 nt
756 1812 897 1884 divitias,
919 1819 955 1873 ut
976 1830 1064 1892 opes,
1086 1818 1121 1873 nt
1136 1809 1278 1891 gloriam,
1300 1817 1336 1872 nt
1349 1810 1491 1892 gratiam.
1520 1812 1567 1877 lta
1581 1814 1761 1898 tripartitae

411 1906 513 1969 abiis
536 1904 700 1968 inducitur
720 1904 801 1967 ratio
822 1904 986 1967 bonorum.

496 2001 551 2062 Vl.
580 1996 633 2061 22.
659 2000 763 2081 Atque
796 1998 875 2061 baec
902 1998 957 2059 illa
986 2004 1059 2060 sunt
1091 1995 1151 2059 tria
1180 2016 1311 2078 genera,
1344 2018 1426 2080 quae
1453 2006 1565 2081 putant
1592 2002 1737 2087 plerique

413 2094 641 2177 Peripateticos
664 2093 779 2156 dicere.
822 2074 859 2153 ld
882 2091 1011 2174 quidem
1033 2109 1098 2152 non
1119 2089 1216 2164 falsos
1242 2098 1290 2153 est
1311 2093 1395 2154 enim
1418 2093 1497 2156 baec
1519 2097 1646 2177 partitio
1666 2098 1738 2161 illo-

414 2206 500 2251 mm:
524 2186 605 2249 illnd
627 2185 848 2268 inprudenter,
871 2187 898 2247 si
919 2184 999 2247 alios
1014 2203 1084 2246 esse
1098 2183 1320 2258 Academicos,
1343 2186 1397 2267 qui
1414 2194 1479 2249 tum
1495 2190 1739 2271 appellarentur,

413 2281 492 2345 alios
525 2280 754 2361 Peripateticos
787 2278 988 2341 arbitrantur.
1034 2276 1215 2340 Communis
1242 2277 1322 2341 baec
1349 2279 1428 2342 ratio
1455 2288 1486 2343 et
1515 2285 1657 2367 utrisque
1686 2285 1777 2349 bicro

414 2374 569 2438 bonorum
599 2373 674 2435 finis
701 2372 883 2445 videbatur,
913 2370 1064 2454 adipisci,
1095 2391 1177 2454 quae
1207 2379 1314 2433 essent
1335 2373 1434 2454 prima
1455 2382 1567 2437 natura
1591 2397 1740 2462 quaeque

415 2468 483 2551 ipsa
507 2488 568 2551 per
587 2486 659 2530 sese
675 2465 868 2548 expetenda,
891 2472 946 2527 ant
960 2464 1068 2527 omnia
1084 2472 1139 2527 aut
1152 2463 1298 2527 maxima.
1326 2466 1372 2527 Ea
1386 2474 1460 2530 sunt
1474 2477 1578 2533 antem
1594 2473 1740 2548 maxima,

418 2580 499 2644 qnae
523 2561 559 2623 in
580 2560 653 2642 ipso
675 2561 781 2622 animo
803 2567 901 2642 atque
923 2559 955 2620 in
984 2559 1054 2641 ipsa
1075 2558 1191 2621 virtute
1213 2566 1388 2623 versantur.
1431 2562 1540 2645 ltaque
1563 2567 1664 2629 omnis
1686 2566 1741 2629 illa

416 2655 547 2737 antiqua
576 2654 780 2737 pbilosopbin
808 2654 909 2716 sensit
937 2654 969 2715 in
999 2672 1062 2714 una
1090 2653 1202 2714 virtute
1231 2673 1301 2715 esse
1332 2654 1468 2737 positam
1489 2656 1612 2722 beatem
1633 2661 1741 2735 vitam,

416 2767 473 2810 nec
493 2756 602 2810 tamen
625 2746 853 2821 beatissimam,
883 2747 943 2809 nisi
969 2746 1220 2829 adiungerentur
1241 2753 1273 2808 et
1293 2748 1432 2828 corporis
1455 2756 1486 2811 et
1507 2759 1627 2826 cetera,
1659 2770 1779 2836 quaest

417 2860 510 2923 supra
542 2841 629 2902 dicta
661 2848 749 2913 sunt,
783 2840 821 2903 ad
851 2840 977 2902 virtutis
1005 2860 1098 2903 usum
1126 2840 1251 2901 idonea.
1294 2835 1345 2901 23.
1372 2841 1421 2903 Ex
1448 2842 1508 2907 bac
1529 2843 1742 2931 descriptione

417 2933 528 3016 agendi
553 2953 682 3017 quoque
704 2932 826 3016 aliquid
848 2934 881 2995 in
903 2934 965 2996 vita
989 2941 1020 2996 et
1037 2930 1131 2996 officii
1152 2933 1253 3014 ipsius
1268 2933 1393 2997 initium
1409 2939 1633 3018 reperiebatur,
1655 2941 1742 3024 quod

418 3035 483 3090 erat
513 3028 549 3089 in
581 3027 820 3090 conservatione
849 3047 956 3089 earum
983 3047 1106 3101 rerum,
1140 3046 1219 3109 quas
1248 3035 1359 3091 natura
1387 3033 1624 3112 praescriberet.
1660 3036 1742 3099 llinc

418 3121 604 3204 gignebatur
629 3119 704 3202 luga
732 3120 875 3183 desidiae
903 3120 1167 3203 voluptatumque
1196 3124 1403 3203 contemptio,
1433 3144 1473 3187 cx
1507 3146 1570 3208 quo
1599 3127 1743 3191 laborum

419 3214 630 3298 dolorumque
652 3214 812 3298 susceptio
834 3214 1002 3276 multomm
1025 3232 1273 3296 magnorumque
1291 3215 1366 3277 recti
1381 3216 1571 3301 honestique
1584 3240 1690 3296 musa,
1712 3229 1781 3287 etto

421 3328 526 3372 essum
556 3328 662 3372 rerum
679 3308 744 3381 **,
774 3327 856 3390 quae
886 3316 975 3370 erant
1003 3315 1213 3388 congruentes
1235 3328 1307 3371 cum
1334 3311 1581 3395 praescriptione
1603 3324 1743 3390 naturae,

422 3403 503 3464 unde
526 3409 559 3466 et
579 3403 721 3465 amicitia
742 3402 899 3464 existebat
919 3410 952 3464 et
972 3401 1090 3463 institia
1112 3410 1207 3483 atque
1228 3403 1389 3485 aequitns;
1411 3424 1533 3487 eaeque
1555 3415 1587 3468 ct
1601 3409 1744 3493 volupta-

422 3495 504 3558 tibus
527 3503 560 3558 et
581 3495 690 3558 multis
712 3496 795 3559 vitae
818 3494 991 3557 commodis
1012 3495 1294 3578 anteponebantur.
1329 3496 1414 3559 llaec
1437 3497 1564 3579 quidem
1584 3499 1646 3564 tuit
1660 3501 1744 3586 apud

423 3608 475 3653 eos
496 3610 621 3653 morum
644 3589 800 3651 institutio
824 3589 945 3651 eteius
968 3589 1087 3671 partis,
1116 3608 1212 3671 quam
1241 3591 1372 3672 primam
1394 3592 1501 3674 posui,
1529 3591 1629 3657 torma
1649 3604 1745 3679 atque

423 3682 603 3766 desenptio.
646 3679 697 3744 24.
719 3683 766 3746 Dc
788 3691 900 3745 natnra
921 3690 1027 3744 autem
1048 3714 1091 3729 -
1113 3681 1144 3743 id
1168 3684 1251 3745 enim
1267 3684 1460 3766 sequebatur
1477 3719 1513 3731 -
1530 3687 1573 3749 ita
1589 3686 1785 3765 dicebantur

423 3784 456 3839 nt
484 3796 557 3839 cam
588 3775 768 3838 dividerent
796 3777 829 3838 in
856 3796 908 3838 res
930 3774 1024 3849 dnas;
1054 3784 1090 3838 ut
1113 3777 1213 3840 altera
1234 3787 1317 3839 esset
1337 3773 1492 3852 efficiens,
1519 3779 1618 3844 altera
1639 3790 1745 3847 autem
1782 3786 1787 3791 ’

424 3872 512 3955 qussi
534 3870 611 3933 bnic
633 3890 667 3932 se
689 3870 862 3954 praebens,
891 3889 928 3933 ea
951 3888 1033 3953 quae
1055 3869 1234 3933 efficeretur
1253 3870 1387 3953 aliquid.
1428 3873 1466 3934 ln
1488 3892 1542 3947 eo,
1571 3874 1657 3958 quod
1680 3875 1747 3940 effi·

423 3974 521 4040 aeret,
555 3964 621 4027 vim
651 3983 722 4027 csse
751 3965 938 4038 censebant,
971 3964 1005 4025 in
1034 3984 1073 4026 eo
1101 3973 1223 4038 autem,
1256 3964 1342 4047 quod
1365 3962 1556 4039 efficeretur,
1585 3971 1746 4033 materiam

424 4059 596 4142 quandam3
628 4058 661 4120 in
695 4066 832 4140 utroque
861 4066 966 4120 tamen
994 4064 1183 4141 utrumque:
1216 4077 1321 4140 neque
1349 4058 1434 4120 enim
1462 4061 1624 4123 materiam
1645 4064 1748 4145 ipsam

424 4154 592 4215 cohaerere
615 4152 774 4234 potuisse,
797 4152 824 4213 si
847 4151 934 4214 nulla
955 4151 986 4213 vi
1009 4152 1240 4226 contineretur,
1263 4170 1366 4234 neque
1389 4152 1452 4214 vim
1474 4152 1543 4215 sine
1561 4154 1668 4238 aliqua
1683 4178 1786 4224 [ιιι-30

424 4468 601 4523 praeterquam
617 4460 696 4507 animi
713 4457 736 4506 b.
749 4464 771 4508 et
788 4460 909 4521 corporis,
928 4461 1038 4508 cernitur
1054 4461 1080 4508 in
1092 4460 1250 4523 quibusdam,
1269 4472 1333 4520 quae
1343 4473 1392 4508 non
1403 4464 1421 4508 t.
1433 4475 1459 4508 n.
1472 4474 1548 4522 quam
1559 4460 1713 4515 tenuram
1723 4480 1747 4516 u.

427 4540 473 4587 adi.
486 4544 544 4587 sunt
555 4534 684 4596 Bentley).
694 4561 719 4569 -
735 4534 758 4581 l.
769 4534 891 4583 bominem
902 4536 966 4583 enirn
978 4538 1054 4585 esseG
1066 4562 1099 4570 —
1111 4537 1134 4584 2.
1148 4536 1306 4583 conuinctum
1315 4533 1364 4581 V—
1378 4547 1435 4582 cum
1446 4535 1557 4584 omnibus
1566 4539 1632 4587 coni.
1647 4539 1749 4590 Ernesti

428 4637 452 4648 -
471 4612 495 4662 3.
514 4612 627 4659 tmnana
644 4612 677 4658 G:
696 4609 820 4657 communi
843 4610 861 4657 1.
881 4610 906 4657 F.
929 4611 1089 4664 Gronovius;
1111 4611 1241 4658 mundam
1257 4609 1367 4672 Bentley
1385 4609 1443 4660 coll.
1462 4611 1538 4660 Tuse.
1557 4613 1592 4674 V,
1611 4613 1625 4675 ἕ
1644 4614 1700 4664 408.
1720 4641 1747 4651 -

426 4693 497 4749 utque
514 4688 544 4735 de
561 4688 595 4743 G;
615 4697 646 4733 ce
663 4683 684 4731 V
704 4709 731 4719 -
751 4683 775 4733 t.
794 4684 972 4746 adaugendum
989 4684 1090 4733 Ernesti
1109 4689 1135 4732 et
1153 4686 1186 4733 G:
1211 4684 1245 4732 ad
1256 4684 1379 4746 apendnnr
1395 4684 1498 4734 APVr
1516 4711 1543 4721 —
1562 4686 1586 4735 5.
1605 4692 1650 4736 aut
1666 4694 1750 4739 wnen-

427 4764 482 4812 dsns
500 4762 562 4812 EG:
581 4765 627 4809 cin
643 4761 677 4807 ad
694 4760 824 4807 urendum
840 4759 984 4820 APUVrp
1002 4762 1028 4807 et
1045 4758 1123 4808 codd.
1142 4759 1253 4817 Davisii;
1276 4765 1321 4808 aut
1336 4759 1370 4807 ad
1389 4760 1506 4807 tuendum
1522 4773 1549 4817 r;
1573 4767 1618 4810 cut
1634 4766 1751 4815 tuendum

427 4839 493 4886 001
511 4835 572 4884 cod.
591 4834 764 4894 Memmium,
789 4836 814 4883 in
833 4846 886 4897 quo
905 4836 994 4883 tamen
1013 4847 1075 4884 num
1093 4836 1210 4882 tuendum
1227 4833 1305 4883 tuerit
1321 4834 1450 4883 incertum
1468 4834 1518 4883 est.
1538 4861 1565 4871 -
1585 4835 1609 4885 G.
1628 4837 1659 4885 ab
1675 4839 1750 4891 trisC

430 4938 454 4948 -
471 4913 496 4961 t.
515 4916 572 4959 sunt
589 4923 644 4959 om.
663 4912 683 4957 G
704 4935 730 4944 -
746 4909 866 4971 plerique]
883 4909 1020 4970 pbilosoptt
1038 4920 1051 4955 r
1067 4934 1100 4943 —
1117 4909 1140 4958 9.
1157 4908 1293 4969 prudenter
1310 4907 1340 4956 G¹
1352 4931 1379 4942 -
1399 4909 1441 4968 qui
1458 4909 1516 4957 dum
1534 4910 1683 4975 CEUgtrm
1702 4928 1751 4965 ve-

427 4987 536 5036 rendum
561 4988 602 5034 est
624 4985 712 5044 utqui
735 4987 787 5031 tuns
806 4984 993 5044 appellarentur
1010 4986 1081 5031 recte
1100 4981 1271 5032 emendatum
1289 4985 1335 5039 stt;
1359 4985 1529 5046 exspectares
1545 4984 1639 5037 saltem
1656 5002 1680 5050 q.
1699 4995 1752 5040 tum

427 5062 616 5123 mulceamur
633 5085 659 5094 -
686 5059 845 5119 appellantur
862 5062 880 5106 G
902 5086 928 5095 -
958 5060 996 5106 tt.
1015 5058 1131 5105 videatur
1147 5060 1193 5106 ΑΡ
1203 5059 1222 5105 V
1233 5072 1260 5114 r;
1287 5058 1384 5106 videtur
1400 5061 1434 5115 G;
1459 5058 1590 5108 uidebatur
1606 5063 1626 5111 0
1642 5068 1751 5115 auctore

429 5137 570 5184 Goerenzio
588 5133 694 5183 inclusit
710 5161 742 5170 —
756 5136 843 5195 prima
860 5140 954 5182 natine
972 5135 1079 5182 itarius:
1096 5134 1183 5194 prima
1200 5134 1226 5181 in
1242 5137 1295 5180 not.
1310 5134 1360 5181 AG
1378 5132 1445 5191 (lori.
1459 5147 1491 5182 es
1506 5136 1592 5195 prima
1609 5143 1751 5202 enatura),

428 5211 452 5257 is
466 5211 552 5271 prima
568 5215 621 5257 nat.
641 5209 727 5265 PVr;
744 5212 830 5270 prima
847 5216 955 5257 natwae
972 5210 1058 5257 Brenni
1079 5234 1105 5241 —
1127 5208 1165 5256 43.
1185 5209 1290 5269 antiqua
1307 5207 1351 5255 itta
1369 5210 1388 5255 G
1409 5234 1435 5243 -
1456 5209 1495 5257 lb.
1514 5211 1589 5260 etiam
1605 5217 1717 5275 corporis
1735 5219 1753 5265 P

431 5309 455 5319 -
476 5285 514 5333 t8.
533 5285 581 5333 erit
598 5298 612 5331 r
631 5307 657 5319 -
674 5285 837 5345 perscriberet
855 5298 867 5332 r
886 5311 912 5318 -
936 5285 975 5332 ⁴9.
994 5284 1149 5344 voluptatum
1166 5285 1186 5331 G
1203 5308 1236 5318 -
1252 5282 1373 5330 ccnoentio
1391 5280 1412 5328 V
1433 5308 1459 5317 -
1478 5283 1519 5332 20.
1536 5298 1688 5347 magnorum
1705 5291 1752 5340 GP

431 5384 456 5394 -
474 5359 514 5406 tt.
534 5373 623 5408 carran
643 5360 736 5422 rerum]
759 5360 864 5421 signnm
886 5358 995 5407 lacunae
1014 5370 1061 5407 nos
1080 5358 1230 5419 posuimus,
1255 5357 1299 5419 qui
1317 5368 1475 5406 censeamus
1493 5359 1615 5419 adpetitus
1631 5365 1687 5413 siue
1705 5365 1753 5412 ad·

428 5435 509 5494 petitio
529 5433 570 5482 vei
594 5432 679 5484 simile
701 5435 909 5491 substantivum,
937 5434 1007 5497 qnod
1031 5435 1065 5481 sit
1082 5434 1244 5481 contrarium
1262 5433 1392 5494 superiori
1407 5432 1482 5495 supe,
1511 5439 1556 5483 ant
1573 5438 1615 5486 bic
1632 5441 1677 5487 ant
1694 5442 1754 5501 post

429 5521 536 5568 pessa.
559 5516 668 5559 werce
689 5511 861 5559 intercidisse.
894 5509 986 5558 Adbuc
1010 5507 1084 5556 locus
1107 5509 1145 5557 sic
1166 5506 1317 5568 legebatur,
1341 5509 1416 5569 quasi
1434 5515 1456 5556 et
1472 5522 1561 5558 earum
1577 5524 1662 5559 rerum
1679 5525 1693 5560 a
1710 5526 1753 5561 su-

431 5586 517 5644 sceptio
534 5583 673 5647 penderet.
689 5611 716 5620 -·
733 5585 930 5645 praescriptione
941 5586 974 5631 G:
994 5583 1155 5643 descriptione
1171 5583 1315 5640 levor,
1336 5582 1367 5631 et.
1388 5596 1412 5630 v.
1429 5585 1458 5633 rs
1476 5588 1503 5632 et
1519 5598 1599 5647 supra
1617 5598 1641 5648 p.
1656 5586 1697 5645 53,
1712 5588 1751 5638 te.

434 5678 458 5692 -
478 5658 517 5706 tt.
537 5671 628 5719 eaeque
646 5672 706 5706 nos:
726 5672 756 5707 ea
773 5662 895 5719 oeque&
914 5657 1141 5719 iccqrreAPVO,
1160 5658 1268 5718 buecque
1285 5659 1317 5717 E,
1336 5658 1424 5718 bneque
1441 5673 1465 5719 r,
1483 5660 1543 5708 baec
1560 5661 1704 5720 bienutius3
1722 5676 1753 5711 ea

432 5746 493 5793 quae
509 5736 605 5781 Gruter
623 5758 649 5767 -
670 5735 709 5782 23.
728 5741 751 5783 et
767 5736 861 5782 cunctis
880 5735 972 5784 Davies
986 5758 1012 5767 -
1031 5735 1095 5794 flunt
1112 5735 1133 5781 G
1151 5760 1177 5768 -
1196 5731 1236 5781 nt.
1254 5735 1335 5793 partis
1351 5734 1470 5783 Wallrer:
1490 5736 1553 5783 ortis
1570 5737 1656 5784 Gr-
1670 5740 1754 5798 prime

433 5819 446 5854 s
462 5834 487 5842 -
507 5809 548 5858 25.
568 5809 686 5857 doeebnm
703 5811 722 5855 G
738 5836 763 5842 —
784 5810 824 5858 ti.
843 5823 873 5858 ea
890 5823 954 5869 qnae
971 5813 1077 5856 Gruter:
1098 5821 1175 5869 eaque
1192 5811 1249 5865 Gr,
1268 5822 1298 5857 ea
1315 5822 1366 5868 qua
1383 5810 1526 5863 Manutius:
1545 5823 1578 5858 en
1594 5825 1645 5871 qua
1656 5813 1754 5863 Turne-

433 5878 481 5931 bus
500 5908 526 5917 -
545 5883 701 5944 espeerentur
717 5885 736 5930 G
756 5909 783 5917 -
803 5884 842 5932 28.
861 5888 958 5931 tanturn
974 5883 1047 5930 modo
1063 5884 1195 5932 malcrum
1213 5885 1232 5930 G
1250 5881 1308 5932 tort.
1324 5886 1398 5932 recte
1418 5909 1444 5919 -
1463 5883 1504 5935 29.
1523 5890 1606 5934 tamen
1622 5899 1676 5937 om.
1689 5888 1711 5935 V
1724 5915 1751 5926 -

434 5954 472 6006 itt.
489 5958 539 6006 cirn
555 5970 606 6007 esse
621 5958 674 6006 sinc
691 5957 786 6007 Christ.
