4342 7459
351 1244 413 1312 572
922 1249 976 1312 DE
998 1248 1105 1313 ltro

352 1411 533 1486 morietur»,
556 1412 611 1475 sed
635 1411 742 1494 potius
765 1412 810 1474 ita
831 1411 956 1474 dicant:
990 1412 1079 1473 aNon
1101 1415 1133 1471 et
1154 1414 1246 1472 natus
1268 1416 1317 1472 est
1339 1408 1412 1492 quis
1436 1412 1558 1475 oriente
1582 1411 1676 1479 Cani·
1707 1439 1720 1464 *-

351 1504 437 1577 cula,
461 1507 540 1569 etis
563 1507 696 1569 inmari
719 1506 895 1569 marlotum>
942 1505 969 1567 0
992 1505 1153 1567 licentiam
1175 1503 1365 1567 iaculareml
1401 1526 1440 1568 ne
1463 1507 1532 1588 ipse
1555 1509 1676 1574 incidat

351 1597 382 1658 in
406 1600 593 1674 Diodorum,
625 1598 717 1662 docet
740 1598 915 1662 Chaldaeos
942 1619 1005 1679 quo
1034 1606 1126 1680 pacto
1149 1617 1204 1661 eos
1227 1618 1389 1680 exponere
1411 1611 1558 1683 percepta
1580 1623 1676 1685 apor-

350 1700 423 1755 teat.
462 1693 588 1769 Quaero
611 1696 711 1769 enim,
733 1695 760 1756 si
777 1694 926 1757 Chaldaei
948 1694 992 1755 ita
1013 1693 1198 1775 loquantur,
1219 1701 1255 1755 ut
1275 1694 1460 1774 negationes
1482 1692 1675 1761 infinitarum

325 1788 605 1852 ticoniunctionum
634 1789 740 1873 potius
769 1808 864 1871 quam
893 1784 1016 1850 infinita
1045 1805 1167 1849 conexa
1196 1794 1333 1868 ponant,
1363 1807 1421 1849 cur
1442 1786 1526 1851 idem
1549 1789 1674 1866 medici,

346 1903 404 1945 cur
426 1892 617 1965 geometrae,
639 1903 694 1946 cnr
715 1883 831 1966 reliqui
853 1882 957 1944 iacere
979 1901 1044 1943 non
1067 1879 1209 1962 possinti
1232 1879 1374 1943 Medicus
1396 1882 1430 1943 in
1452 1884 1563 1964 primis
1585 1887 1674 1968 quod

346 1977 405 2039 erit
428 1978 457 2039 ei
481 1985 679 2060 perspectum
701 1978 735 2040 in
757 1985 824 2039 arte
849 1996 911 2038 non
936 1976 978 2038 ita
1003 1983 1176 2058 proponet:
1205 1974 1259 2034 «Si
1282 1975 1332 2036 cui
1356 1995 1454 2038 venae
1477 1977 1522 2039 sic
1544 1997 1675 2041 moven-

344 2078 410 2144 tur,
433 2072 459 2134 is
482 2072 577 2135 habet
597 2073 751 2145 febrim»,
780 2073 837 2134 sed
863 2071 968 2155 potins
998 2070 1054 2131 illa
1077 2067 1194 2130 modo:
1228 2069 1315 2129 «Non
1339 2070 1390 2131 cui
1414 2090 1513 2134 venae
1536 2072 1582 2134 sic
1604 2093 1673 2136 mn-

345 2174 467 2239 ventur,
491 2175 522 2229 et
544 2168 570 2230 is
591 2166 705 2230 febrim
727 2166 939 2229 nonhabet»)
975 2165 1117 2248 Itemque
1139 2170 1316 2245 geometres
1338 2184 1402 2225 non
1425 2164 1470 2226 ita
1491 2163 1591 2228 dicet:
1617 2168 1672 2230 aln

306 2259 476 2342 ⁴⁰sphaera
499 2261 626 2324 maximi
650 2262 743 2323 orbes
765 2260 860 2324 medii
882 2261 966 2322 inter
988 2279 1021 2321 se
1045 2257 1259 2331 dividuntur»,
1282 2257 1336 2319 sed
1358 2258 1465 2338 potius
1486 2259 1542 2322 illo
1558 2261 1673 2326 modo:

345 2354 434 2415 «Non
464 2362 496 2416 et
520 2363 594 2417 sunt
618 2356 650 2417 in
673 2354 807 2437 sphaera
834 2353 964 2416 maximi
987 2353 1098 2426 arbes,
1128 2360 1160 2414 et
1181 2352 1203 2414 ii
1226 2372 1289 2414 non
1313 2351 1408 2414 medii
1431 2353 1514 2414 inter
1535 2374 1569 2416 se
1592 2356 1673 2419 divi·

343 2446 491 2510 duntur.o
532 2448 580 2510 16.
604 2449 689 2525 Quid
712 2458 760 2512 est
782 2448 869 2533 quod
891 2468 955 2511 non
978 2448 1079 2530 possit
1101 2447 1162 2508 isto
1185 2447 1278 2509 modo
1302 2466 1341 2508 ex
1363 2467 1485 2510 conexo
1508 2449 1671 2513 transferri

343 2542 382 2604 ad
406 2543 664 2606 coniunctionum
687 2544 911 2627 negationem?
947 2544 987 2604 Et
1002 2539 1131 2625 quidem
1146 2538 1218 2601 aliis
1233 2538 1336 2603 modis
1352 2541 1479 2603 easdem
1495 2562 1544 2605 res
1560 2544 1673 2608 efferre

343 2656 521 2718 possumus.
571 2636 666 2699 blodo
689 2637 772 2700 dixi:
806 2637 864 2697 uln
889 2636 1023 2718 sphaera
1046 2633 1175 2696 maximi
1199 2632 1291 2696 orbes
1315 2634 1410 2696 medii
1434 2636 1515 2698 inter
1536 2657 1570 2699 se
1593 2636 1674 2701 diri·

306 2730 501 2803 trauntur»,
530 2752 655 2814 possum
680 2733 800 2794 dicere:
834 2731 885 2793 aSi
908 2732 941 2791 in
964 2729 1097 2812 sphaera
1119 2726 1247 2789 maximi
1272 2729 1363 2790 orbes
1386 2739 1519 2805 erunt»,
1542 2753 1672 2813 possum

343 2825 469 2888 dicere:
508 2824 616 2900 «Quia
641 2825 673 2887 in
703 2825 835 2908 sphaera
863 2824 991 2886 maximi
1021 2822 1115 2885 orbes
1143 2829 1266 2884 erunto
1325 2823 1424 2886 hlulta
1452 2844 1566 2907 genera
1599 2835 1674 2890 sunt

343 2917 529 2983 enuntiandi
552 2939 611 2981 nec
633 2918 733 2981 ullum
757 2918 920 2981 distortius
942 2937 1038 3000 quam
1061 2914 1130 2990 hoc,
1154 2935 1218 2998 que
1242 2915 1437 2999 Chrysippus
1459 2928 1565 3002 sperat
1580 2920 1673 2983 Chel-

342 3012 440 3076 daeos
463 3021 627 3076 contentos
650 3014 827 3076 Stoicorum
851 3032 946 3075 causa
968 3010 1044 3073 iore.

426 3108 481 3169 lx.
505 3102 556 3170 ll.
580 3107 707 3170 lllorum
731 3116 835 3170 tamen
858 3126 952 3169 nemo
975 3106 1020 3168 ita
1042 3104 1201 3187 loquitur;
1224 3104 1325 3167 maius
1347 3112 1396 3169 est
1417 3108 1502 3169 enim
1524 3108 1581 3171 has
1597 3128 1673 3173 con-

304 3202 497 3265 ¹⁰tortiones
527 3202 678 3264 orationis
707 3222 802 3284 quam
825 3203 990 3284 signorum
1010 3207 1098 3260 ortus
1120 3197 1288 3282 obitusque
1303 3201 1502 3283 perdiscere.
1547 3204 1608 3266 Sed
1631 3204 1672 3266 ad

342 3295 428 3359 illam
450 3296 581 3359 Diodori
604 3298 856 3368 contentionem,
884 3314 978 3378 quam
1002 3301 1075 3373 περὶ
1097 3295 1242 3354 δυνατῶν
1264 3292 1441 3374 appellant,
1469 3304 1672 3371 revertamur,

341 3392 375 3453 in
397 3409 459 3472 qua
482 3392 559 3474 quid
581 3390 684 3452 valeat
706 3390 737 3452 id
762 3390 847 3473 quod
870 3386 937 3450 fieri
960 3387 1060 3470 possit
1081 3386 1269 3469 anquiritur.
1300 3386 1406 3449 Placet
1420 3388 1516 3469 igitur
1530 3391 1672 3455 Diodoro

341 3484 374 3546 id
397 3485 498 3546 solum
521 3482 587 3547 lieri
611 3506 723 3567 posse,
753 3484 840 3569 quod
868 3492 921 3545 aut
948 3501 1056 3543 verum
1079 3480 1120 3542 sit
1141 3488 1198 3542 aut
1219 3500 1327 3544 verum
1350 3481 1488 3546 saturum
1512 3485 1562 3546 sit.
1607 3484 1672 3560 Qui

343 3580 429 3642 locus
452 3580 578 3661 attingit
600 3579 680 3640 hanc
703 3579 941 3661 quaestionem:
974 3573 1053 3662 nihil
1083 3571 1168 3647 fieri,
1196 3574 1282 3656 quod
1313 3595 1376 3638 non
1408 3598 1538 3641 necesse
1566 3578 1671 3653 inerit,

303 3680 390 3735 net:
421 3673 576 3756 quidquid
599 3669 665 3733 heri
688 3674 807 3754 possit,
829 3672 860 3734 id
884 3677 938 3733 aut
957 3688 1027 3731 esse
1049 3668 1111 3731 iam
1134 3677 1189 3731 aut
1211 3669 1351 3733 laturum
1375 3691 1462 3746 esse,
1486 3691 1545 3733 nec
1569 3674 1670 3755 magis

341 3768 524 3829 commutari
547 3787 586 3829 ex
609 3767 691 3829 veris
713 3767 746 3828 in
769 3765 848 3828 t'alsa
870 3783 964 3847 posse
987 3781 1033 3834 ea,
1057 3780 1139 3844 quae
1161 3761 1282 3837 lutura,
1306 3784 1400 3847 quam
1418 3785 1465 3840 ea,
1488 3765 1670 3848 quaefacta

341 3869 430 3933 sunt,
453 3860 508 3921 sed
531 3859 563 3920 in
585 3859 675 3922 iactis
697 3859 969 3922 inmutabilitatem
993 3875 1164 3938 apparere,
1187 3858 1220 3919 in
1235 3856 1350 3921 suturis
1365 3860 1569 3942 quibusdam,
1593 3862 1670 3943 quia

341 3972 404 4015 non
427 3960 572 4036 apparet,
602 3974 642 4015 ne
664 3954 768 4016 inesse
797 3952 925 4037 quidem
954 3951 1072 4014 videri:
1105 3957 1140 4012 ut
1168 3952 1199 4012 in
1226 3971 1264 4013 eo
1292 3953 1344 4033 qui
1367 3952 1529 4016 mortifero
1554 3953 1667 4017 morbo

342 4057 490 4129 urgeatur
512 4068 620 4110 verum
644 4050 703 4111 sit:
735 4047 818 4109 «Hic
841 4047 992 4110 morietur
1013 4046 1074 4107 hoc
1098 4045 1252 4120 morbon;
1282 4054 1314 4108 at
1340 4047 1399 4110 hoc
1428 4047 1513 4110 idem
1543 4049 1568 4110 si
1595 4069 1668 4111 vere

303 4141 463 4204 ³⁰dicatur
485 4142 517 4203 in
541 4163 595 4216 eo,
618 4142 651 4203 in
675 4164 738 4225 quo
762 4143 809 4204 vis
831 4141 930 4203 morbi
954 4148 1038 4203 tanta
1062 4160 1125 4201 non
1149 4149 1313 4222 appareat,
1336 4142 1436 4204 nihilo
1460 4143 1563 4205 minus
1585 4143 1670 4206 iutu-

341 4257 409 4298 rum
433 4237 484 4297 sit.
529 4238 575 4298 lta
597 4234 630 4298 fit
653 4244 687 4298 ut
709 4237 912 4299 commutatio
936 4257 977 4299 ex
1000 4257 1075 4298 vero
1099 4236 1130 4296 in
1155 4235 1267 4298 falsum
1296 4258 1335 4299 ne
1358 4239 1390 4299 in
1413 4238 1518 4300 tuturo
1540 4236 1668 4319 quidem

341 4330 406 4391 ulla
429 4327 495 4392 lieri
519 4333 625 4413 possit.
663 4334 741 4393 Nam
760 4331 928 4393 «Morietur
944 4331 1067 4413 Scipio»
1094 4329 1187 4391 talem
1210 4330 1272 4393 rim
1297 4329 1404 4404 babet,
1428 4340 1461 4394 ut
1477 4351 1668 4415 quamquam

343 4422 381 4484 de
403 4422 508 4486 futuro
533 4424 658 4498 dicitur,
681 4434 786 4487 tamen
809 4433 844 4486 ut
865 4424 897 4486 id
921 4444 984 4484 non
1009 4424 1108 4505 possit
1130 4432 1314 4487 convertere
1339 4426 1371 4486 in
1394 4424 1526 4498 salsum3
1550 4425 1588 4485 de
1611 4425 1669 4486 ho·

343 4516 425 4578 mine
448 4518 532 4579 enim
556 4519 682 4592 dicitur,
707 4518 756 4579 cui
780 4538 910 4579 necesse
934 4524 982 4578 est
1004 4517 1094 4577 mori.
1133 4513 1182 4577 t8.
1207 4518 1258 4579 Sic
1277 4520 1303 4580 si
1326 4520 1484 4581 diceretur
1500 4520 1670 4581 allarietur

406 4847 429 4894 t.
449 4846 535 4893 dicuat
552 4842 612 4892 cod.
631 4842 750 4905 ltehdig.:
770 4843 849 4891 ducat
868 4845 886 4893 C
908 4869 934 4878 -
953 4845 978 4892 ἲ.
998 4849 1020 4892 et
1037 4845 1074 4892 his
1091 4845 1119 4893 li¹
1140 4870 1167 4880 -
1186 4846 1242 4906 ipra
1259 4842 1312 4893 AV*
1326 4869 1352 4879 -
1373 4844 1396 4892 3.
1410 4845 1508 4894 diorum
1526 4847 1554 4894 ΒΙ
1574 4873 1598 4881 -
1619 4861 1669 4909 qua

337 4921 405 4981 sacto
423 4921 441 4969 Β
458 4947 491 4956 -
509 4919 531 4969 l.
551 4917 645 4967 chaldo
663 4922 683 4967 Α
704 4945 730 4952 -
757 4919 888 4979 toquentur
905 4918 955 4976 Bv,
975 4919 1112 4980 loquuntur
1129 4920 1189 4970 cod.
1210 4919 1344 4968 Gudianus
1364 4945 1390 4955 -
1414 4921 1437 4969 u.
1457 4934 1515 4969 cum
1532 4934 1629 4970 cauma
1647 4924 1668 4970 V

342 5021 369 5029 -
388 4994 411 5042 6.
428 5000 530 5054 possunt
547 4992 577 5042 A*
598 5019 624 5028 ·-
651 4994 674 5040 7.
692 4998 834 5054 perceptum
852 4994 987 5055 llottinger
1006 5019 1031 5029 -
1058 4995 1081 5043 8.
1100 4994 1229 5056 sebrcmO
1250 5021 1275 5029 -
1300 5009 1350 5042 aaa
1367 4997 1407 5043 cui
1425 4995 1574 5057 llottinger,
1595 4998 1667 5058 quod

339 5071 411 5117 recte
435 5067 476 5117 ille
499 5068 607 5131 quidem
626 5070 770 5117 coniecisse
790 5068 852 5116 mihi
871 5068 988 5129 ridetur,
1013 5073 1041 5118 ut
1058 5072 1156 5119 intinita
1174 5072 1207 5120 sit
1224 5070 1390 5119 coniunctio:
1410 5084 1459 5119 aaa
1476 5072 1499 5119 ct
1517 5072 1561 5120 CO
1586 5100 1612 5108 -
1641 5073 1665 5121 9.

336 5143 429 5204 labrem
446 5144 515 5192 ΑΒΟ
536 5172 561 5178 -
588 5144 627 5192 to.
643 5146 682 5193 tt.
697 5143 735 5193 tt.
751 5145 928 5205 lbspherali
949 5172 974 5180 -
1002 5147 1042 5194 to.
1060 5146 1126 5194 orbis
1144 5159 1212 5194 corr.
1232 5146 1257 5193 in
1276 5145 1345 5194 orbes
1362 5146 1407 5193 nv
1427 5171 1454 5181 -
1480 5148 1519 5194 tl.
1538 5148 1557 5194 ii
1575 5146 1613 5206 Αἱ,
1633 5149 1668 5196 tu'i

338 5218 370 5268 h²
388 5245 413 5251 -
436 5218 475 5265 tr.
495 5218 560 5278 meod
577 5231 635 5280 sup.
651 5217 728 5266 lin.1t
748 5244 773 5251 -
795 5233 908 5279 quooeara
926 5221 994 5267 lt¹V¹
1014 5247 1040 5255 -
1066 5222 1106 5270 ts.
1126 5221 1184 5270 tort.
1203 5221 1382 5269 coniunctionis
1402 5247 1427 5255 -
1453 5221 1492 5270 rt.
1512 5223 1584 5270 medii
1602 5223 1668 5272 inter

311 5298 314 5303 '
337 5307 409 5343 san
422 5293 491 5342 arbes
507 5298 579 5342 emant
598 5293 622 5341 in
641 5306 723 5353 rrrarg.
744 5307 823 5342 runnu
842 5296 947 5356 antiqua
966 5293 1052 5358 suppl.
1067 5296 1125 5344 init
1143 5322 1169 5330 -
1191 5297 1230 5343 tt.
1249 5296 1271 5344 si
1288 5295 1373 5344 om.V
1392 5322 1418 5330 -
1439 5297 1478 5344 te.
1499 5310 1550 5358 qua
1567 5296 1604 5356 B',
1624 5299 1668 5358 qui

338 5370 407 5419 coni.
427 5369 514 5417 Rrerni
535 5394 560 5402 -
583 5381 683 5428 possum
700 5368 780 5416 dicere
797 5369 985 5427 quta--ortrs
1002 5375 1075 5418 cruat
1092 5370 1180 5418 om.V
1206 5395 1232 5404 -
1263 5370 1301 5419 it.
1322 5371 1387 5431 quod
1404 5383 1473 5419 corr.
1493 5372 1579 5432 inquo
1596 5376 1617 5422 Α
1637 5397 1663 5409 -

339 5444 377 5492 48.
390 5448 540 5505 contauptes
551 5444 573 5490 V
586 5469 613 5479 -
633 5444 674 5492 ΞΟ.
687 5450 782 5492 mortus
794 5445 822 5493 Β1
836 5470 862 5479 -
882 5446 923 5493 at.
943 5459 1020 5505 quam
1037 5459 1095 5509 sup⁴
1111 5443 1153 5493 lin.
1168 5446 1189 5492 V
1204 5472 1231 5479 -
1250 5445 1360 5505 apellant
1371 5446 1411 5494 Ab
1431 5472 1456 5480 -
1476 5448 1515 5495 ἤ.
1529 5449 1668 5507 inquiritur

338 5517 440 5581 Erlang.
455 5521 474 5568 0
495 5547 521 5555 -
545 5520 585 5569 nt.
605 5520 671 5582 quod
687 5534 736 5568 noa
753 5533 848 5569 aecem
863 5521 940 5581 [aaut
957 5526 979 5570 et
997 5521 1115 5583 quicquid
1130 5521 1186 5583 fieri
1202 5521 1227 5569 in
1248 5534 1330 5582 marg.
1345 5534 1423 5570 manu
1442 5519 1484 5569 alt..
1498 5522 1617 5585 suppllt
1638 5550 1665 5560 --

337 5597 377 5644 25.
398 5596 552 5656 quicquidC
582 5622 605 5631 -
636 5595 675 5643 tt.
695 5597 845 5657 capesseO
873 5623 899 5631 —
927 5597 1016 5656 sutura
1032 5594 1137 5645 ass²vz
1164 5597 1276 5655 futuram
1295 5597 1332 5652 13¹,
1350 5598 1440 5657 [utura
1455 5599 1547 5646 suotO
1571 5624 1597 5632 -
1623 5600 1665 5649 27.

339 5670 381 5728 qui
391 5684 441 5717 uon
452 5669 482 5718 A*
497 5696 522 5704 -
544 5670 584 5718 28,
597 5674 703 5731 apparet
721 5672 788 5718 coni.
803 5672 937 5721 Davisius:
957 5676 1093 5733 appareret
1105 5671 1134 5730 C,
1153 5677 1278 5732 appareat
1291 5671 1404 5734 Erlang,
1423 5678 1545 5733 appareat
1562 5673 1664 5730 Brenri;

338 5744 434 5793 modus
452 5743 607 5794 indicativus
625 5750 744 5807 apparet,
769 5760 800 5793 ex
819 5760 871 5809 quo
889 5747 963 5796 tacite
982 5747 1059 5796 codd.
1080 5745 1157 5794 lectio
1174 5747 1235 5795 nrirt
1255 5748 1350 5809 potuit,
1376 5746 1471 5796 eodem
1495 5746 1587 5807 modo,
1612 5761 1665 5810 quo

339 5817 417 5881 paulo
435 5824 511 5868 antea
528 5821 599 5881 sacta
616 5828 686 5879 suat,
706 5822 806 5883 positus
824 5823 929 5871 ridetur
949 5850 974 5856 -
995 5823 1034 5870 ts.
1048 5828 1188 5884 urpueatur
1205 5822 1262 5871 ΑΝ
1282 5848 1308 5857 -
1328 5836 1417 5871 uerum
1433 5824 1464 5871 sit
1482 5823 1515 5872 C:
1537 5837 1625 5872 ueram
1643 5831 1665 5874 et

339 5893 483 5943 inmutabile
499 5897 531 5943 sit
553 5897 646 5946 Cicero
664 5899 708 5944 ant
725 5898 830 5959 scripsit
846 5900 892 5945 aut
908 5896 1027 5946 scribere
1045 5895 1138 5946 debuit
1167 5924 1192 5933 -
1224 5898 1302 5947 adhoc
1320 5896 1385 5947 B¹V¹
1413 5922 1439 5933 —
1471 5896 1510 5945 30.
1528 5899 1665 5959 suturuosst

340 5967 415 6019 llalm
434 5994 460 6006 -
487 5970 528 6021 33.
546 5973 639 6022 dicitur
656 5972 675 6022 C
695 5970 751 6036 (sed
768 5972 791 6021 ci
807 5985 866 6039 sup.
880 5971 924 6023 lin.
938 5974 963 6022 in
975 5975 1018 6037 Al:
1038 5972 1139 6022 duntur
1157 5973 1308 6036 Ursinuso,
1328 5974 1423 6024 dicetur
1439 5972 1598 6039 Stephanus.
