4342 7459
773 1284 842 1347 nm.
864 1282 905 1347 11.
934 1280 1009 1348 n».
1030 1281 1170 1347 n-m.
1198 1278 1245 1367 ss
1266 1278 1372 1349 a-r.
1716 1276 1737 1344 s

409 1460 508 1521 aetate
535 1452 656 1529 solum,
683 1451 741 1517 sed
769 1459 802 1516 et
828 1473 886 1536 pro
915 1459 1084 1538 quaestore
1114 1452 1239 1538 aliquot
1260 1472 1360 1518 annos
1382 1458 1414 1517 et
1434 1451 1469 1516 in
1489 1451 1560 1537 ipso
1581 1447 1682 1527 hello,
1705 1450 1740 1514 in

410 1571 470 1636 qno
492 1551 537 1613 ita
558 1567 673 1631 magna
692 1548 740 1613 rei
762 1546 908 1611 militaris
930 1568 1001 1612 esse
1024 1548 1192 1630 occupatio
1214 1547 1311 1623 solet,
1339 1557 1375 1611 ut
1399 1567 1465 1612 non
1486 1547 1621 1611 multum
1641 1545 1741 1627 impe·

410 1642 503 1706 ratori
525 1640 586 1706 snb
608 1642 686 1726 ipsis
708 1640 846 1725 pellibus
869 1642 927 1705 otii
950 1643 1157 1727 relinquatur.
1203 1641 1281 1704 Cum
1303 1649 1409 1707 autem
1432 1662 1450 1705 e
1471 1640 1670 1726 philosophis
1691 1641 1741 1704 in·

410 1738 499 1820 genio
520 1736 719 1821 scientiaque
741 1742 908 1819 putaretur
928 1736 1122 1810 Antiochus,
1145 1733 1289 1798 Philonis
1312 1735 1455 1811 auditor,
1477 1734 1645 1810 excellere,
1667 1731 1740 1798 eum

411 1852 512 1896 secum
535 1836 567 1893 et
588 1837 739 1915 quaestor
759 1829 870 1894 habuit
891 1838 923 1894 et
949 1837 1021 1913 post
1042 1830 1165 1913 aliquot
1187 1848 1289 1892 annos
1311 1830 1491 1913 imperator,
1515 1830 1635 1916 quique
1658 1836 1763 1893 essetr

412 1945 446 1989 ea
474 1924 645 2000 memoria,
675 1944 740 2009 qua
767 1933 840 1988 ante
871 1924 956 2000 dixi,
984 1944 1023 1989 ea
1049 1943 1145 2006 saepe
1166 1922 1328 1986 audiendo
1349 1922 1443 1989 facile
1465 1916 1630 2008 cognovit,
1659 1940 1741 2006 quae

411 2019 458 2083 vel
473 2020 573 2085 semel
588 2019 699 2084 audita
713 2019 896 2083 meminisse
912 2019 1077 2102 potuisset.
1104 2016 1326 2080 Delectabatur
1340 2024 1444 2081 autem
1459 2014 1590 2082 mirilico
1603 2016 1741 2081 lectione

410 2114 575 2189 librorum,
597 2114 638 2178 de
661 2113 778 2198 qnibns
800 2112 958 2176 audiebat.
1001 2110 1031 2174 5.
1054 2113 1101 2175 Ac
1123 2129 1234 2175 vereor
1258 2110 1417 2174 interdum
1438 2131 1479 2174 ne
1500 2111 1611 2175 talium
1632 2130 1742 2195 perso-

411 2229 534 2284 narum,
558 2228 632 2271 cum
653 2204 846 2289 amplificare
868 2207 982 2281 velim,
1003 2206 1144 2268 minuam
1164 2205 1257 2267 etiam
1273 2204 1416 2288 gloriam.
1447 2205 1529 2269 Sunt
1544 2207 1627 2271 enim
1640 2204 1741 2280 multi,

410 2303 461 2386 qui
485 2302 618 2365 omnino
641 2301 777 2365 Graecas
798 2321 863 2365 non
885 2308 992 2364 ament
1012 2299 1151 2372 litteras,
1173 2299 1299 2381 plures,
1322 2300 1378 2383 qui
1400 2300 1647 2384 philosophiam,
1669 2298 1779 2363 reli-ro

410 2396 481 2479 qui,
504 2396 561 2480 qui
584 2396 679 2459 etiam
703 2395 730 2457 si
745 2393 824 2458 haec
841 2415 904 2456 non
920 2395 1107 2479 inprobent,
1130 2401 1236 2456 umen
1251 2413 1359 2457 earnm
1374 2414 1478 2459 rernm
1494 2395 1742 2478 disputationem

408 2487 605 2571 principibus
628 2487 766 2552 civitatis
787 2508 852 2551 non
876 2489 920 2551 ita
942 2488 1092 2552 decoram
1114 2494 1238 2570 putent.
1281 2488 1349 2570 Ego
1372 2495 1489 2565 antem,
1513 2509 1584 2552 cum
1607 2488 1743 2551 Graecas

408 2581 528 2645 litteras
551 2581 594 2643 hl.
619 2582 769 2645 Catonem
792 2582 824 2644 in
847 2590 1009 2646 senectute
1033 2582 1183 2645 didicisse
1205 2581 1397 2665 acceperim,
1419 2581 1453 2644 P.
1475 2590 1582 2646 autem
1603 2580 1743 2646 Africani

407 2675 559 2739 historiae
585 2674 759 2759 loquantur
786 2675 819 2737 in
847 2674 1007 2758 legatione
1029 2676 1085 2739 illa
1107 2675 1226 2751 nobili,
1253 2694 1349 2759 quam
1371 2682 1444 2740 ante
1466 2696 1634 2741 censuram
1656 2676 1744 2753 obiit,

407 2770 591 2834 Panaetium
613 2789 713 2832 unum
735 2770 866 2833 omnino
890 2769 1037 2835 comitem
1058 2768 1176 2843 fuisse,
1199 2789 1259 2832 nec
1280 2769 1456 2834 litterarum
1475 2770 1665 2835 Graecarum
1683 2782 1781 2832 necte

408 2861 632 2947 philosophiae
653 2863 717 2926 iam
738 2861 840 2926 ullum
862 2869 1023 2927 auctorem
1045 2864 1184 2948 requiro.
1219 2861 1249 2925 6.
1271 2864 1382 2928 Restat
1403 2872 1439 2929 ut
1460 2864 1499 2928 iis
1521 2863 1743 2949 respondeam,

409 2958 464 3040 qni
494 2955 698 3020 sermonibus
726 2957 795 3020 eius
826 2954 910 3021 modi
938 2957 1042 3021 nolint
1067 2976 1222 3041 personas
1244 2964 1308 3021 tam
1330 2977 1442 3041 graves
1464 2958 1601 3043 inligari.
1645 2957 1744 3035 Quasi

408 3073 484 3116 uero
507 3052 666 3116 clarorum
687 3051 831 3116 virorum
852 3061 908 3115 aut
929 3052 1040 3116 tacitos
1063 3071 1251 3133 congressus
1273 3070 1343 3114 esse
1359 3059 1505 3135 oporteat
1526 3058 1582 3116 ant
1602 3051 1744 3116 ludicros

409 3165 571 3210 sermones
601 3152 657 3209 aut
686 3165 792 3209 rerum
821 3146 994 3230 conloquia
1015 3144 1187 3208 leviorum!
1225 3145 1367 3222 Etenim,
1394 3146 1421 3209 si
1444 3145 1582 3231 quodam
1604 3145 1639 3208 in
1660 3143 1742 3207 libro

409 3261 482 3305 vere
504 3249 554 3305 est
576 3259 596 3304 a
616 3239 709 3303 nobis
730 3238 934 3323 philosophia
954 3238 1100 3313 laudata,
1129 3238 1272 3321 prolecto
1295 3238 1365 3301 eius
1386 3240 1528 3304 tractatio
1552 3238 1674 3322 optimo
1696 3245 1781 3302 at·au

409 3356 472 3423 qne
499 3334 694 3419 amplissimo
724 3354 853 3418 quoque
882 3333 1067 3417 dignissima
1093 3342 1158 3407 est,
1190 3332 1440 3418 necquicquam
1461 3332 1549 3398 aliud
1570 3332 1743 3399 videndum

409 3437 456 3494 est
478 3429 586 3504 nobis,
608 3448 691 3514 quos
713 3427 852 3511 populns
873 3428 1035 3492 Romanus
1056 3428 1118 3491 hoc
1139 3428 1173 3491 in
1195 3426 1294 3510 gradu
1313 3425 1509 3502 conlocavit,
1530 3426 1593 3491 nisi
1610 3425 1743 3510 nequid

408 3524 538 3609 privatis
559 3522 675 3586 studiis
697 3521 736 3584 de
759 3510 856 3603 opera
878 3520 1003 3604 publica
1025 3518 1237 3584 detrahamus.
1282 3519 1376 3596 Quod
1399 3520 1446 3595 si,
1469 3540 1540 3586 cum
1561 3520 1651 3605 fungi
1673 3542 1743 3585 mu·

410 3638 485 3682 nere
507 3615 717 3689 debebamus,
738 3634 803 3678 non
826 3613 921 3678 modo
943 3634 1070 3699 operam
1092 3620 1233 3678 nostram
1254 3634 1427 3700 numquam
1448 3616 1635 3700 apopulari
1649 3624 1742 3682 coetu

409 3714 617 3786 removimus,
644 3709 700 3773 sed
730 3730 771 3773 ne
792 3709 929 3772 litteram
951 3706 1083 3792 quidem
1103 3708 1202 3772 ullam
1223 3707 1357 3772 fecimus
1378 3709 1441 3773 nisi
1462 3708 1640 3786 forensem,
1668 3701 1779 3795 quisae

409 3807 580 3891 reprendet
602 3804 701 3868 otium
722 3811 883 3879 nostrum,
916 3805 972 3888 qni
998 3804 1032 3865 in
1053 3824 1092 3868 eo
1114 3823 1179 3866 non
1201 3803 1295 3867 modo
1316 3804 1549 3889 nosmetipsos
1570 3805 1742 3870 hebescere

409 3908 442 3963 et
462 3899 613 3983 languere
635 3897 798 3974 nolumus,
821 3897 877 3961 sed
901 3897 997 3959 etiam
1020 3903 1055 3959 nt
1076 3896 1219 3980 plurimis
1234 3896 1389 3981 prosimus
1405 3897 1579 3962 enitimur?
1602 3898 1742 3964 Gloriam

409 4013 485 4058 vcro
505 4014 572 4057 non
594 3993 689 4057 modo
710 4012 776 4056 non
797 3991 912 4066 minui,
936 3991 992 4054 sed
1015 3991 1111 4054 etiam
1132 3990 1241 4074 augeri
1256 3990 1443 4055 arbitramur
1457 4010 1582 4071 eorum,
1604 4012 1741 4078 quornm

409 4087 450 4151 ad
480 4086 643 4171 popularis
673 4085 882 4168 inlustrisque
912 4082 1022 4147 laudes
1043 4083 1101 4147 has
1124 4085 1218 4171 etiam
1240 4085 1345 4147 minus
1366 4092 1458 4149 noim
1480 4086 1649 4170 minusque
1671 4105 1743 4170 per·

410 4181 552 4265 volgatas
582 4180 795 4262 adiungimus.
839 4176 870 4240 7.
892 4179 974 4242 Sunt
1001 4180 1095 4243 etiam
1125 4179 1180 4263 qui
1204 4188 1320 4261 negent
1341 4180 1375 4241 in
1396 4178 1463 4255 his,
1490 4181 1602 4266 quiin
1624 4179 1779 4244 nostrised

410 4276 498 4341 libris
520 4278 703 4359 disputent,
728 4274 828 4337 tuisse
851 4293 959 4336 earum
981 4293 1106 4347 rerum,
1136 4272 1176 4335 de
1200 4273 1315 4358 quibus
1338 4273 1529 4357 disputatur,
1557 4274 1741 4339 scientiam:

411 4370 466 4453 qni
490 4370 566 4434 mihi
590 4369 736 4432 videntur
759 4388 822 4431 non
846 4368 947 4430 solum
970 4367 1065 4441 vivis,
1088 4364 1143 4429 sed
1167 4368 1260 4430 etiam
1282 4369 1415 4431 mortuis
1437 4369 1589 4433 inridere.

472 4463 527 4526 111.
555 4465 660 4528 Restat
681 4482 781 4527 unum
803 4482 903 4545 genus
926 4461 1207 4545 reprehensorum,
1233 4463 1349 4546 quibus
1362 4463 1553 4528 Academiae
1575 4464 1655 4529 ratio
1677 4483 1743 4528 non

477 4720 502 4770 4.
520 4724 544 4769 el
563 4730 618 4769 om.
637 4717 657 4767 D
680 4741 707 4752 -
736 4721 758 4765 et
779 4720 911 4778 quaestore
932 4717 967 4774 G;
994 4719 1017 4763 et
1034 4719 1151 4775 quaestor
1173 4713 1259 4764 Faber
1276 4741 1303 4751 -
1330 4716 1433 4779 aliquod
1451 4714 1525 4778 AD¹,
1552 4718 1649 4781 aliquid
1663 4716 1696 4767 V¹
1714 4741 1743 4755 -

411 4797 437 4845 6.
455 4795 557 4856 aliquod
574 4791 634 4844 AB¹
654 4819 681 4829 -
702 4792 793 4854 quique
810 4790 853 4842 13¹:
874 4792 978 4853 quicque
995 4789 1036 4849 V¹,
1055 4789 1246 4851 cumqueVlA,
1264 4790 1313 4841 sed
1329 4794 1350 4841 A
1367 4805 1424 4841 cum
1441 4794 1506 4842 ml
1524 4794 1550 4843 in
1566 4808 1635 4854 ras.;
1655 4806 1747 4857 quous·

411 4884 460 4935 que
476 4869 535 4921 13¹0
554 4896 581 4905 -
602 4871 626 4919 6.
645 4882 722 4930 quum
740 4867 803 4922 C0;
828 4880 879 4927 quo
896 4864 1048 4915 emendavit
1065 4864 1190 4927 Bentley;
1215 4868 1237 4916 is
1255 4869 1326 4918 eninr
1348 4867 1429 4919 luisse
1446 4868 1559 4918 truditur
1575 4867 1616 4919 ille
1634 4870 1746 4931 amicus,

412 4945 489 4996 cuins
506 4943 605 5009 aliquot
623 4942 775 5008 praeclaras
793 4943 995 4992 emendationes
1012 4942 1133 4990 Davisius
1150 4942 1176 4990 in
1188 4940 1324 4991 addendis
1336 4941 1379 4992 ed.
1393 4944 1403 4992 l
1420 4957 1446 5008 p.
1461 4943 1509 4993 336
1521 4956 1580 5007 sqq.
1594 4943 1746 5008 publicavit.

412 5020 452 5070 Ci.
471 5019 655 5070 destructura
674 5018 759 5070 Dentl.
778 5019 811 5067 ad
831 5020 892 5067 llor.
912 5021 997 5067 serm.
1016 5019 1041 5076 Ι,
1061 5016 1086 5075 6,
1106 5016 1136 5065 46
1155 5019 1182 5065 et
1198 5015 1232 5066 ad
1245 5017 1299 5067 Cic.
1313 5018 1390 5067 Tusc.
1404 5019 1435 5078 V,
1449 5031 1473 5068 c.
1487 5017 1528 5069 ll.
1542 5045 1568 5054 -
1589 5020 1613 5068 8.
1632 5021 1749 5069 oemunt

412 5094 533 5152 Ernesti,
552 5099 580 5144 at
597 5098 639 5145 est
656 5093 807 5155 «dequibus
824 5093 955 5142 audiebat»
975 5092 1046 5141 idern
1065 5089 1137 5153 qnod
1156 5090 1204 5140 nde
1223 5093 1254 5142 iis
1271 5091 1361 5152 rebus,
1382 5093 1415 5142 de
1433 5093 1530 5156 quibus
1547 5092 1702 5152 audiebatur
1720 5096 1750 5143 ut

411 5171 515 5219 monuit
533 5169 677 5232 Madvigius
696 5171 721 5218 in
739 5168 958 5218 Emendatiouibus
974 5167 1002 5215 iu
1020 5166 1069 5215 Cic.
1090 5165 1165 5215 libros
1179 5166 1359 5227 philosophicos
1375 5166 1399 5225 1,
1418 5179 1444 5229 p.
1464 5168 1519 5217 lii.
1534 5192 1561 5202 -
1582 5167 1606 5217 9.
1624 5169 1665 5218 uel
1681 5166 1747 5217 V¹-

411 5246 453 5293 40.
468 5245 560 5307 pleros
577 5245 609 5292 V¹
629 5272 655 5281 --
675 5245 767 5307 reliqui
784 5245 827 5305 qui
844 5245 863 5293 D
874 5244 894 5289 V
905 5239 948 5293 A²:
967 5242 1058 5304 reliqui
1076 5246 1096 5291 A
1107 5241 1140 5300 0;
1160 5242 1240 5304 ntiqui
1257 5243 1301 5304 qui
1318 5240 1428 5303 Bentley
1447 5269 1474 5279 -
1494 5243 1534 5292 ta.
1553 5245 1665 5294 decorem
1681 5240 1748 5294 1³¹-

407 5325 497 5382 putent
515 5320 550 5370 C:
573 5325 665 5382 putum
686 5320 702 5369 2
724 5318 803 5369 codd.
822 5319 920 5368 Davisii
938 5321 965 5367 et
982 5318 1002 5367 0
1023 5343 1049 5352 -
1074 5316 1114 5367 ll.
1133 5317 1228 5380 leqiom
1243 5316 1305 5365 A¹V
1325 5339 1352 5352 -
1381 5316 1441 5366 obiit
1457 5318 1484 5367 in
1500 5320 1521 5368 A
1539 5331 1575 5368 m.
1593 5320 1609 5369 2
1626 5332 1685 5383 sup.
1704 5317 1749 5369 lin.

410 5394 475 5446 add.
494 5421 527 5432 -
545 5396 585 5445 lb.
606 5396 741 5457 quomitem
759 5392 788 5443 Βι
808 5421 834 5429 -
855 5408 886 5443 ue
899 5393 960 5455 phil.
980 5388 1052 5442 A¹v¹
1071 5418 1099 5427 -
1124 5393 1164 5441 46,
1183 5392 1308 5453 [autorem
1324 5390 1435 5454 Bentley
1453 5419 1481 5430 ·-
1499 5393 1547 5443 biis
1563 5394 1584 5443 V
1602 5419 1629 5431 -
1651 5393 1691 5445 48.
1710 5398 1753 5442 to·

408 5470 475 5519 citor
490 5468 523 5518 V¹
543 5495 570 5507 -
595 5482 738 5533 conpressos
754 5473 773 5518 A
795 5492 822 5505 -
847 5470 889 5518 tt.
912 5469 982 5517 uliud
1002 5467 1047 5515 V²:
1075 5466 1146 5515 uliud
1169 5471 1197 5515 ut
1213 5465 1312 5527 ABV¹,
1341 5470 1369 5515 nt
1385 5468 1411 5517 in
1429 5468 1575 5532 archetypo
1592 5468 1655 5519 aliut
1671 5467 1752 5517 luisse

409 5543 583 5594 videatur-
609 5545 742 5594 &remum
759 5543 792 5591 V²
810 5568 838 5579 -
861 5544 903 5592 22.
922 5545 1048 5592 armanus
1071 5554 1125 5590 om.
1144 5539 1174 5590 1³¹
1193 5566 1220 5575 -
1239 5540 1280 5590 23.
1300 5542 1401 5592 deum
1420 5542 1450 5592 Βι
1469 5568 1496 5580 -
1518 5556 1575 5593 eum
1591 5543 1626 5605 D,
1644 5541 1694 5592 sed
1709 5554 1754 5590 uos

410 5622 439 5670 in
457 5633 511 5671 ras.
536 5647 564 5658 —
581 5619 624 5672 2l.
643 5619 774 5670 decem
791 5618 811 5667 V
829 5620 854 5668 in
874 5632 957 5681 marg.
977 5631 1013 5668 m.
1029 5618 1045 5666 ἱ
1063 5619 1090 5667 et
1107 5616 1127 5665 0
1146 5642 1173 5652 -
1192 5629 1331 5678 numquam
1348 5620 1407 5667 Gv:
1427 5617 1622 5678 umquamne,
1640 5628 1755 5679 uuquoru

411 5693 465 5747 VB
484 5722 513 5731 -
532 5701 606 5746 sudu
621 5695 651 5746 D¹
671 5719 699 5730 -
719 5695 760 5745 25.
778 5695 931 5743 remouimus
947 5695 967 5742 A
986 5694 1022 5755 (re
1039 5693 1064 5742 in
1082 5693 1159 5753 rasi:
1178 5705 1333 5742 reroouemru
1348 5692 1430 5742 BVD
1443 5719 1471 5730 —
1489 5694 1610 5755 fuerimus
1624 5692 1670 5751 A²;
1688 5690 1755 5754 {ucl-

411 5785 471 5824 m
486 5774 518 5823 A¹
529 5771 624 5831 DVO;
649 5769 865 5823 emendationem
883 5768 1001 5819 Durandi
1019 5769 1170 5818 remoutrmu
1181 5767 1333 5831 --lecimus
1350 5765 1548 5818 commendavit
1564 5766 1668 5829 Madvig
1685 5765 1720 5816 ad
1736 5763 1755 5816 Ι.

410 5848 448 5898 de
467 5844 534 5898 dnn.
554 5861 580 5911 p.
599 5847 641 5899 26.
662 5874 690 5884 -
710 5845 750 5896 26.
769 5846 928 5908 reprehendet
946 5849 1059 5893 hostiurm
1075 5845 1154 5894 otium
1171 5843 1190 5892 0
1207 5868 1234 5878 -
1253 5842 1295 5891 at.
1313 5842 1389 5891 elium
1406 5854 1459 5892 om.
1474 5842 1523 5892 GO
1543 5868 1570 5877 -
1589 5842 1693 5892 collusor
1709 5840 1755 5901 V¹;

411 5923 676 5973 murinus
694 5934 747 5972 om.
765 5918 796 5971 Βι
816 5947 844 5958 ·-
872 5920 913 5970 28.
931 5920 1047 5969 minuisse
1068 5918 1101 5968 V¹
1127 5944 1155 5955 -
1182 5916 1440 5980 temperarem
1460 5941 1488 5952 -
1515 5916 1556 5967 30.
1574 5918 1601 5968 lo
1618 5918 1650 5969 iis
1665 5916 1707 5966 r0
1727 5939 1755 5950 -

411 5998 654 6063 edmarum·-
674 5995 884 6049 strenuom.
904 5995 925 6044 G
944 5992 1273 6046 -uiuiereleliorobt-
1291 5991 1332 6044 33.
1351 5990 1558 6044 ocbodemtneV.
