4342 7459
451 1214 515 1282 322
782 1215 1105 1281 Tusculanarum
1126 1213 1455 1284 nlseuvarlorttlll

451 1383 541 1447 Dixit
561 1379 645 1443 enim
667 1378 707 1441 de
728 1374 931 1441 adulescente
953 1376 1074 1458 perdito
1097 1396 1134 1439 ac
1156 1376 1327 1441 dissoluto:
1349 1396 1409 1441 nos
1429 1384 1535 1442 autem
1557 1378 1599 1443 de
1618 1382 1778 1446 mactanti

453 1478 520 1543 viro
542 1495 578 1539 ao
600 1472 736 1557 sapienti
760 1471 950 1556 quaerimus.
982 1472 1023 1533 Et
1044 1469 1172 1554 quidem
1195 1470 1295 1553 ipsam
1311 1471 1396 1535 illam
1411 1472 1490 1535 iram
1504 1474 1647 1539 centurio
1661 1472 1781 1539 habeat

452 1580 507 1636 aut
535 1567 666 1653 signifer
694 1566 744 1629 vel
773 1565 884 1640 ceteri,
917 1564 957 1627 de
985 1564 1100 1648 quibus
1129 1564 1190 1627 dici
1220 1583 1285 1627 non
1306 1584 1437 1629 necesse
1460 1574 1524 1643 est,
1553 1587 1594 1631 ne
1615 1567 1778 1633 rhetomm

452 1663 630 1748 aperiamus
652 1660 810 1744 mysteria.
844 1658 926 1721 Utile
948 1667 996 1721 est
1018 1659 1101 1721 enim
1124 1658 1171 1720 uti
1195 1667 1281 1721 motu
1303 1659 1417 1733 animi,
1440 1660 1494 1743 qui
1509 1661 1556 1724 uti
1570 1662 1695 1726 ratione
1711 1681 1779 1725 non

428 1765 573 1842 epotest:
594 1775 654 1819 nos
675 1759 798 1827 autem,
821 1759 856 1815 ut
877 1749 1029 1816 testificor
1049 1771 1159 1835 saepe,
1182 1750 1221 1814 de
1244 1752 1386 1834 sapiente
1409 1752 1600 1837 quaerimus.

534 1848 650 1913 XXVI.
672 1844 724 1909 56.
751 1847 793 1908 At
819 1846 913 1909 etiam
943 1846 1094 1910 aemulari
1116 1845 1193 1909 utile
1216 1854 1279 1920 est,
1308 1845 1498 1922 obtrectare,
1527 1850 1681 1913 misereri.
1716 1850 1781 1914 Cur

451 1948 619 2010 misereare
642 1944 746 2028 potius
769 1960 864 2025 quam
884 1940 967 2005 ieras
989 1958 1098 2023 opem,
1121 1940 1148 2002 si
1172 1938 1203 2001 id
1226 1937 1330 2002 iacere
1352 1941 1478 2022 possisl
1500 1959 1540 2004 an
1563 1943 1634 2007 sine
1655 1945 1780 2009 miseri·

450 2039 558 2105 cordia
578 2037 725 2101 liberales
748 2056 818 2099 esse
840 2054 904 2098 non
929 2036 1120 2117 possumusl
1144 2035 1215 2096 Nou
1236 2032 1321 2095 enim
1343 2034 1505 2117 suscipere
1527 2034 1589 2119 ipsi
1605 2038 1779 2121 aegritudi-

449 2155 507 2198 nes
529 2141 660 2217 propter
681 2131 761 2193 alios
784 2128 952 2202 debemus,
983 2128 1038 2191 sed
1061 2127 1158 2202 alios,
1181 2126 1208 2189 si
1230 2146 1415 2210 possumus,
1442 2129 1546 2193 levare
1568 2131 1779 2213 aegritudine.

412 2238 440 2284 ⁴⁰
450 2227 634 2292 Obtrectare
656 2243 731 2287 vero
754 2222 845 2287 alteri
867 2228 921 2285 aut
943 2222 997 2285 illa
1012 2222 1126 2285 vitiosa
1149 2219 1375 2295 aemulatione,
1399 2240 1480 2305 quae
1498 2224 1648 2289 rivalitati
1664 2226 1779 2292 similis

450 2329 514 2397 est,
535 2318 688 2386 aemulari
709 2315 786 2401 quid
808 2316 904 2379 habet
924 2315 1082 2388 utilitatis,
1105 2332 1176 2378 cnm
1199 2313 1241 2376 sit
1261 2314 1450 2378 aemulantis
1473 2318 1545 2399 angi
1560 2318 1666 2383 alieno
1681 2319 1778 2397 bono,

449 2415 535 2500 quod
564 2415 633 2497 ipse
660 2430 726 2475 non
756 2409 883 2483 habeat,
912 2408 1115 2471 obtrectantis
1144 2415 1249 2471 aulem
1271 2408 1344 2490 angi
1367 2407 1471 2472 alieno
1493 2408 1596 2487 bono,
1627 2415 1717 2497 quod
1743 2414 1777 2477 id

449 2511 542 2573 etiam
574 2506 655 2572 alius
683 2503 822 2567 habeat?
850 2501 929 2579 Quis
957 2501 988 2565 id
1016 2501 1190 2585 adprobare
1218 2502 1334 2583 possit,
1364 2502 1592 2585 aegritudinem
1615 2510 1777 2591 suscipere

449 2623 506 2687 pro
529 2599 742 2684 experientia,
770 2598 796 2660 si
819 2595 895 2679 quid
917 2596 1034 2659 habere
1056 2595 1159 2658 velist
1189 2613 1260 2658 nam
1285 2594 1387 2677 solum
1410 2597 1528 2660 habere
1548 2598 1631 2662 velle
1653 2616 1777 2664 summa

411 2706 440 2751 44
448 2694 609 2759 dementia
630 2701 687 2755 est.
720 2688 771 2752 57.
787 2689 1020 2754 Mediocritates
1035 2698 1139 2753 autern
1156 2688 1310 2751 malorum
1325 2689 1396 2772 quis
1410 2689 1541 2755 laudare
1556 2699 1641 2757 recte
1656 2694 1776 2779 possiti

449 2790 529 2867 Quis
552 2786 637 2852 enim
660 2791 781 2869 potest,
802 2784 834 2845 in
857 2802 922 2867 quo
943 2783 1042 2845 libido
1065 2782 1261 2864 cupiditasve
1284 2781 1340 2855 sit,
1370 2802 1434 2846 non
1458 2783 1646 2850 libidinosus
1668 2796 1700 2851 et
1721 2808 1776 2852 cu·

447 2882 540 2968 pidu's
563 2899 648 2954 esee,
677 2877 709 2942 in
733 2899 797 2962 quo
819 2876 883 2951 ira,
912 2896 976 2940 non
999 2874 1186 2949 iracundus,
1217 2875 1248 2937 in
1272 2895 1336 2958 quo
1358 2895 1471 2960 angor,
1502 2896 1567 2940 non
1588 2880 1719 2956 anxius,
1740 2882 1776 2945 in

447 2997 511 3063 quo
533 2976 640 3047 timor,
662 2992 727 3036 non
750 2971 901 3035 timidus?
923 2969 1140 3033 libidinosum
1162 2969 1260 3052 igitur
1282 2976 1314 3031 et
1335 2970 1521 3035 iracundum
1543 2978 1575 3034 et
1596 2974 1724 3037 anxium
1742 2982 1777 3039 et

447 3068 589 3134 timidum
617 3084 782 3131 censemus
810 3083 880 3127 esse
909 3064 1104 3148 sapientem?
1132 3062 1171 3124 de
1193 3062 1285 3125 cuius
1306 3062 1495 3127 excellentia
1524 3065 1621 3130 multa
1643 3068 1776 3151 quidem

407 3163 509 3228 radici
533 3161 676 3247 quamvis
696 3158 767 3223 fuse
788 3158 917 3240 lateque
938 3164 1084 3239 possunt,
1108 3154 1164 3218 sed
1184 3155 1371 3219 brevissime
1385 3156 1442 3220 illo
1456 3158 1565 3233 modo,
1587 3160 1775 3243 sapientiam

446 3277 517 3322 esso
545 3275 651 3320 rorum
681 3250 858 3317 divinarum
888 3260 920 3315 et
946 3249 1154 3315 humanarum
1180 3248 1344 3313 scientiam
1371 3251 1661 3336 cognitionemque,
1690 3275 1774 3339 qnae

445 3350 601 3434 cuiusque
623 3348 668 3410 rei
690 3366 785 3410 causa
806 3347 862 3420 sit;
886 3366 927 3408 ex
949 3365 1014 3430 quo
1037 3342 1176 3407 eflicitur
1197 3349 1233 3407 ut
1254 3342 1360 3406 divina
1382 3344 1531 3421 imitetur,
1553 3346 1692 3412 hnmana
1706 3363 1775 3413 om·

445 3445 497 3507 nia
519 3440 669 3506 inferiora
691 3440 806 3502 virtute
828 3439 933 3501 ducat.
965 3438 1002 3499 ln
1023 3435 1106 3501 hanc
1127 3444 1160 3499 tu
1182 3436 1294 3520 igitur,
1323 3443 1482 3521 tamquam
1505 3441 1539 3502 in
1560 3459 1661 3517 mare,
1684 3442 1773 3526 quod

444 3543 493 3601 est
513 3532 617 3598 ventis
640 3531 830 3606 subiectum,
852 3531 1121 3615 perturbationem
1145 3529 1258 3593 cadere
1279 3528 1336 3591 tibi
1352 3528 1459 3594 dixisti
1474 3531 1599 3595 viderit
1622 3532 1708 3609 Quid
1723 3544 1773 3600 est

406 3628 529 3715 eoquod
552 3635 669 3692 mutam
690 3625 872 3709 gravitatem
888 3627 1160 3709 constantiamque
1176 3624 1361 3708 perturbat
1384 3643 1424 3689 an
1439 3626 1635 3711 inprovisum
1649 3630 1770 3715 aliquid

444 3730 499 3789 aut
525 3720 749 3807 repentinuml
783 3716 869 3795 Quid
899 3725 1003 3803 potest
1029 3720 1173 3784 accidere
1201 3719 1263 3782 tale
1289 3719 1335 3790 ei,
1366 3720 1417 3782 cui
1440 3719 1518 3784 nihil
1540 3724 1629 3806 quod
1649 3723 1771 3789 homini

444 3816 571 3882 evenire
602 3812 703 3899 possit
729 3829 790 3874 aoa
809 3811 1059 3893 praemeditatam
1084 3815 1149 3876 riti
1182 3814 1260 3875 Nam
1291 3814 1376 3896 quod
1405 3814 1494 3878 aiunt
1514 3816 1612 3881 nimia
1634 3820 1771 3883 resecari

443 3918 606 3996 oportere,
627 3904 781 3972 naturalia
802 3904 953 3992 relinqui,
976 3904 1054 3991 quid
1077 3906 1203 3970 tandem
1219 3913 1324 3989 potest
1338 3926 1409 3970 esse
1422 3909 1568 3972 naturale
1582 3911 1669 3995 quod
1683 3911 1770 3976 idem

442 4004 573 4069 nimium
602 4017 672 4066 esse
701 3999 823 4085 possiti
856 3999 937 4063 Sunt
965 4000 1049 4063 enim
1076 3998 1182 4064 omnia
1206 4002 1267 4063 ista
1288 4019 1329 4063 ex
1351 4019 1490 4065 errorum
1512 4012 1582 4066 orta
1602 4003 1771 4082 radicibus,

403 4106 525 4183 requae
557 4094 724 4160 evellenda
749 4101 782 4158 et
813 4094 1007 4158 extrahenda
1035 4094 1178 4178 penitus,
1211 4109 1276 4157 non
1305 4095 1557 4159 circumcidenda
1581 4112 1640 4159 nee
1661 4117 1772 4183 ampu-

442 4192 537 4257 tanda
560 4198 643 4258 sunt.

527 4285 655 4348 xxvll.
679 4281 729 4346 58.
753 4285 816 4347 Sed
839 4286 988 4369 quoniam
1011 4283 1155 4365 suspicor
1177 4291 1207 4348 te
1229 4303 1293 4347 non
1316 4291 1379 4345 tam
1402 4283 1442 4347 de
1459 4283 1604 4366 sapiente
1619 4302 1714 4367 quam
1729 4284 1771 4349 de

442 4388 472 4445 te
500 4383 568 4463 ipso
598 4397 752 4462 quaerere
773 4413 814 4424 -
835 4378 924 4442 illum
946 4378 1029 4441 enim
1051 4385 1144 4461 putas
1166 4378 1250 4441 omni
1277 4377 1512 4460 perturbatione
1535 4397 1605 4441 esse
1626 4377 1773 4454 liberum,-

441 4482 472 4538 te
502 4476 549 4538 vis
572 4506 629 4548 -,
658 4472 819 4535 videamus
847 4479 966 4556 quanta
995 4472 1075 4546 sint,
1106 4491 1188 4554 quae
1217 4492 1236 4535 a
1264 4471 1466 4556 philosophia
1490 4472 1629 4534 remedia
1651 4472 1772 4536 morbis

402 4568 617 4633 eeanimorum
639 4565 857 4630 adhibeantur.
891 4568 949 4629 Est
971 4567 1054 4629 eninr
1078 4564 1235 4647 quaedam
1258 4564 1414 4628 medicina
1434 4573 1534 4639 certe,
1556 4584 1615 4628 nee
1632 4572 1694 4629 tam
1710 4564 1771 4630 tuit

440 4663 605 4726 hominum
627 4662 734 4743 generi
757 4659 881 4725 insensa
902 4668 999 4744 atque
1021 4659 1148 4722 inimica
1170 4667 1299 4733 natura,
1321 4666 1356 4722 ut
1378 4658 1564 4741 corporibus
1586 4666 1633 4723 tot
1653 4677 1704 4721 res
1719 4677 1770 4722 sa·

439 4756 565 4832 lutaris,
588 4756 701 4819 animis
723 4755 842 4818 nullam
864 4755 1035 4827 invenerit,
1058 4755 1098 4816 de
1120 4753 1236 4837 quibus
1257 4753 1318 4815 hoc
1341 4753 1435 4816 etiam
1454 4763 1501 4818 est
1516 4755 1628 4817 merita
1642 4752 1768 4828 melius,

441 4848 525 4933 quod
555 4868 723 4930 corporum
752 4848 933 4912 adiumenta
963 4846 1154 4913 adhibentur
1175 4847 1386 4921 extrinsecus,
1413 4847 1589 4911 animorum
1611 4848 1697 4912 salus
1719 4848 1770 4910 in·

439 4940 526 5003 clusa
547 4942 580 5005 in
605 4937 667 5025 [iis]
690 4943 766 5025 ipsis
789 4951 846 5006 est
882 4942 943 5006 Sed
965 4942 1145 5026 quomaior
1166 4947 1214 5002 est
1235 4939 1330 5002 ineis
1352 4941 1544 5023 praestantia
1567 4949 1599 5004 et
1620 4939 1769 5014 divinior,

400 5050 477 5102 loeo
508 5034 625 5098 maiore
654 5035 797 5120 indigent
826 5036 999 5119 diligentia.
1044 5036 1157 5119 ltaque
1184 5033 1265 5097 bene
1295 5032 1437 5098 adhibita
1464 5035 1544 5099 ratio
1567 5035 1668 5098 cernit
1690 5032 1769 5120 quid

503 5233 528 5283 3.
546 5235 672 5285 rethorum
689 5238 739 5288 GR
758 5263 784 5274 -
805 5238 829 5287 6.
847 5238 962 5289 Attamen
978 5239 1103 5288 aemulari
1121 5239 1190 5289 llelse
1208 5237 1224 5288 l.
1242 5238 1258 5288 l.
1278 5250 1304 5301 p.
1320 5236 1375 5286 403.
1397 5263 1423 5274 -
1444 5236 1579 5287 obtrectari
1596 5238 1615 5289 C
1636 5262 1663 5277 -
1685 5237 1724 5286 42.
1742 5237 1770 5287 ld

436 5307 489 5358 lom
505 5308 571 5358 aliua
587 5310 657 5360 eale
674 5309 690 5360 l.
709 5309 725 5360 l.
746 5336 772 5347 -
799 5312 838 5362 43.
858 5312 919 5374 Quis
935 5314 961 5361 id
977 5314 1119 5375 adprobare
1135 5314 1178 5363 13¹:
1204 5314 1264 5375 Quis
1288 5312 1315 5363 id
1331 5311 1468 5373 adprobari
1485 5314 1588 5370 alten
1612 5313 1662 5375 Qut
1677 5312 1704 5361 id
1719 5323 1769 5374 ap·

433 5382 539 5446 probari
556 5386 576 5435 0
596 5411 622 5420 -
645 5386 734 5447 possit,
754 5385 795 5448 [te]
813 5387 993 5449 aegritudinem
1011 5390 1030 5439 0
1050 5416 1076 5426 -
1098 5389 1138 5440 44,
1155 5388 1213 5452 pro]
1227 5399 1293 5449 prae
1310 5386 1379 5436 Bake
1398 5385 1414 5436 l.
1433 5385 1450 5436 l.
1471 5411 1497 5423 -
1520 5400 1582 5437 nom
1598 5387 1632 5436 B:
1650 5400 1701 5436 eor
1718 5387 1768 5437 oa

439 5484 465 5496 -
486 5459 526 5509 48.
544 5459 636 5523 igitar,
655 5460 688 5524 [et
703 5462 844 5526 captarem]
862 5468 886 5511 et
902 5462 1053 5514 iracundum
1070 5466 1091 5515 0
1116 5491 1142 5500 —
1167 5464 1208 5513 30.
1225 5463 1303 5525 posset
1320 5463 1371 5512 Gll
1388 5465 1415 5512 et
1433 5465 1509 5525 (corr.
1530 5462 1592 5513 ead.
1611 5475 1647 5513 m.
1666 5463 1692 5512 ln
1707 5473 1769 5524 ρο»-

434 5534 499 5597 rant)
517 5535 536 5584 B
556 5558 583 5571 -
603 5534 643 5583 20.
661 5535 786 5596 rapientia
804 5536 824 5584 G
843 5560 870 5572 -
889 5536 929 5586 34.
948 5538 1038 5588 cadere
1055 5541 1081 5589 in
1099 5550 1183 5601 marg.
1203 5551 1238 5587 m.
1258 5550 1313 5588 sec.
1331 5536 1482 5601 suppletum
1500 5536 1618 5588 habetll
1638 5559 1665 5575 -·
1685 5536 1726 5587 36.
1745 5536 1768 5586 ei

435 5609 579 5659 llanutius:
599 5608 658 5658 etC
679 5634 705 5644 -
729 5608 770 5657 27.
788 5622 838 5658 aaa
855 5612 1066 5670 proeoseditatam
1081 5614 1113 5661 att
1130 5625 1184 5662 om.
1204 5611 1240 5670 C;
1265 5611 1298 5661 cl.
1318 5612 1351 5660 lll
1369 5611 1401 5675 §5
1419 5611 1459 5662 29.
1478 5611 1519 5661 34.
1538 5611 1579 5661 33.
1602 5608 1713 5675 Philipp.
1731 5609 1766 5660 Xl

433 5681 449 5747 9
466 5683 492 5734 ’4.
513 5708 539 5720 -
559 5683 599 5735 30.
618 5696 683 5745 qaae
699 5681 820 5745 (radices)
838 5685 975 5735 evellendae
990 5692 1014 5736 et
1033 5687 1203 5736 extrahendae
1216 5688 1328 5747 penitus,
1352 5698 1402 5735 noa
1419 5686 1693 5736 emmeramensem
1708 5695 1767 5733 arrr-

429 5757 559 5819 patarrdae
579 5764 637 5807 sant
658 5757 729 5809 Bake
752 5756 770 5807 l.
789 5757 805 5808 l.
824 5772 850 5823 p.
871 5758 926 5810 tol.
948 5785 974 5797 -
998 5761 1038 5812 34.
1056 5763 1088 5811 sit
1105 5774 1170 5826 qaae
1184 5761 1340 5824 philosophia
1358 5760 1446 5812 Glllt¹
1465 5785 1491 5796 -
1518 5760 1558 5810 37.
1577 5760 1648 5809 auita
1665 5761 1715 5810 oa
1733 5783 1761 5795 -

431 5838 537 5883 estem
556 5829 586 5883 R¹
605 5857 632 5870 -
656 5832 696 5883 33.
714 5834 742 5884 ta
758 5833 796 5884 lta
813 5834 862 5884 CO
880 5834 925 5896 (hir
941 5832 1012 5887 delet
1028 5835 1099 5886 Bake
1120 5835 1136 5886 Ι.
1155 5835 1171 5887 l.
1190 5847 1219 5900 p.
1237 5835 1293 5888 tot.
1313 5833 1372 5887 coll.
1391 5834 1519 5899 Hodngio
1536 5832 1571 5884 ad
1588 5834 1643 5885 lin.
1662 5834 1694 5896 ll,
1712 5832 1765 5897 443.)
