4342 7459
752 1238 1383 1326 an.1.on.1x-x1.sssa-ao.
1687 1236 1729 1304 er

406 1422 501 1482 natus
524 1421 575 1480 est
595 1413 803 1498 disciplinam.
839 1413 917 1478 Eam
940 1434 1080 1496 quoque,
1103 1413 1129 1477 si
1150 1412 1292 1488 videtur,
1314 1412 1540 1476 correctionem
1555 1411 1731 1494 explicabo,

407 1511 492 1575 deut
513 1509 636 1573 solebat
655 1508 841 1571 Antiochus.
884 1506 963 1570 Mihi
984 1528 1075 1584 vcro,
1097 1508 1243 1591 inquam,
1266 1507 1406 1571 videtur:
1429 1506 1516 1593 quod
1538 1506 1626 1571 vides
1647 1506 1732 1570 idem

408 1598 589 1687 significare
611 1602 828 1685 Pomponium.

493 1698 535 1761 X.
557 1698 643 1760 Zeno
671 1695 769 1777 igitur
795 1695 884 1758 nullo
907 1696 1000 1759 modo
1023 1695 1050 1759 is
1073 1703 1155 1771 erat,
1185 1696 1255 1779 qui,
1285 1703 1320 1758 ut
1341 1695 1594 1779 Theophrastus,
1620 1716 1734 1761 nervos

409 1791 536 1857 virtutis
558 1789 721 1864 inciderit,
743 1789 800 1853 sed
822 1797 931 1853 contra
954 1791 1010 1873 qui
1031 1790 1152 1863 omnia,
1176 1809 1258 1873 quae
1280 1790 1320 1852 ad
1341 1791 1466 1854 beatam
1481 1792 1575 1854 vitam
1598 1790 1760 1874 pertine-e

407 1893 499 1959 rent,
527 1884 561 1947 in
590 1902 655 1948 una
681 1882 796 1946 virtute
825 1891 956 1966 poneret
985 1903 1044 1946 nec
1071 1885 1242 1967 quicquam
1271 1884 1357 1948 alind
1380 1893 1558 1948 numeraret
1579 1885 1611 1947 in
1634 1885 1738 1957 bonis,

410 1976 508 2062 idque
535 1977 712 2061 appellaret
737 1975 923 2051 honestum,
953 1977 1039 2060 quod
1069 1986 1154 2041 essct
1182 1978 1317 2060 simplex
1340 1977 1498 2061 quoddam
1522 1986 1553 2041 et
1582 1980 1684 2042 solum
1707 1985 1739 2043 et

409 2092 510 2135 unum
532 2070 662 2134 bonum.
705 2067 757 2132 36.
781 2070 892 2134 Cetera
914 2078 1017 2133 autem
1040 2073 1100 2135 etsi
1122 2091 1180 2135 nec
1204 2073 1289 2136 hona
1310 2092 1369 2135 nec
1391 2072 1474 2135 mala
1492 2080 1613 2147 essent,
1635 2081 1739 2135 tamen

410 2165 474 2229 alia
503 2165 681 2228 secundnm
712 2173 855 2228 naturam
877 2164 1017 2239 dicebat,
1045 2166 1108 2229 alia
1135 2174 1265 2229 naturae
1288 2186 1357 2229 csse
1379 2166 1546 2230 contraria.
1582 2166 1639 2228 llis
1661 2164 1740 2250 ipsis
1800 2240 1803 2246 ,

411 2257 660 2350 ιΙίεᾸιιῐειίοοω
682 2266 715 2322 et
736 2258 841 2322 media
863 2258 1057 2322 numerabat.
1095 2260 1184 2335 Quae
1207 2269 1311 2323 autem
1335 2261 1509 2323 secundum
1531 2268 1673 2323 naturam
1692 2273 1777 2323 es-to

412 2359 497 2427 sent,
531 2371 569 2415 ea
599 2353 753 2417 sumenda
782 2360 815 2416 et
837 2351 972 2436 quadam
994 2352 1213 2415 aestimatione
1236 2352 1394 2436 dignanda
1416 2354 1547 2418 docebat
1568 2363 1742 2438 contraque

412 2447 590 2510 contraria:
614 2456 728 2511 neutra
750 2455 855 2511 autem
878 2446 911 2508 in
935 2446 1047 2510 mediis
1070 2447 1287 2531 relinquebat,
1309 2448 1342 2511 in
1365 2449 1481 2531 quibus
1503 2449 1641 2533 ponebat
1661 2447 1741 2512 nihil

413 2540 545 2605 omnino
569 2561 640 2604 esse
663 2543 823 2605 momenti.
867 2537 919 2604 37.
943 2541 1006 2604 Sed
1029 2561 1111 2623 qnae
1135 2549 1241 2604 essent
1263 2542 1431 2617 sumenda,
1454 2562 1495 2605 ex
1510 2542 1549 2605 iis
1564 2543 1625 2607 alia
1644 2542 1742 2625 pluris

413 2656 482 2700 esse
503 2635 713 2711 aestimanda,
735 2636 797 2699 alin
812 2636 951 2699 minoris.
986 2634 1074 2710 Quae
1097 2634 1214 2718 pluris,
1237 2655 1275 2699 ea
1296 2636 1533 2720 praeposita
1554 2635 1743 2718 appellabat,

413 2730 573 2793 reiecta
601 2738 722 2804 autem,
751 2749 832 2813 quae
862 2730 1002 2793 minoris.
1044 2731 1147 2811 Atque
1177 2736 1212 2791 ut
1242 2730 1321 2793 haec
1348 2750 1412 2793 non
1439 2739 1504 2794 tam
1531 2730 1626 2792 rebus
1649 2745 1781 2813 quamte

415 2824 580 2887 vocabulis
603 2830 866 2896 commutaverat,
889 2824 936 2886 sic
959 2825 1040 2886 inter
1061 2830 1146 2885 recte
1167 2821 1285 2885 factum
1307 2831 1403 2906 atque
1422 2830 1586 2906 peccatum
1602 2822 1743 2886 officium

414 2926 446 2981 et
472 2925 586 2981 contm
615 2914 755 2981 officium
784 2915 916 2979 media
946 2916 1069 2980 locabat
1097 2916 1267 3001 quaedam,
1296 2927 1380 2981 recte
1406 2917 1488 2981 facta
1510 2918 1579 2982 sola
1599 2917 1633 2979 in
1654 2915 1744 2979 bonis

414 3012 594 3075 actionibus
623 3031 762 3095 ponens,
789 3030 901 3093 prave,
931 3011 962 3074 id
990 3020 1038 3074 est
1069 3017 1212 3094 peccata,
1244 3012 1277 3073 in
1300 3012 1406 3075 malis:
1435 3009 1539 3077 officia
1560 3018 1664 3074 autem
1688 3003 1743 3093 [et]

415 3113 540 3170 servata
562 3106 851 3189 praetermissaque
874 3105 979 3168 media
1001 3105 1148 3189 putabat,
1170 3113 1206 3168 ut
1220 3105 1298 3167 dixi.
1334 3101 1386 3168 38.
1404 3106 1546 3189 Cumque
1564 3104 1745 3189 superiores

416 3220 478 3263 non
512 3220 644 3264 omnem
672 3200 820 3262 virtutem
854 3200 886 3262 in
915 3199 1037 3262 ratione
1068 3218 1138 3260 esse
1165 3197 1324 3273 dicerent,
1359 3198 1414 3262 sed
1438 3198 1591 3282 quasdam
1614 3200 1783 3262 virtuteseo

415 3301 527 3358 natura
554 3303 612 3356 aut
639 3314 726 3356 more
755 3293 929 3376 perlectas,
959 3292 1011 3355 hic
1034 3293 1138 3354 omnis
1160 3291 1192 3353 in
1215 3292 1337 3355 ratione
1359 3293 1514 3375 ponebat3
1542 3312 1677 3376 cumque
1699 3290 1747 3353 illi

417 3407 453 3452 ca
474 3406 596 3470 genera
617 3387 784 3461 virtutum,
819 3408 901 3469 quae
930 3405 1025 3469 supro
1055 3385 1137 3459 dixi,
1167 3384 1291 3468 seiungi
1313 3406 1405 3470 posse
1427 3387 1667 3460 arbitrarentur,
1695 3384 1747 3447 hic

417 3502 474 3546 nec
503 3480 537 3544 id
565 3480 633 3544 ullo
662 3480 758 3544 modo
789 3481 857 3543 lieri
887 3501 983 3562 posse
1006 3480 1196 3553 disserebat,
1227 3500 1285 3542 nec
1307 3481 1429 3544 virtutis
1451 3501 1544 3544 usum
1567 3479 1680 3553 modo,
1713 3484 1748 3540 ut

418 3575 619 3659 superiores,
641 3573 698 3638 sed
721 3574 826 3657 ipsum
848 3573 987 3638 habiturn
1010 3594 1069 3656 per
1091 3595 1124 3636 se
1148 3594 1217 3636 esse
1239 3574 1454 3655 praeclarum
1476 3594 1536 3637 nec
1558 3581 1663 3636 tamen
1685 3573 1748 3634 vir-

419 3677 519 3733 tutem
550 3668 700 3753 cuiquam
726 3669 853 3742 adesse,
888 3668 966 3751 quin
996 3687 1033 3730 ea
1062 3687 1188 3750 semper
1219 3675 1369 3730 uteretur.
1414 3667 1558 3752 Cumque
1586 3666 1786 3750 perturba-ss

418 3762 521 3827 tiones
548 3762 646 3826 animi
674 3761 722 3824 illi
747 3782 787 3825 ex
815 3761 944 3824 homine
976 3781 1041 3823 non
1074 3761 1222 3823 tollerent
1256 3770 1433 3846 naturaque
1462 3769 1494 3825 et
1522 3761 1748 3826 condolescere

419 3863 449 3920 et
469 3855 699 3937 concupiscere
721 3863 753 3919 et
774 3855 981 3918 extimescere
1004 3861 1036 3917 et
1057 3855 1161 3916 alieni
1191 3855 1308 3918 laetitia
1331 3856 1487 3931 dicerent,
1509 3855 1565 3919 sed
1588 3876 1641 3920 eas
1672 3874 1749 3917 con·

419 3949 581 4015 traherent
609 3949 641 4011 in
668 3955 901 4032 angustumque
935 3946 1146 4022 deducerent,
1178 3947 1231 4010 hic
1262 3949 1408 4013 omnibus
1436 3949 1487 4013 his
1515 3950 1608 4034 quasi
1629 3948 1748 4012 morbis

418 4042 521 4107 volnit
550 4062 659 4106 carere
688 4042 874 4125 sapientem.
917 4039 968 4104 39.
993 4041 1136 4124 Cumque
1159 4060 1211 4105 eas
1240 4043 1491 4125 perturbationes
1513 4043 1635 4127 antiqui
1658 4049 1749 4106 natu·

419 4137 499 4201 rales
529 4155 601 4201 esse
630 4135 772 4199 dicerent
810 4144 842 4198 et
870 4135 1002 4199 rationis
1033 4142 1199 4218 expertes,
1232 4136 1358 4220 aliaque
1388 4137 1421 4199 iu
1451 4144 1539 4220 parte
1568 4137 1665 4201 animi
1692 4147 1785 4200 cu-to

420 4232 598 4314 piditatem,
627 4231 660 4293 in
688 4229 749 4293 alia
777 4230 934 4294 rationem
956 4229 1177 4304 conlocarent,
1208 4249 1247 4292 ne
1273 4230 1322 4293 his
1349 4231 1477 4316 quidem
1502 4232 1747 4295 adsentiebatur.

420 4326 498 4390 Nam
531 4333 565 4390 et
597 4323 850 4408 perturbationes
884 4323 1077 4387 voluntarias
1111 4343 1181 4386 esse
1212 4324 1343 4407 putabat
1374 4325 1596 4409 opinionisque
1629 4324 1747 4387 iudicio

422 4419 554 4502 smcipi,
577 4426 609 4482 et
630 4418 771 4482 omnium
794 4418 1063 4501 perturbationum
1087 4425 1218 4481 matrem
1241 4438 1310 4481 esse
1332 4418 1539 4482 arbitrabatur
1560 4418 1747 4484 immodera-

423 4520 483 4577 tam
507 4512 669 4597 quandam
692 4513 977 4594 intemperantiam.
1021 4512 1108 4573 Haec
1130 4510 1196 4574 fere
1219 4512 1259 4574 de
1281 4512 1431 4575 moribus.

503 4607 561 4670 xt.
583 4607 630 4669 De
651 4605 772 4669 naturis
794 4614 899 4668 autem
922 4606 966 4667 sic
994 4606 1168 4680 sentiebat,
1197 4607 1333 4690 primum
1362 4614 1398 4668 ut
1425 4609 1457 4670 in
1481 4615 1628 4692 quattuor
1648 4608 1784 4671 initiisse

486 4893 512 4942 t.
530 4902 635 4953 meque
650 4889 672 4938 si
688 4888 712 4937 V
727 4915 761 4926 -
777 4888 844 4951 ecpl.
863 4901 930 4938 corr.
949 4900 963 4937 r
982 4912 1009 4924 -
1028 4887 1053 4936 t.
1071 4886 1272 4937 videsomr-
1291 4885 1316 4937 l.
1334 4888 1491 4940 oeubP-
1510 4890 1534 4940 e.
1553 4892 1671 4942 incideret
1687 4891 1746 4943 cod.

426 4966 515 5018 lamb.
532 4991 567 5003 -
584 4976 648 5028 quoe
664 4963 796 5014 llanutius
813 4966 840 5011 et
858 4964 872 5012 3
889 4961 966 5011 codd.
982 4963 1010 5025 (t)
1022 4964 1117 5012 Goon:
1135 4974 1246 5024 quosque
1264 4962 1347 5011 Cr-
1367 4963 1391 5012 7.
1410 4964 1533 5025 qoodomo
1549 4972 1571 5015 ct
1589 4967 1654 5013 V-
1671 4967 1695 5017 9.
1709 4969 1750 5017 di·

425 5042 508 5092 oebast
525 5042 551 5105 (s
567 5040 732 5105 punctatum)
751 5038 817 5087 cline
834 5040 853 5086 G
870 5063 896 5072 -
916 5038 947 5086 iis
964 5050 991 5095 r;
1009 5037 1047 5086 bis
1062 5038 1168 5098 ipson
1180 5049 1211 5085 oo
1226 5036 1346 5085 menda
1358 5049 1411 5087 om.
1426 5035 1465 5087 V¹.
1485 5038 1570 5089 Verba
1588 5041 1626 5091 bis
1641 5043 1701 5105 ipsis
1712 5069 1749 5080 ·-

425 5115 570 5167 meae
591 5114 680 5165 Christ
700 5115 761 5176 post
782 5124 826 5161 vv.
845 5125 909 5173 quoe
931 5113 1036 5160 minoris
1052 5114 1087 5165 tv.
1107 5113 1146 5173 tt)
1164 5110 1361 5173 transponenda
1380 5125 1440 5163 esse
1456 5118 1562 5174 censet,
1581 5117 1644 5167 mihi
1662 5119 1750 5183 potius

426 5192 559 5242 adtectlcla
577 5188 715 5246 videntur,
734 5187 833 5250 quippe
851 5189 930 5236 etiam
948 5186 981 5235 de
1000 5188 1136 5237 Latinitate
1154 5189 1286 5250 suspecta.
1306 5213 1333 5223 -
1357 5189 1396 5237 tt.
1414 5191 1574 5239 estimatione
1591 5194 1618 5240 et
1636 5191 1675 5242 tt.
1693 5194 1750 5243 cci-

425 5266 548 5317 mdc
564 5267 587 5315 G
605 5288 634 5301 -
657 5263 770 5327 abcondo
791 5263 859 5312 coni.
879 5263 981 5312 Ernesti
1005 5288 1032 5298 -
1058 5262 1153 5311 certat
1170 5262 1261 5312 Lamb.
1283 5289 1309 5298 —
1334 5263 1373 5313 ta.
1392 5277 1442 5314 osse
1458 5263 1510 5315 del.
1530 5267 1677 5317 Ernesti-
1701 5267 1749 5332 sod]

426 5344 475 5393 rtr
493 5370 521 5381 -
546 5338 677 5403 menda]
698 5339 782 5387 medio
803 5338 899 5387 Davies
922 5364 955 5374 -
980 5338 1019 5387 tt.
1042 5338 1165 5400 quosdam
1182 5336 1289 5387 Walter
1312 5335 1375 5400 del,
1402 5341 1499 5401 quidem
1520 5344 1588 5392 coni.
1607 5344 1703 5393 Davies
1721 5366 1749 5377 -

426 5416 551 5478 homil
565 5443 593 5452 -
614 5413 653 5464 te.
670 5427 748 5476 pones
759 5412 781 5462 V
795 5438 822 5447 —
838 5426 924 5474 prauo
936 5417 956 5461 A
970 5438 997 5447 -
1012 5418 1035 5463 et
1047 5412 1097 5463 del.
1115 5411 1222 5471 hamb,
1241 5412 1274 5462 cl.
1288 5414 1373 5463 htadv.
1386 5414 1419 5464 ad
1432 5417 1486 5466 Cic.
1501 5416 1533 5467 de
1546 5417 1609 5467 tina.
1623 5431 1650 5482 p.
1660 5418 1749 5466 730.-

427 5492 465 5543 20.
483 5493 574 5543 dccet
589 5493 610 5541 P
628 5516 655 5526 -
673 5488 778 5537 virtutes
793 5489 865 5549 quast
881 5492 978 5535 notura
995 5490 1014 5535 G
1032 5513 1060 5523 -
1080 5489 1123 5537 ll.
1141 5501 1224 5537 omncs
1241 5488 1333 5549 GVO,
1351 5491 1419 5538 omni
1435 5503 1449 5539 r
1467 5517 1494 5525 —
1513 5493 1554 5541 22.
1572 5495 1672 5543 uirtutis
1687 5493 1706 5542 E
1723 5518 1751 5529 -

428 5567 612 5618 'ditm
626 5566 656 5626 Ρ,
675 5562 724 5613 sed
741 5567 782 5614 est
799 5564 948 5613 terminatio
966 5577 998 5612 er
1016 5576 1085 5613 corr.
1107 5587 1133 5599 -
1153 5563 1192 5613 bie
1203 5589 1239 5599 --
1251 5563 1383 5614 dismebot
1399 5578 1453 5615 om.
1466 5568 1486 5615 A
1497 5580 1510 5615 r
1522 5591 1549 5602 -
1569 5569 1609 5619 23.
1627 5570 1700 5619 modo
1717 5569 1751 5619 C:

430 5655 479 5693 om.
498 5645 543 5695 Or
561 5668 589 5679 -
607 5640 650 5691 25.
670 5640 754 5690 werse
771 5641 791 5689 G
810 5653 878 5690 corr.
899 5640 1050 5689 exedram
1069 5667 1096 5676 -
1115 5646 1243 5690 uterentur
1259 5656 1273 5690 r
1289 5668 1322 5677 —
1338 5642 1537 5704 perturbationes
1552 5643 1673 5693 Walker:
1694 5657 1755 5706 per-

430 5718 590 5768 tubatione»
607 5716 681 5767 COr
699 5739 726 5751 -
745 5715 787 5765 28.
807 5728 850 5765 scs
865 5714 985 5764 Walter:
1006 5728 1035 5765 eo
1054 5716 1073 5766 C
1088 5716 1144 5777 Or,
1163 5729 1218 5764 eom
1236 5716 1337 5765 Ernesti
1357 5743 1383 5752 -
1402 5722 1536 5780 encastum
1553 5720 1635 5767 Gr-
1655 5718 1695 5769 29.
1714 5733 1757 5770 ons

431 5805 481 5844 om.
498 5807 513 5844 r
530 5819 558 5830 -
578 5792 619 5844 34.
639 5792 666 5841 in
683 5790 737 5840 otto
753 5791 912 5841 Lambinus:
931 5791 985 5839 otia
1002 5791 1075 5840 C0r
1095 5818 1120 5826 -
1141 5792 1239 5841 rationo
1256 5804 1269 5838 r
1288 5817 1315 5827 -
1335 5792 1366 5840 tis
1382 5806 1396 5840 r
1414 5819 1441 5829 —
1464 5791 1643 5841 mentiebatur
1659 5796 1687 5855 P,
1706 5794 1755 5846 sed

431 5872 562 5921 masmae
580 5865 701 5932 syllabae
720 5879 753 5915 ex
765 5880 835 5917 corr.
851 5892 878 5902 -
899 5866 939 5916 33.
958 5864 1049 5927 suscipi
1064 5865 1156 5915 iudicio
1172 5881 1226 5916 r-
1244 5871 1351 5916 marem
1367 5880 1416 5917 esre
1432 5867 1487 5918 orb.
1501 5869 1563 5917 GP:
1583 5868 1637 5919 orb.
1650 5875 1757 5920 matrem

431 5954 476 5995 αι
486 5944 582 5996 svor
591 5968 620 5981 -
640 5940 684 5994 35.
697 5942 724 5992 to
735 5954 789 5993 om.
802 5942 822 5993 0
834 5953 896 5993 cum
908 5938 975 5992 libro
987 5941 1070 5993 Ursini
1082 5940 1118 6005 (ot
1129 5947 1248 6005 quattuor
1260 5942 1438 5993 midunium
1449 5943 1551 5995 adderet
1561 5943 1628 5995 coni.
1641 5945 1755 6010 Darios).
