4342 7459
737 1265 807 1331 ιι..
829 1265 853 1328 1.
880 1263 955 1328 cn.
977 1262 1147 1327 rx-xu.
1172 1260 1220 1347 ss
1241 1260 1389 1327 re-ra.

1673 1259 1737 1329 tat

493 1427 550 1490 lll.
573 1420 624 1488 ll.
647 1424 710 1490 Sed
732 1444 798 1509 quo
820 1424 926 1508 potius
948 1430 1020 1487 utar
1041 1431 1097 1488 aut
1117 1432 1249 1488 anctore
1269 1430 1325 1487 aut
1344 1429 1427 1488 teste
1449 1443 1544 1509 quam
1565 1426 1623 1489 tel
1647 1424 1737 1489 cuius

407 1519 524 1584 edidici
547 1521 644 1583 etiam
664 1540 791 1595 versus,
814 1527 846 1583 et
867 1518 1014 1582 lubenter
1035 1517 1180 1602 quidem,
1202 1538 1284 1602 qnos
1304 1519 1337 1581 in
1360 1518 1501 1582 secundo
1521 1518 1557 1581 de
1571 1518 1737 1584 consulatu

408 1614 522 1678 Urania
543 1634 632 1677 musa
654 1613 858 1697 pronuntiat:

534 1707 743 1790 Principio
765 1706 951 1770 aetherio
974 1704 1202 1769 flammatus
1223 1704 1410 1787 luppiter
1430 1705 1517 1787 iqui

534 1801 719 1863 Vertitur
741 1808 779 1863 et
800 1807 925 1864 totum
948 1798 1178 1863 conlustrat
1197 1798 1353 1863 lumine
1375 1799 1559 1863 mundum

534 1896 748 1978 Menteque
770 1893 912 1957 divina
935 1894 1086 1957 caelum
1109 1901 1319 1975 terrasque
1341 1892 1533 1976 petessit‚

536 1988 641 2064 Quae
662 1990 837 2071 penitus
858 2007 1005 2052 sensus
1027 1987 1233 2050 bominum
1254 1988 1440 2070 vitasque
1461 1993 1654 2062 retentat,

535 2082 719 2144 Aetheris
740 2083 899 2146 aeterni
921 2088 1060 2166 saepta
1083 2089 1204 2165 atque
1226 2080 1379 2143 inclusa
1401 2080 1593 2144 cavernis.

534 2175 582 2237 Et
604 2176 636 2237 si
658 2176 873 2239 stellarum
896 2183 1025 2239 motus
1046 2192 1274 2259 cursusque
1294 2174 1485 2258 vagantis

534 2269 656 2332 Nosse
679 2269 798 2345 velis,
820 2288 927 2353 qnae
949 2269 1033 2332 sint
1054 2268 1252 2350 signorum
1274 2268 1314 2331 in
1336 2268 1430 2331 sede
1451 2267 1627 2342 locatae,

535 2359 646 2436 Quae
668 2364 788 2427 verbo
811 2370 850 2427 et
871 2363 988 2426 falsis
1010 2362 1220 2426 Graiorum
1242 2362 1407 2427 vocibus
1428 2369 1579 2436 errant,

533 2458 585 2519 lie
606 2477 700 2521 vera
722 2465 842 2520 certo
862 2457 983 2539 lapsu
1005 2457 1224 2541 spatioque
1245 2455 1448 2531 seruntur,

535 2552 671 2616 Omnia
694 2551 770 2614 iam
792 2570 936 2614 cernes
957 2550 1094 2613 divina
1115 2558 1243 2614 mente
1267 2558 1416 2614 notata.

463 2641 513 2708 ⁴8.
535 2648 623 2710 Nam
645 2646 810 2730 primum
834 2652 1036 2708 astrorum
1059 2644 1243 2708 volucris
1266 2653 1304 2708 te
1326 2645 1492 2710 consule
1512 2652 1643 2709 motus

535 2742 846 2823 Concursusque
868 2738 997 2821 gravis
1020 2737 1230 2802 stellarum
1250 2739 1395 2803 ardore
1417 2740 1613 2804 micantia

535 2835 591 2898 Tu
614 2851 790 2917 quoque,
812 2851 898 2895 cum
920 2832 1095 2895 tumulos
1116 2832 1273 2895 Albano
1294 2834 1335 2897 in
1357 2841 1491 2897 monte
1512 2830 1662 2896 nlralis

535 2927 749 2990 Lustrasti
772 2932 811 2988 et
832 2926 946 2989 laeto
968 2926 1159 2990 mactasti
1181 2926 1290 2990 lacte
1311 2928 1487 3001 Latinas,

535 3020 686 3084 Vidisti
710 3027 749 3083 et
770 3018 879 3083 claro
901 3018 1098 3081 tremulos
1120 3019 1269 3085 ardore
1292 3027 1487 3097 cometas,

534 3115 745 3198 Multaque
767 3111 932 3175 misceri
955 3119 1154 3176 nocturna
1176 3122 1313 3198 strage
1334 3114 1509 3198 putasti:

535 3208 647 3286 Quod
670 3207 798 3270 ferme
820 3206 948 3270 dirum
970 3206 1008 3268 in
1030 3213 1189 3291 tempus
1210 3207 1395 3271 cecidere
1417 3208 1601 3283 Latinae,

536 3304 627 3367 cum
649 3300 790 3364 claram
813 3298 987 3381 speciem
1009 3309 1202 3365 concreto
1223 3301 1375 3365 lumine
1395 3301 1493 3366 luna

533 3395 702 3461 Abdidit
723 3401 763 3457 et
784 3393 921 3457 subito
944 3394 1132 3458 stellanti
1155 3403 1273 3460 nocte
1294 3403 1507 3480 perempta
1527 3404 1598 3460 est.

537 3488 642 3567 Quid
665 3508 763 3552 vero
786 3486 933 3551 Phoebi
954 3486 1038 3563 sax,
1061 3488 1198 3552 tristis
1216 3491 1361 3554 nuntia
1381 3489 1499 3564 belli,

537 3585 641 3661 Quae
663 3600 844 3663 magnum
866 3582 914 3645 ad
936 3582 1118 3645 columen
1140 3582 1340 3647 flammato
1361 3583 1499 3648 ardore
1522 3584 1667 3648 rolaba

536 3674 776 3758 Praecipitis
798 3676 901 3740 caeli
924 3676 1057 3758 partis
1079 3675 1302 3761 obitusque
1322 3683 1560 3760 petessenst

535 3774 611 3836 Aut
633 3790 720 3833 cum
741 3766 925 3833 terribili
946 3789 1171 3853 percussus
1192 3770 1363 3834 fulmine
1384 3772 1486 3836 ciris

537 3866 642 3929 Luce
664 3865 873 3927 serenanti
897 3864 1040 3927 vitalia
1061 3864 1212 3928 lumina
1233 3866 1382 3950 liquitt

535 3962 608 4024 Aut
628 3979 715 4022 cum
737 3977 777 4021 se
799 3959 964 4040 gravido
987 3957 1216 4022 tremefecit
1237 3977 1410 4043 corpore
1432 3958 1584 4022 tellust

536 4056 612 4116 lam
634 4071 734 4116 vero
757 4052 895 4116 variae
917 4059 1117 4116 nocturno
1139 4059 1314 4135 tempore
1335 4052 1448 4116 visae

536 4145 765 4210 Terribiles
786 4146 940 4209 formae
962 4146 1108 4208 bellum
1131 4155 1342 4231 motusque
1364 4147 1589 4222 monebant,

536 4242 745 4321 Multaque
768 4261 838 4323 per
860 4248 988 4303 terras
1011 4248 1123 4303 vates
1146 4240 1285 4303 oracla
1305 4239 1455 4303 furenti

536 4339 705 4400 Pectore
726 4334 952 4398 fundebant
975 4333 1110 4396 tristia
1134 4335 1355 4396 minitantia
1378 4352 1511 4411 casus3

461 4429 510 4494 l9.
533 4433 667 4512 Atque
689 4449 750 4503 ea,
773 4448 874 4513 quae
897 4427 1018 4510 lapsu
1040 4428 1196 4490 tandem
1220 4427 1408 4492 cecidere
1431 4435 1609 4507 vetusto,

536 4525 640 4587 llaec
662 4522 749 4587 fore
771 4524 986 4605 perpetuis
1009 4521 1141 4604 signis
1164 4519 1373 4606 clarisque
1395 4521 1667 4606 frequentans

538 4621 630 4701 lpse
655 4618 770 4680 deum
791 4617 955 4698 genitor
976 4615 1091 4678 caelo
1112 4615 1318 4698 terrisque
1341 4616 1517 4680 canebat.

1760 1815 1776 1862 d

1749 2281 1777 2330 to

1751 3213 1788 3271 ’ὃ

1673 3591 1701 3658 l»

428 4716 513 4777 llll.
536 4716 646 4776 Nunc
669 4729 731 4786 ea,
753 4712 964 4793 Torquato
986 4728 1089 4794 quae
1111 4709 1307 4793 quondam
1331 4718 1371 4773 et
1391 4711 1555 4777 consule
1579 4716 1694 4781 Cotta
1726 4799 1730 4808 1

538 4805 694 4890 Lydius
716 4804 904 4868 ediderat
925 4803 1153 4887 Tyrrhenae
1175 4804 1305 4887 gentis
1328 4804 1546 4888 haruspex,

537 4900 673 4965 Omnia
694 4897 785 4960 lixa
807 4908 897 4961 tuus
920 4898 1155 4981 glomerans
1179 4896 1426 4965 determinat
1447 4919 1584 4965 annus.

537 4996 629 5057 Nam
653 5000 772 5075 pater
792 4991 1025 5055 altitonans
1047 4991 1236 5055 stellanti
1258 4992 1379 5056 nixus
1403 4992 1569 5078 Olympo

476 5221 500 5269 t.
519 5218 638 5268 lluturB
663 5244 689 5253 -
713 5217 738 5267 ἰ.
758 5217 823 5266 edict
845 5214 877 5266 ll¹
897 5242 923 5252 -
948 5217 1024 5266 aima
1044 5217 1068 5265 ei
1090 5229 1177 5266 uersata
1195 5216 1216 5266 ll
1236 5242 1262 5252 -
1287 5216 1319 5280 st]
1336 5221 1365 5267 ast
1382 5216 1472 5267 ΑΜι
1490 5244 1517 5255 -
1539 5220 1655 5271 tutam

1672 5223 1741 5274 fl-

409 5296 476 5359 quod
494 5294 522 5344 Βι
535 5320 561 5330 -
582 5295 612 5343 de
627 5293 759 5343 consumto
775 5292 923 5343 Manutius:
942 5293 972 5342 dc
988 5305 1041 5342 om.
1057 5293 1091 5352 C,
1109 5292 1254 5343 consulatus
1270 5291 1348 5343 codd.
1361 5292 1462 5357 aliquot
1474 5293 1539 5346 dett.
1555 5323 1583 5334 -
1601 5297 1627 5347 o.
1642 5303 1745 5361 perurat

410 5367 485 5428 8¹11,
501 5371 599 5431 petisset
616 5368 676 5419 AB²
686 5369 715 5427 V,
732 5368 827 5430 petierit
843 5379 901 5417 erc.
919 5367 985 5418 Pitb.
1003 5368 1125 5417 Potessere
1141 5366 1261 5430 analogia
1273 5366 1403 5429 firmator,
1417 5381 1581 5433 quamquam
1594 5372 1743 5425 Pmsdauua

410 5448 478 5495 inter
494 5443 595 5507 reliqua
614 5445 691 5494 buius
709 5443 810 5493 lormae
827 5442 1005 5493 desiderativa
1022 5442 1074 5492 boc
1093 5442 1205 5493 verbum
1223 5455 1276 5492 non
1292 5445 1434 5502 recenset;
1461 5444 1533 5507 apud
1550 5446 1657 5497 Festum

1674 5459 1743 5510 φο·

410 5533 462 5585 que
481 5520 505 5569 in
524 5517 650 5568 lemmate
668 5530 694 5582 p.
707 5518 756 5568 260
774 5518 807 5568 ll.
828 5523 949 5580 potem
964 5516 1139 5568 scribendum
1152 5517 1265 5576 videtur,
1284 5519 1388 5568 utitem
1400 5520 1427 5569 in
1440 5518 1519 5570 Paulo
1531 5521 1648 5571 Diacono
1661 5533 1687 5586 p.
1700 5522 1741 5573 tt.

412 5620 439 5632 -
458 5596 483 5645 Ἰ.
498 5594 613 5657 poenitus
630 5596 650 5644 Α
668 5619 695 5629 -
713 5594 868 5648 maurit
888 5619 915 5631 -
934 5594 1089 5644 reteotontC
1103 5618 1129 5628 -
1151 5593 1192 5644 lb.
1205 5594 1286 5643 contla
1297 5594 1326 5644 8¹
1340 5620 1366 5630 -
1382 5593 1421 5645 ⁴8.
1439 5594 1591 5646 trsosulosll
1606 5620 1633 5632 -
1645 5595 1688 5646 2⁰.
1699 5609 1742 5647 cs-

409 5669 493 5719 cldcre
513 5668 573 5719 cod.
593 5668 704 5719 Elieusis
726 5671 793 5717 teste
817 5668 938 5717 Darisio:
962 5669 1071 5717 minere
1094 5667 1113 5717 C
1138 5692 1165 5702 -
1187 5668 1229 5718 ἥ.
1247 5668 1357 5718 stellam
1375 5667 1455 5718 subito
1471 5668 1524 5719 AV
1548 5694 1576 5708 ·-
1599 5668 1641 5719 22.
1661 5671 1743 5732 Qum

409 5745 623 5806 cero-petisses
645 5740 797 5793 Lambinus.
814 5768 848 5779 -
868 5743 956 5792 triantis
970 5741 1002 5793 Α1
1021 5768 1048 5779 -
1073 5739 1114 5792 at.
1133 5742 1253 5792 cottam
1270 5743 1318 5793 ΑΒ
1338 5767 1365 5779 -
1389 5744 1430 5793 25.
1447 5747 1569 5805 pctsassss
1586 5743 1740 5808 llottinqert

408 5818 536 5880 petissetC
553 5845 580 5855 -
599 5820 640 5870 26.
656 5815 841 5881 pernarum:
858 5818 988 5881 parcebas
1004 5815 1155 5868 Alt'ttv—
1175 5816 1215 5868 28.
1228 5816 1301 5867 Μ’
1315 5841 1342 5852 -
1355 5815 1599 5867 suumom-
1612 5818 1742 5875 Μαστα-

411 5894 558 5947 usaa-
583 5894 623 5944 33.
641 5894 793 5956 tcpnsslll
813 5916 840 5930 -
860 5891 1205 5957 tt.srequastosABV-
1228 5892 1609 5948 anamma-amu
1629 5919 1656 5933 ·

411 5981 473 6032 spero
489 5970 511 6020 ll
529 5994 557 6007 -
577 5970 618 6021 39.
635 5970 704 6020 Nom
716 5968 915 6034 paternianis
933 5970 1063 6020 iterantur
1079 5968 1106 6019 bi
1123 5979 1217 6020 versus
1233 5970 1256 6021 ll
1272 5967 1288 6034 8
1303 5968 1346 6022 to.

1675 5909 1741 5950 Μ·
