4342 7459
793 1258 862 1323 uu.
876 1260 903 1325 1.
933 1257 1010 1324 cu.
1023 1259 1110 1323 xm.
1138 1255 1184 1342 ti
1199 1252 1344 1321 si-ss.
1667 1248 1731 1317 sm

407 1424 478 1501 tial,
500 1428 568 1486 tum
589 1420 684 1485 etiam
707 1419 855 1483 societate
875 1418 955 1482 luris
977 1417 1155 1483 contineri?
1188 1416 1278 1494 Quae
1293 1437 1390 1501 quom
1406 1435 1482 1481 vera
1496 1435 1571 1481 esee
1580 1424 1680 1491 recte,
1694 1424 1732 1482 ut

407 1516 554 1589 arbitror,
575 1514 835 1584 concesserimus,
858 1513 913 1597 qui
934 1512 997 1576 iam
1018 1512 1093 1575 licet
1114 1512 1205 1575 uobis
1227 1531 1246 1574 a
1266 1518 1379 1574 natura
1392 1510 1479 1596 leges
1495 1519 1526 1575 ct
1538 1512 1609 1575 iura
1623 1512 1730 1575 seiun-

407 1612 505 1693 gerel
548 1605 599 1671 36.
621 1609 663 1670 Μ.
686 1608 780 1669 Recte
803 1606 899 1679 dicis,
928 1615 960 1669 et
981 1626 1032 1670 res
1053 1624 1088 1669 se
1110 1605 1156 1668 sic
1178 1605 1282 1667 habet.
1325 1604 1443 1669 Verum
1465 1603 1729 1687 philosophorum

407 1723 512 1776 more,
533 1722 599 1765 non
620 1709 763 1764 veterum
786 1699 915 1783 quidem
937 1700 1080 1773 illorum,
1105 1698 1161 1762 sed
1183 1717 1304 1771 eorum,
1327 1698 1382 1782 qni
1405 1699 1495 1781 quasi
1517 1696 1659 1761 officinas
1681 1700 1730 1762 in-

407 1802 592 1861 struxerunt
613 1795 805 1877 sapientiae,
832 1813 915 1876 qnae
937 1793 1007 1857 tuse
1029 1794 1107 1857 olim
1129 1791 1371 1874 disputabantur
1391 1811 1429 1855 ac
1450 1790 1564 1866 libere,
1587 1811 1625 1856 ea
1645 1805 1753 1857 nuuce

407 1889 596 1954 articulatim
618 1886 643 1967 †
663 1885 787 1950 detecta
817 1886 975 1950 dicuutur.
1017 1888 1083 1949 Nec
1105 1885 1189 1948 euim
1212 1888 1289 1948 satis
1312 1884 1380 1947 lieri
1402 1893 1533 1949 censent
1553 1885 1628 1950 huic
1647 1886 1734 1963 loco,

407 1983 463 2067 qui
492 2001 577 2045 nuuc
604 1981 709 2045 estin
737 1981 900 2053 manibus,
928 1981 991 2044 nisi
1022 1978 1191 2062 separatim
1214 1979 1276 2042 hoc
1297 1978 1414 2063 ipsum,
1444 1988 1557 2044 natura
1578 2001 1649 2046 esse
1670 1983 1731 2058 ius,

408 2075 606 2158 disputarint.
650 2074 712 2137 Att.
739 2074 801 2137 Aut
823 2074 943 2138 scilicet
964 2081 1018 2137 tua
1039 2073 1169 2136 libertas
1192 2071 1368 2135 disserendi
1391 2072 1506 2136 amissa
1528 2083 1593 2150 est,
1620 2083 1675 2139 aut
1695 2083 1729 2139 tn

407 2170 435 2232 is
457 2188 513 2243 es,
543 2169 599 2252 qui
630 2168 663 2231 in
693 2166 883 2250 disputando
912 2188 978 2232 nou
999 2177 1090 2231 tuum
1112 2165 1267 2229 iudicium
1290 2186 1441 2249 sequare,
1473 2166 1529 2230 aed
1550 2170 1730 2233 auctoritati

407 2262 542 2326 aliorum
571 2280 693 2345 pareas.
742 2258 794 2323 37.
823 2263 865 2324 M.
895 2263 966 2326 Non
993 2281 1133 2344 semper,
1163 2261 1248 2334 Tite,
1277 2259 1333 2322 sed
1364 2261 1424 2323 iter
1453 2260 1549 2325 huius
1577 2263 1731 2327 sermonis
1742 2273 1769 2320 44

408 2354 495 2440 quod
524 2354 566 2418 sit
594 2354 702 2418 vides:
736 2355 776 2418 ad
803 2374 855 2417 res
884 2356 1026 2439 publicas
1052 2354 1222 2417 firmandas
1244 2354 1337 2417 etad
1360 2354 1563 2418 stabiliendas
1585 2356 1604 2389 ³*
1620 2356 1640 2390 '⁸
1661 2357 1731 2419 iure

408 2448 576 2513 sociandos
596 2448 733 2533 populos
755 2448 858 2511 omnis
880 2456 990 2511 nostra
1011 2448 1113 2532 pergit
1135 2449 1246 2512 oratio.
1281 2446 1436 2523 Quocirca
1458 2467 1571 2512 vereor
1591 2451 1732 2513 commit·

408 2550 491 2616 tere,
519 2552 556 2605 nt
584 2561 648 2606 non
678 2542 760 2604 bene
790 2542 917 2626 provisa
946 2549 984 2622 et
1006 2542 1175 2625 diligenter
1203 2540 1368 2623 explorata
1388 2541 1544 2626 principia
1565 2550 1732 2625 ponantur,

408 2655 467 2701 uec
497 2644 603 2701 umen
631 2643 668 2698 ut
697 2635 846 2698 omnibus
874 2634 1047 2717 probentur
1073 2669 1115 2682 —
1143 2654 1217 2698 uara
1238 2633 1271 2696 id
1293 2631 1360 2698 lieri
1382 2653 1448 2697 non
1470 2642 1575 2719 potest
1596 2670 1654 2710 -,
1676 2636 1732 2700 sed

409 2739 444 2795 ut
465 2732 529 2804 eis,
559 2730 613 2814 qui
644 2729 750 2792 omnia
780 2736 866 2792 recta
896 2739 993 2812 atque
1022 2729 1156 2791 honesta
1184 2749 1244 2811 per
1264 2749 1298 2792 ee
1321 2728 1499 2811 expetenda
1521 2729 1680 2794 duxerunt
1701 2738 1770 2793 etis

409 2833 463 2887 ant
484 2823 562 2887 nihil
585 2824 715 2887 omnino
737 2824 771 2885 iu
793 2823 884 2886 bonis
906 2822 1152 2896 numerandum,
1174 2822 1237 2885 nisi
1260 2821 1346 2906 quod
1369 2841 1427 2905 per
1448 2841 1483 2886 se
1503 2823 1605 2907 ipsum
1625 2823 1733 2888 lauda·

409 2917 472 2981 bile
494 2925 589 2991 essct,
611 2925 666 2980 aut
687 2924 772 2979 certe
793 2915 916 2979 nullum
938 2914 1118 2979 habendum
1141 2935 1288 2999 magnum
1310 2916 1444 2990 bouum,
1465 2916 1528 2980 uisi
1551 2917 1638 3000 qnod
1659 2936 1733 2980 vere

410 3008 530 3075 laudari
553 3029 610 3073 sua
633 3018 747 3092 sponte
769 3017 895 3091 posset:
917 3045 959 3057 -
980 3007 1032 3072 38.
1054 3011 1094 3073 iis
1115 3010 1280 3083 omnibns,
1303 3009 1369 3073 sive
1390 3010 1423 3073 in
1438 3009 1605 3075 Academia
1627 3018 1733 3075 vetere

410 3124 481 3169 cum
504 3103 699 3189 Speusippo,
729 3104 923 3178 Xenocrate,
953 3104 1122 3166 Polemone
1150 3109 1348 3177 manserunt,
1377 3103 1444 3167 sive
1471 3104 1669 3168 Aristotelem
1702 3112 1735 3169 et

410 3200 679 3282 Theophrastum,
702 3217 773 3260 curn
796 3196 861 3259 illis
882 3205 1093 3280 congruentes
1115 3215 1165 3271 re,
1195 3215 1312 3280 genere
1334 3196 1468 3260 docendi
1490 3198 1620 3280 paulum
1643 3199 1772 3262 dille-io

411 3302 532 3367 rentes,
560 3292 660 3355 secuti
688 3298 777 3364 sunt,
806 3290 888 3364 sive,
915 3300 951 3353 ut
972 3290 1092 3353 Zenoni
1114 3290 1216 3352 visum
1238 3297 1303 3364 est,
1332 3291 1428 3353 rebus
1450 3309 1515 3353 nou
1537 3293 1735 3357 commutatis

412 3387 648 3449 inmutaverunt
676 3384 848 3457 vocabula,
882 3384 950 3446 sive
975 3385 1068 3446 etiam
1098 3383 1254 3447 Aristonis
1284 3380 1444 3447 difficilem
1472 3392 1567 3468 atque
1594 3386 1735 3462 arduam,

412 3480 469 3544 red
497 3481 560 3543 iam
589 3488 694 3542 tamen
722 3477 852 3540 fractam
880 3486 912 3541 et
933 3479 1109 3542 convictam
1132 3485 1249 3540 sectam
1271 3479 1371 3541 secuti
1394 3483 1482 3552 snut,
1511 3485 1548 3542 ut
1568 3480 1735 3544 virtutihus

412 3572 554 3657 exceptis
575 3579 671 3654 atque
693 3572 777 3634 vitiis
799 3579 904 3634 cetera
924 3572 958 3635 iu
980 3589 1102 3634 summa
1124 3571 1316 3653 aequalitate
1338 3578 1507 3654 ponerent,
1528 3571 1568 3635 iis
1591 3574 1736 3637 omnihus

411 3666 507 3740 haec,
530 3684 614 3749 quae
636 3666 720 3739 dixi,
742 3665 926 3746 probentur.
969 3662 1021 3727 39.
1049 3664 1116 3728 Sibi
1139 3672 1246 3727 autem
1267 3663 1460 3747 indulgentis
1483 3673 1515 3728 et
1535 3666 1659 3749 corpori
1682 3666 1774 3729 de-ie

412 3760 581 3823 servientis
602 3767 699 3842 atqua
721 3759 844 3832 omnia,
874 3778 956 3842 quae
978 3766 1154 3843 sequantur
1174 3758 1207 3821 in
1230 3758 1295 3820 vita
1317 3775 1465 3841 quaeque
1485 3752 1621 3843 inhiant,
1648 3760 1737 3824 volu·

412 3853 550 3937 ptatibus
579 3862 611 3916 et
637 3851 803 3915 doloribus
831 3852 1055 3935 ponderantis,
1084 3854 1179 3916 etiam
1207 3851 1233 3914 si
1262 3869 1336 3914 vera
1358 3851 1467 3915 dicunt
1487 3883 1530 3899 -
1550 3853 1630 3917 nihil
1652 3854 1737 3917 euim

413 3966 493 4029 opus
523 3954 572 4009 est
599 3947 659 4010 hoc
690 3946 762 4009 loco
784 3946 893 4009 litibus
915 3982 973 4021 —,
1000 3948 1033 4009 in
1056 3945 1192 4010 hortulis
1214 3945 1280 4007 suis
1302 3945 1468 4008 iubeamus
1490 3944 1613 4020 dicere,
1641 3956 1738 4032 atque

413 4040 508 4103 etiam
537 4041 577 4101 ab
608 4040 695 4103 omni
724 4040 877 4102 societate
903 4040 950 4102 rei
979 4039 1144 4121 publicae,
1171 4039 1261 4101 cuius
1282 4047 1402 4123 partem
1424 4057 1484 4101 uec
1505 4048 1620 4104 norunt
1640 4041 1737 4104 ullam
1837 4080 1845 4100 .

414 4150 519 4215 neque
545 4153 695 4216 umquam
723 4153 817 4196 nosse
840 4131 1026 4206 voluerunt,
1054 4131 1216 4217 paulisper
1237 4131 1393 4197 lacessant
1413 4152 1570 4215 rogemus.
1614 4135 1776 4197 Pomm-eo

480 4366 504 4415 4.
522 4378 579 4416 man
596 4364 628 4416 44ι
645 4391 673 4403 -
691 4364 888 4416 emissenam
911 4391 938 4402 -
962 4378 1020 4415 casn
1036 4364 1085 4416 itii
1105 4390 1133 4401 -
1159 4365 1184 4415 2.
1202 4376 1261 4429 sup.
1280 4365 1325 4429 pai
1340 4365 1367 4415 in
1385 4365 1405 4416 ii
1423 4366 1476 4416 est:
1496 4365 1690 4429 usquemodo·
1711 4393 1738 4404 -

414 4439 476 4503 lepis
492 4439 521 4490 e¹
541 4467 568 4478 -
594 4440 618 4491 4.
637 4441 732 4491 4444444
747 4442 769 4491 A
787 4440 844 4502 (sed
862 4446 903 4492 est
920 4442 974 4491 tota
991 4453 1044 4491 vox
1061 4440 1088 4490 in
1106 4451 1197 4490 rasura
1215 4452 1231 4488 a
1249 4452 1285 4491 m.
1304 4439 1385 4501 recl:
1403 4440 1496 4490 4444444
1511 4437 1550 4503 13¹,
1568 4442 1684 4492 4444444444
1700 4436 1739 4505 13¹,

414 4515 528 4566 4444444444
544 4515 575 4574 ll,
594 4516 755 4578 namucus
771 4514 836 4565 dett.
849 4517 877 4565 et
888 4516 923 4572 0;
942 4516 1048 4566 44444444
1064 4514 1169 4577 iladvig
1185 4514 1283 4578 Opnsc.
1295 4516 1326 4574 11,
1339 4514 1400 4571 tam
1413 4528 1447 4566 an
1459 4516 1579 4566 4444444449
1597 4540 1624 4555 -
1648 4517 1673 4567 7.
1691 4532 1741 4568 aa·

414 4594 536 4641 taraesre
552 4589 710 4643 Lambinus:
728 4595 838 4666 44444444
854 4603 904 4641 csse
921 4590 970 4642 c0
990 4617 1017 4629 -
1036 4590 1061 4642 8.
1073 4589 1123 4641 Ast
1139 4589 1297 4641 Lambinus:
1315 4595 1339 4641 st
1355 4590 1401 4641 C0
1419 4614 1447 4628 —-
1465 4591 1654 4657 mttutraspsi
1671 4593 1691 4644 C
1711 4618 1739 4630 -

414 4684 677 4745 anonvmus,
700 4667 920 4748 „sumemus
947 4710 974 4720 -
1002 4685 1156 4746 rum
1176 4685 1196 4733 A
1220 4681 1342 4747 supin.
1361 4682 1501 4734 seeum.
1528 4710 1553 4723 -
1581 4686 1622 4736 uu
1643 4687 1692 4737 sn
1711 4713 1738 4723 -

416 4759 455 4810 44.
475 4758 747 4822 44444444444444,
766 4753 1052 4820 9444444444ὅῦ-
1074 4757 1740 4825 4ω4444444449αί4ν4444944444444004444

415 4834 435 4883 A
452 4833 627 4898 rs,suseor);
645 4833 804 4884 444444444444
819 4834 875 4884 tare
890 4839 915 4885 et
929 4834 1056 4885 4444444444
1072 4832 1185 4897 iladvig,
1204 4836 1232 4883 ct
1248 4834 1287 4884 sic
1301 4831 1469 4897 Feldhuegel,
1488 4832 1740 4898 sedeamusque,

415 4908 577 4959 4444444444
591 4909 705 4959 4444444444
724 4909 902 4970 mciusdmooe
923 4908 1013 4965 Klotz,
1040 4920 1090 4959 uos
1111 4908 1326 4959 emendationem
1349 4909 1492 4969 4444444444,
1518 4910 1569 4960 iam
1592 4910 1627 4960 ab
1649 4912 1741 4963 Ursino

415 4983 560 5048 prolatam,
584 4984 744 5048 recipientes
761 4981 872 5034 lacunae
889 4985 994 5047 siguum
1012 4984 1164 5048 posuimus,
1188 4995 1257 5047 qnae
1279 4985 1318 5034 sto
1341 4982 1398 5035 tere
1415 4982 1545 5049 explenda
1563 4985 1681 5036 videtur:
1707 4986 1742 5035 ud

415 5060 574 5110 mbtttcadas
591 5060 654 5125 lepor
672 5060 713 5122 [ot.
727 5060 747 5116 l,
760 5056 775 5121 5
786 5059 829 5120 44)
845 5063 869 5108 et
885 5060 920 5109 ad
934 5061 991 5109 44444
1006 5059 1136 5108 4444444444
1150 5059 1254 5121 popalus
1270 5061 1323 5109 ete.
1358 5058 1475 5110 Aliorum
1492 5061 1740 5112 coniecturarum

417 5133 595 5198 ieldhuegelii
607 5136 750 5185 comment,
765 5146 782 5198 p
802 5134 843 5185 46.
864 5161 890 5173 -
911 5134 951 5185 49.
964 5134 1144 5198 ccptsrutash
1163 5159 1191 5171 -
1209 5149 1227 5184 u
1237 5135 1264 5184 in
1271 5134 1458 5197 mumurati
1470 5147 1530 5201 sup.
1541 5133 1586 5186 lin.
1600 5134 1700 5185 babent
1711 5158 1739 5171 -

416 5211 457 5261 44.
476 5212 512 5261 444
527 5208 602 5262 it²iiz
621 5222 663 5261 eos
678 5211 742 5269 AB1,
759 5210 828 5259 4440
847 5235 874 5246 -
892 5213 964 5259 rectu
980 5212 1001 5261 A
1018 5210 1044 5260 in
1061 5221 1115 5261 ras.
1135 5210 1209 5259 mi.
1231 5235 1258 5246 -
1276 5210 1433 5272 capectouda
1449 5211 1495 5259 AB
1515 5236 1542 5247 -
1561 5212 1687 5260 4444444444
1705 5211 1741 5261 c:

417 5285 1326 5349 ammo-tt.aururuA-ie.tussmpous,1a-
1353 5282 1597 5345 tumuerint,
1619 5285 1739 5336 4440-

417 5362 562 5412 acodsmtcu
578 5362 616 5422 Bt,
635 5361 834 5411 4444444444
853 5387 881 5398 -
906 5360 946 5410 49.
965 5373 1041 5423 quom
1055 5360 1187 5423 puusippu
1203 5362 1234 5418 A,
1252 5360 1379 5433 qoomtpss
1394 5360 1484 5423 ustppu
1501 5356 1529 5410 1³¹
1548 5386 1574 5396 -
1592 5362 1744 5415 maneria

418 5439 439 5485 A
457 5436 507 5496 (ris
524 5437 550 5488 ln
567 5438 644 5497 ras),
667 5436 794 5484 4444444444
810 5436 829 5484 B
847 5448 916 5485 corr.
935 5448 967 5485 er
984 5447 1121 5485 mum
1146 5461 1173 5473 -
1200 5435 1242 5484 2⁰.
1260 5448 1318 5485 mss
1333 5435 1372 5485 4444
1387 5435 1423 5495 li,
1441 5435 1502 5484 drsn
1516 5434 1566 5484 44444
1583 5435 1646 5497 (illos
1662 5437 1742 5497 corr.)

418 5509 463 5559 AB
482 5535 510 5546 -
529 5523 557 5560 rs
572 5511 771 5575 cormacco
798 5536 824 5547 -
852 5510 1206 5574 cosmum-differentis
1221 5508 1290 5561 A¹B¹
1309 5535 1337 5548 -
1360 5523 1389 5561 rs
1404 5522 1493 5575 assere
1508 5511 1529 5559 A
1547 5510 1572 5560 tn
1590 5522 1642 5559 ras.
1661 5509 1744 5561 habet

420 5609 447 5621 -
466 5585 508 5635 94.
526 5585 621 5635 mose
637 5584 701 5646 Aia,
723 5585 863 5635 smostrll
891 5613 919 5624 -
945 5586 1103 5636 conmutatis
1120 5585 1156 5637 ll:
1179 5586 1364 5636 conmmttcttr
1378 5586 1417 5645 11¹,
1435 5585 1624 5635 ommium
1640 5581 1696 5635 AB²
1713 5609 1740 5622 -

418 5660 459 5710 ti.
477 5662 574 5711 tremat.
594 5661 640 5711 Bo
669 5686 695 5696 -
722 5660 764 5711 23.
781 5661 835 5709 iam
850 5664 913 5720 [non
924 5661 985 5723 44444)
1002 5667 1086 5712 tuneo
1103 5661 1219 5711 ellantii
1246 5686 1274 5697 -
1301 5662 1441 5711 cmotctmn
1456 5664 1548 5710 metam
1565 5661 1593 5709 et
1609 5659 1648 5710 44,
1662 5666 1744 5711 cetere

418 5736 482 5786 Ain
500 5748 554 5786 ras.
573 5734 655 5786 habet
671 5736 745 5785 mh.
767 5762 794 5774 -
818 5733 982 5796 44444444,
1000 5737 1106 5787 444440
1126 5762 1153 5773 -
1171 5736 1213 5787 as.
1231 5736 1407 5794 boscumll,
1425 5733 1544 5784 bucAB¹
1564 5760 1591 5770 -
1608 5735 1744 5797 probentur

418 5809 571 5862 Turnebus:
596 5810 738 5874 probantur
754 5810 804 5860 CO
831 5838 858 5848 -
884 5811 1484 5875 intumentes·-deresntcotcs-·pcuderaotes
1499 5807 1629 5860 A¹e²iio
1648 5838 1675 5849 -
1699 5812 1741 5863 28.

418 5886 501 5937 dicare
516 5887 551 5937 C:
569 5886 679 5937 44444444
695 5886 851 5936 ciacconius
867 5912 901 5924 -
916 5885 957 5936 29.
976 5887 1065 5950 panim
1081 5882 1140 5937 u¹ii
1158 5912 1185 5924 —
1203 5887 1300 5937 44444444
1315 5884 1353 5948 8¹,
1371 5885 1480 5937 44444444
1508 5907 1536 5921 -
1564 5884 1605 5935 30.
1622 5898 1743 5947 uitiosum

419 5960 476 6010 Ae:
495 5960 1092 6024 sumu-{acerumiizmstscae
