4342 7459
443 1224 506 1291 198
941 1227 995 1291 DE
1015 1227 1283 1292 DIVINATIONE

446 1394 593 1475 scriptum
623 1391 656 1453 in
683 1386 815 1450 historia
837 1394 885 1450 est
905 1387 1115 1451 Hamilcarem
1137 1388 1449 1471 Karthaginiensem,
1479 1409 1550 1453 cum
1574 1396 1775 1477 oppugnant

447 1489 631 1572 Syracusas,
658 1483 760 1545 visum
784 1503 853 1545 esse
874 1484 985 1545 audire
1007 1503 1117 1546 vocem
1140 1504 1174 1546 se
1202 1483 1356 1565 postridie
1378 1493 1562 1549 cenaturum
1586 1487 1774 1569 Syracusis:

446 1603 516 1645 eum
546 1588 651 1642 autem
678 1578 706 1639 is
727 1578 797 1639 dies
818 1577 1003 1651 inluxisset,
1033 1597 1178 1659 magnam
1200 1577 1390 1642 seditionem
1411 1579 1444 1641 in
1467 1580 1578 1642 castris
1600 1581 1669 1643 eius
1691 1582 1776 1644 inter

444 1677 566 1739 Poenos
588 1680 620 1736 et
641 1670 767 1735 Siculos
790 1671 905 1733 milites
927 1690 997 1734 esse
1020 1671 1153 1734 iactam:
1176 1672 1260 1754 quod
1284 1692 1354 1734 cum
1378 1674 1553 1736 sensissent
1575 1674 1775 1756 Syracusani,

419 1769 605 1853 sinproviso
629 1785 685 1828 eos
706 1765 740 1827 in
762 1773 864 1827 castra
885 1765 1043 1848 inrupisse
1065 1765 1340 1848 Hamilcaremque
1361 1766 1401 1829 ab
1422 1767 1461 1829 iis
1480 1768 1584 1829 rivum
1607 1787 1679 1830 esse
1701 1768 1777 1831 sub-

444 1864 550 1927 latum.
586 1862 633 1923 Ita
659 1879 710 1922 res
739 1859 896 1921 somnium
925 1860 1142 1942 conprobavit.
1181 1860 1278 1922 Plena
1307 1860 1526 1941 exemplorum
1555 1868 1604 1923 est
1630 1860 1776 1935 historia,

444 1967 508 2022 tuna
536 1954 653 2020 referta
682 1954 749 2016 vita
777 1953 962 2015 communis.
1006 1949 1057 2015 5l.
1079 1957 1121 2016 At
1148 1973 1223 2016 vero
1245 1956 1279 2016 P.
1300 1954 1418 2017 Decius
1439 1955 1511 2027 ille,
1542 1954 1655 2030 Quinti
1678 1954 1776 2028 lilius,

445 2054 501 2137 qui
522 2052 642 2136 primus
664 2069 682 2111 e
703 2047 810 2110 Deciis
832 2047 942 2110 consul
965 2046 1041 2119 luit,
1064 2067 1135 2110 cum
1158 2056 1244 2110 esset
1264 2050 1411 2111 tribunus
1432 2048 1569 2112 militum
1586 2049 1629 2109 bl.
1645 2048 1775 2111 Valerio

442 2147 524 2210 holo
549 2141 695 2209 Cornelio
719 2139 906 2203 oonsulibus
927 2159 946 2202 a
968 2141 1224 2223 Samnitibusque
1254 2149 1452 2224 premeretur
1472 2149 1580 2206 noster
1602 2139 1774 2216 exercitus,

404 2251 513 2303 locum
535 2236 677 2321 pericula
699 2235 891 2318 proeliorum
918 2235 1013 2297 iniret
1034 2234 1184 2298 audacius
1207 2243 1455 2319 monereturque
1477 2246 1513 2299 ut
1534 2237 1657 2299 cautior
1678 2246 1774 2311 esset,

441 2334 536 2405 dixit,
558 2328 643 2415 quod
666 2338 755 2393 extat
775 2330 806 2391 in
830 2329 1014 2391 annalibus:
1044 2330 1103 2391 sibi
1125 2329 1159 2390 in
1181 2331 1299 2392 somnis
1322 2329 1423 2394 risum
1446 2350 1532 2404 esse,
1555 2332 1683 2393 cunin
1707 2350 1774 2394 me·

441 2427 501 2489 diis
523 2426 669 2488 hostibus
690 2430 885 2496 versaretur,
915 2422 1060 2486 occidere
1082 2441 1153 2485 cum
1177 2443 1326 2486 maxuma
1347 2423 1457 2506 pluria.
1490 2426 1531 2488 Et
1552 2434 1617 2488 turn
1640 2425 1773 2508 quiden

439 2520 610 2584 incolumis
631 2518 806 2581 exercitum
826 2516 992 2580 obsidione
1007 2517 1172 2580 liberavit:
1194 2524 1266 2600 post
1279 2519 1451 2581 triennium
1467 2527 1588 2594 autem,
1611 2539 1682 2584 eum
1697 2540 1774 2583 con·

440 2615 489 2679 sul
512 2622 609 2684 esset,
632 2612 759 2674 devovit
781 2632 815 2674 se
838 2618 871 2675 et
892 2613 924 2673 in
946 2612 1046 2674 aciem
1068 2603 1254 2673 Latinorum
1275 2612 1399 2695 inrupit
1420 2621 1569 2676 armatus.
1606 2614 1680 2689 Quo
1702 2614 1774 2678 eins

403 2709 522 2772 astaco
550 2707 691 2788 superati
722 2714 796 2767 suut
825 2714 857 2768 et
883 2704 978 2768 deleti
1006 2706 1123 2768 Latini.
1160 2705 1257 2768 Cuius
1287 2724 1372 2769 mors
1400 2707 1442 2769 ita
1471 2707 1608 2788 gloriosa
1630 2707 1708 2782 luit,
1737 2715 1775 2771 ut

440 2802 573 2867 eandem
604 2800 844 2881 concupisceret
869 2796 965 2861 lilius.
1016 2795 1068 2860 52.
1099 2798 1161 2861 Sed
1189 2798 1354 2862 veniamus
1383 2820 1483 2875 nuno,
1518 2802 1546 2864 si
1575 2802 1698 2884 placet,
1731 2801 1773 2865 ad

438 2897 562 2960 somnia
583 2894 857 2977 philosophorum.

522 2989 622 3051 XXV.
650 2989 707 3048 Est
726 2985 811 3069 apud
834 2986 995 3049 Platonem
1019 2987 1182 3061 Socrates,
1210 3007 1282 3051 cum
1304 2995 1390 3052 esset
1410 2988 1444 3051 in
1468 2986 1612 3052 custodia
1634 2988 1772 3071 publica,

438 3085 548 3149 dicens
571 3082 690 3146 Critoni
721 3101 781 3143 suo
811 3080 959 3143 familiari
987 3081 1047 3143 sibi
1082 3088 1156 3164 post
1183 3083 1310 3145 tertium
1336 3083 1420 3146 diem
1450 3103 1521 3146 esse
1551 3082 1772 3145 moriendum:

400 3180 555 3244 ”vidisse
577 3195 611 3239 se
633 3176 665 3238 in
690 3174 808 3238 somnis
830 3172 1065 3257 pulchritudine
1089 3174 1206 3237 eximia
1227 3174 1392 3247 feminam,
1415 3195 1498 3258 quae
1521 3195 1555 3239 se
1569 3177 1700 3239 nomine
1715 3194 1773 3259 ap·

438 3273 562 3357 pallane
584 3270 703 3332 diceret
723 3268 926 3331 Ilomericum
949 3268 1110 3350 quenda·
1133 3268 1310 3332 eiusmodi
1335 3263 1483 3333 versum:

563 3365 705 3427 Tertia
726 3371 764 3425 te
786 3360 950 3425 Phthiae
974 3370 1198 3445 tempestas
1220 3363 1327 3426 laeta
1350 3365 1514 3428 locabit.

439 3461 548 3539 Quod,
570 3468 607 3521 ut
628 3467 677 3521 est
698 3456 832 3528 dictum,
862 3457 907 3520 sic
928 3457 1079 3519 scribitur
1102 3458 1285 3540 contigisse.
1322 3458 1502 3540 Xenophon
1526 3458 1707 3523 Socraticas
1728 3492 1771 3506 -

438 3555 491 3637 qui
514 3555 563 3617 sir
582 3560 615 3615 et
636 3551 795 3634 quantusl
818 3583 861 3595 —
887 3550 919 3612 in
942 3569 980 3613 ea
1001 3551 1131 3625 militia,
1155 3571 1220 3634 qua
1241 3572 1312 3614 cunr
1336 3552 1419 3635 Cyro
1442 3554 1563 3615 minore
1585 3552 1770 3635 perfunctus

400 3655 502 3723 sest,
525 3668 582 3710 sua
597 3646 706 3709 scribit
720 3645 859 3717 somnia,
874 3665 1008 3727 quorum
1025 3652 1158 3707 eventus
1173 3646 1333 3708 mirabiles
1347 3648 1545 3709 exstiterunt.
1573 3644 1625 3709 53.
1641 3647 1769 3711 Mentiri

438 3742 681 3824 Xenophontem
702 3757 743 3800 an
766 3738 901 3800 delirare
923 3737 1089 3800 dicemus?
1120 3737 1230 3813 Quidt
1251 3738 1402 3820 singulari
1425 3739 1473 3800 rir
1495 3740 1624 3821 ingenio
1647 3741 1769 3803 Aristo·

437 3840 517 3904 tales
540 3844 570 3898 et
591 3851 693 3916 paene
715 3830 822 3893 divino
845 3832 954 3910 ipsene
977 3837 1059 3893 errat
1079 3850 1120 3893 an
1141 3831 1222 3895 alios
1245 3833 1314 3894 vult
1336 3852 1458 3905 errare,
1480 3852 1552 3895 cum
1575 3832 1687 3895 scribit
1707 3834 1771 3897 Eu·

438 3934 564 3996 demum
587 3926 754 4009 Cyprium,
775 3923 961 3987 familiarem
978 3945 1088 3998 suurn,
1110 3927 1170 3989 iter
1184 3926 1217 3987 in
1232 3926 1451 3989 Macedoniam
1466 3924 1636 3990 facientem
1652 3927 1770 3991 Pheras

438 4028 576 4096 venisse,
599 4039 680 4105 quae
702 4027 771 4081 erat
785 4020 860 4081 urbs
875 4020 908 4081 in
924 4019 1088 4081 Thessalia
1103 4029 1168 4083 tum
1186 4019 1356 4083 admodum
1372 4020 1506 4093 nobilis,
1529 4021 1568 4083 ab
1583 4021 1768 4086 Alexandro

400 4128 542 4184 maulam
565 4125 698 4200 tyranno
722 4113 840 4175 crudeli
860 4113 1024 4175 dominatu
1047 4115 1231 4176 tenebatur:
1255 4115 1287 4174 in
1310 4134 1349 4174 eo
1372 4114 1469 4194 igitur
1489 4114 1609 4196 oppido
1632 4116 1676 4176 ita
1699 4134 1770 4197 gra·

438 4215 518 4277 viter
539 4230 669 4293 aegrum
690 4208 867 4270 Eudemum
890 4207 1004 4279 fuisse,
1027 4215 1061 4268 ut
1084 4226 1195 4269 omnes
1218 4207 1331 4269 medici
1346 4206 1547 4269 diffiderent:
1569 4208 1599 4268 ei
1614 4208 1718 4269 risun
1736 4210 1768 4271 in

438 4310 544 4393 quiete
566 4305 692 4387 egregia
713 4302 794 4363 facie
817 4303 962 4363 iuvenem
986 4301 1092 4363 dicere
1114 4301 1182 4363 fore
1206 4309 1239 4362 ut
1255 4301 1398 4382 perbrevi
1417 4300 1668 4374 convalesceret,
1692 4324 1770 4385 pau-

438 4403 549 4482 cisque
572 4397 684 4459 diebus
703 4397 901 4457 interiturum
917 4394 1130 4456 Alexandrum
1147 4403 1329 4477 tyrannum,
1352 4396 1455 4476 ipsum
1467 4403 1574 4468 autem
1591 4397 1768 4462 Eudemum

439 4492 659 4578 quinquennio
681 4497 753 4570 post
775 4489 902 4551 domum
926 4508 996 4549 esse
1012 4487 1193 4549 rediturum.
1228 4490 1331 4569 Atque
1347 4489 1391 4549 ita
1407 4488 1535 4570 quidem
1551 4489 1650 4570 prima
1666 4494 1769 4555 statim

400 4589 547 4653 soscrihit
568 4584 752 4647 Aristoteles
776 4590 962 4656 consecuta,
985 4589 1017 4643 et
1039 4581 1240 4643 convaluisse
1262 4583 1436 4644 Eudemum
1460 4590 1492 4644 et
1513 4582 1552 4643 ab
1575 4584 1685 4645 uxoris
1706 4584 1770 4646 sra-

438 4682 539 4744 tribus
557 4678 756 4743 interiectum
773 4683 959 4758 tyrannum:
983 4675 1095 4757 quinto
1110 4684 1216 4738 autem
1232 4695 1316 4737 anno
1334 4683 1487 4750 exeunte,
1510 4696 1580 4737 curn
1596 4685 1681 4740 esset
1696 4697 1769 4761 spes

438 4793 478 4836 ex
500 4774 556 4836 illo
579 4771 718 4843 somnio,
740 4771 773 4832 in
797 4770 933 4853 Cyprum
957 4769 1044 4831 illum
1068 4790 1109 4831 ex
1132 4769 1240 4831 Sicilia
1256 4789 1325 4830 csse
1345 4769 1537 4840 rediturum,
1561 4769 1768 4849 proeliantem

439 4887 510 4930 eum
534 4865 575 4928 ad
597 4866 767 4948 Syracusas
790 4865 966 4927 occidisse:
993 4883 1033 4925 ex
1055 4883 1119 4944 quo
1142 4864 1186 4925 ita
1208 4863 1287 4925 illud
1310 4864 1466 4926 somnium
1490 4883 1560 4925 esse
1581 4866 1769 4948 iuterpreta-

504 5099 526 5145 t.
549 5098 759 5159 Korthtncnsem
776 5097 812 5155 ll,
836 5096 1044 5159 cortoqs'nicnsem
1062 5096 1119 5154 AV,
1143 5097 1358 5159 carthaginensem
1376 5096 1393 5145 B
1420 5123 1445 5132 -
1473 5098 1498 5144 t.
1517 5103 1683 5148 coeuntes-uss
1699 5101 1720 5149 0
1739 5124 1766 5136 -

437 5171 461 5222 3.
480 5172 619 5221 luctsscth
646 5197 673 5206 -
702 5169 875 5232 l.pcersosll
900 5197 926 5207 -
951 5172 1114 5221 sentisseotss
1140 5198 1166 5208 -
1190 5173 1214 5222 c.
1234 5172 1385 5221 obbtsltll
1410 5198 1436 5207 -
1463 5172 1672 5222 tamencum
1690 5173 1720 5224 h¹
1739 5200 1766 5212 ·-

436 5246 548 5307 mnsplo
565 5250 600 5295 cst
618 5242 655 5301 8¹,
674 5249 709 5294 est
726 5244 929 5306 memptcromlt
949 5270 975 5280 -
995 5246 1019 5295 7.
1039 5246 1100 5306 tum]
1117 5247 1207 5295 eumll
1228 5274 1255 5283 -
1273 5246 1407 5296 dsciutsll
1429 5272 1455 5282 -
1474 5248 1580 5307 quintis
1597 5248 1616 5296 B
1636 5274 1662 5285 -
1683 5248 1769 5310 &suit

436 5322 521 5370 consul
538 5320 556 5369 Β
577 5347 603 5357 -
622 5321 707 5369 consol
724 5323 753 5369 At
770 5346 803 5355 -
820 5320 844 5368 9.
864 5320 932 5368 nulio
949 5320 971 5366 V
990 5346 1016 5355 —
1037 5320 1136 5369 console
1151 5321 1260 5371 comalio
1278 5324 1299 5371 ll
1318 5346 1344 5358 ·-
1366 5322 1406 5370 ld.
1423 5322 1579 5382 proeliorum
1596 5323 1617 5372 ll
1636 5347 1663 5359 -
1683 5324 1768 5373 medo-

435 5397 485 5446 tius
501 5400 536 5453 Α,
561 5396 664 5445 edoctus
681 5396 703 5444 ll
720 5422 753 5431 -
770 5401 815 5443 out
831 5397 932 5444 caunos
949 5395 970 5444 tl
990 5420 1016 5430 -
1046 5396 1087 5445 ts.
1106 5405 1252 5446 uersaretur
1268 5396 1375 5445 hostibus
1392 5394 1423 5445 ll¹
1443 5421 1469 5430 -
1496 5396 1536 5445 ⁴3.
1554 5397 1673 5447 liberauit
1688 5402 1720 5448 Αι
1739 5423 1765 5435 -

436 5470 476 5520 ts.
496 5472 593 5532 cpssa
620 5496 645 5506 ··
670 5471 711 5518 20.
731 5470 822 5519 eximie
840 5471 860 5517 Α
879 5494 905 5504 -
931 5470 972 5517 22.
987 5470 1089 5530 pirithoe
1107 5472 1141 5529 ll,
1161 5473 1264 5532 pvtbloc
1280 5473 1333 5529 AV,
1355 5471 1452 5532 pptbclc
1469 5472 1488 5520 B
1508 5496 1534 5505 -
1554 5473 1650 5521 locauit
1664 5470 1719 5521 ΑΨ
1738 5496 1764 5507 -·

435 5544 475 5593 23.
495 5550 523 5593 ut
540 5549 574 5592 cst
592 5543 635 5589 va:
660 5551 695 5594 est
711 5545 811 5602 A8V1,
834 5545 924 5593 ciusll
951 5570 977 5579 -
1005 5543 1045 5593 Sl.
1064 5547 1132 5594 mico
1150 5546 1180 5595 Αι
1200 5573 1224 5581 -
1250 5549 1291 5596 25.
1309 5546 1454 5595 scrtbcroll
1479 5571 1506 5581 -
1531 5547 1571 5596 26.
1590 5546 1633 5609 oss]
1651 5548 1716 5596 issll
1737 5571 1764 5583 -

434 5619 476 5668 tr.
496 5621 556 5682 post
571 5619 657 5668 scribit
675 5622 700 5669 in
719 5621 737 5668 B
755 5619 824 5667 duae
842 5616 944 5667 litterae
962 5632 1064 5676 erasae,
1084 5622 1148 5670 ilem
1165 5634 1196 5669 su
1213 5623 1238 5670 in
1257 5634 1309 5671 ras.
1330 5648 1355 5655 -
1376 5622 1417 5675 28.
1434 5621 1595 5681 [otmunt
1616 5646 1641 5657 -
1661 5621 1702 5672 st.
1715 5621 1766 5681 ‹lis-

432 5695 647 5756 mumma
667 5721 695 5731 -
714 5695 810 5744 msam
828 5692 857 5739 V¹
880 5719 908 5729 -
933 5695 972 5743 32.
992 5697 1095 5757 aspreta
1110 5696 1172 5757 sotio
1188 5699 1209 5746 Α
1228 5721 1255 5730 -
1271 5696 1466 5756 perbreus'tsrll
1490 5720 1518 5732 -
1543 5695 1583 5746 bl.
1601 5697 1641 5744 ito
1656 5696 1691 5745 C:
1715 5698 1765 5745 isto

436 5771 506 5818 Aer
525 5781 611 5828 corr..
629 5770 675 5819 ttto
692 5768 767 5819 llalm
796 5791 823 5804 -
852 5766 892 5816 35.
911 5771 1043 5818 aristotelis
1060 5771 1107 5820 AV
1135 5796 1161 5805 -
1189 5771 1413 5832 suprasolarem
1430 5770 1479 5820 AV
1509 5796 1536 5807 -
1563 5770 1603 5821 38.
1622 5770 1716 5819 tituta
1735 5794 1762 5806 -

434 5844 580 5894 sonmomll
599 5870 626 5881 -
645 5843 845 5907 immoratum]
863 5844 931 5894 hanc
949 5848 1082 5908 passivam
1099 5847 1177 5897 huius
1195 5847 1270 5895 verbi
1288 5847 1341 5896 vim
1358 5847 1465 5909 respIcit
1478 5843 1575 5896 Gellius
1587 5845 1641 5906 XV,
1652 5844 1694 5905 ta,
1710 5855 1764 5907 quo

436 5920 531 5971 eadem
549 5924 574 5970 vt
592 5922 705 5972 verbum
722 5922 836 5972 recurrit
860 5921 884 5982 l,
902 5920 986 5984 5⁴⁴8·
1008 5948 1034 5957 -
