4342 7459
688 1250 754 1316 n..
777 1249 815 1312 v.
843 1246 919 1312 on.
940 1244 1213 1311 xxv-nuru.
1240 1239 1287 1326 ss
1308 1188 1457 1306 ’τω-το.
1672 1230 1730 1308 att

406 1414 455 1480 En
484 1431 548 1497 qua
576 1429 647 1476 cum
674 1428 797 1476 summa
824 1406 944 1472 utilitas
966 1405 1075 1470 existit
1095 1404 1135 1468 ud
1157 1421 1208 1468 ros
1235 1399 1472 1485 ponderandas,
1493 1404 1561 1472 tuna
1589 1417 1736 1470 maxum

406 1509 544 1591 ingenua
568 1505 736 1569 delectatio
758 1512 790 1565 et
811 1500 907 1585 digna
928 1498 1094 1584 sapientia.
1127 1497 1190 1561 Sed
1212 1496 1292 1560 haec
1305 1497 1373 1560 otii.
1406 1497 1559 1571 Traneeat
1575 1495 1661 1562 idem
1674 1496 1737 1569 iate

406 1603 534 1685 sapiens
556 1599 595 1664 ad
616 1618 685 1663 rem
707 1597 866 1681 publicam
888 1593 1047 1658 brendam.
1077 1592 1162 1668 Quid
1177 1611 1216 1655 eo
1230 1592 1331 1676 possit
1345 1610 1416 1654 esse
1429 1589 1652 1672 praestantius,
1665 1609 1737 1654 cnm

406 1694 577 1778 prudentia
604 1692 774 1755 utilitatem
802 1689 919 1753 civium
940 1694 1064 1761 cernat,
1095 1685 1217 1750 inantia
1242 1684 1321 1749 nihil
1342 1685 1377 1747 in
1397 1704 1488 1748 suam
1509 1685 1639 1750 domum
1661 1683 1737 1748 inde

407 1787 542 1861 derivet,
571 1785 704 1868 reliquis
733 1792 840 1852 utatur
868 1790 916 1847 tot
942 1791 1006 1844 tam
1029 1780 1189 1864 variisque
1210 1779 1403 1843 vinutibust
1433 1779 1579 1861 Adiunge
1599 1776 1761 1844 fructnmr

406 1880 631 1953 amicitiarum,
654 1880 687 1942 in
710 1899 775 1963 quo
797 1878 899 1941 doctis
922 1876 1059 1958 positum
1082 1882 1131 1938 est
1150 1892 1223 1937 cum
1244 1872 1413 1938 consilium
1435 1874 1539 1938 omnia
1556 1873 1642 1939 ritae
1663 1893 1738 1944 oon·

407 1975 548 2048 Μὴν
573 1982 606 2038 et
633 1993 735 2057 paene
764 1970 965 2052 conspirans,
993 1978 1058 2032 tum
1081 1986 1203 2032 summa
1224 1965 1404 2031 iucunditas
1426 1987 1444 2031 e
1470 1965 1631 2032 cotidiano
1652 1965 1739 2041 cultu

408 2075 505 2152 atque
520 2068 617 2132 victu.
648 2066 734 2141 Quid
749 2066 828 2129 haec
843 2064 971 2128 tandem
987 2063 1049 2125 vita
1065 2059 1225 2125 desiderat
1238 2080 1302 2145 quo
1317 2061 1359 2127 ait
1371 2061 1515 2127 beatior?
1537 2061 1589 2126 cni
1603 2060 1739 2130 rotoma

408 2170 455 2226 tot
483 2162 645 2246 tantisque
667 2159 791 2242 gaudiis
812 2157 939 2221 fortuna
968 2157 1039 2239 ipsa
1060 2154 1152 2220 cedat
1172 2175 1304 2220 necesso
1326 2164 1385 2224 est.
1421 2155 1515 2231 Quod
1544 2156 1572 2220 si
1599 2155 1739 2239 gaudere

409 2255 524 2320 talibus
545 2255 639 2318 bonis
661 2254 776 2325 animi,
806 2252 839 2315 id
861 2260 910 2314 est
932 2249 1117 2323 virtutibus,
1145 2248 1275 2314 beatum
1296 2255 1359 2324 est,
1381 2268 1556 2334 omnesque
1577 2250 1777 2334 sapientaato

408 2348 457 2414 his
489 2348 615 2431 gaudiis
644 2347 866 2432 pertruuntur,
895 2344 1000 2408 omnis
1027 2364 1082 2407 eos
1114 2342 1223 2406 beatos
1251 2362 1321 2406 esse
1347 2339 1492 2408 confiteri
1520 2364 1652 2410 neceam
1680 2352 1739 2410 est.

293 2523 300 2529 ᾗ
410 2441 523 2506 XXVI.
552 2438 605 2504 73.
632 2443 669 2505 Α.
700 2442 846 2504 Etiamne
875 2439 908 2502 in
941 2438 1082 2501 cruciatu
1111 2446 1207 2519 atqua
1242 2437 1434 2501 tormentist
1473 2438 1516 2502 Μ.
1547 2440 1599 2503 An
1625 2446 1661 2503 tu
1688 2458 1740 2514 aaa

410 2534 443 2598 in
464 2534 549 2597 viola
571 2535 706 2617 putabas
728 2543 785 2600 ant
805 2535 839 2597 in
860 2552 933 2597 rosa
955 2532 1083 2595 diceret
1114 2531 1164 2593 An
1184 2530 1334 2613 Epicuro,
1356 2532 1411 2615 qui
1432 2539 1554 2598 tantum
1574 2533 1670 2599 modo
1691 2535 1741 2608 te·

410 2614 481 2694 dnit'
500 2648 668 2710 personam
691 2627 874 2712 philosophi
893 2632 925 2690 ot
939 2626 1000 2689 sibi
1015 2626 1082 2709 ipse
1095 2624 1157 2689 hoc
1172 2644 1288 2689 nomen
1303 2624 1481 2708 inscripsit,
1504 2625 1609 2692 dicere
1623 2627 1741 2705 licebit,

410 2724 495 2807 qnod
518 2724 663 2807 quidem,
694 2730 730 2786 ut
751 2721 847 2786 habet
867 2741 902 2785 so
925 2739 990 2795 rea,
1020 2739 1069 2781 me
1098 2727 1204 2782 tamon
1231 2718 1402 2803 plaudente
1422 2719 1516 2796 dicit,
1545 2719 1668 2786 nullum
1690 2734 1778 2790 tanta

411 2817 508 2900 pienti
532 2835 603 2880 eoae
625 2826 765 2898 tempus,
789 2815 883 2879 etiarn
906 2814 933 2877 si
955 2821 1074 2885 uratur,
1098 2820 1298 2896 torqueatur,
1320 2819 1454 2890 secetur,
1476 2815 1555 2896 quin
1570 2816 1673 2898 possit
1686 2836 1742 2880 ex·

409 2911 560 2976 clamare:
584 2909 709 2984 «Quam
733 2929 790 2991 pro
813 2907 914 2974 nihilo
936 2908 1061 2991 putot»
1085 2927 1159 2970 cum
1181 2907 1367 2987 praesertim
1388 2926 1483 2971 omne
1497 2908 1616 2976 malum
1630 2909 1742 2982 dolore

411 3002 555 3078 definiat,
581 3004 700 3067 bonum
724 3003 901 3085 voluptate,
926 3001 1005 3063 haec
1028 3009 1135 3064 nostra
1156 3000 1291 3064 honesta
1312 3001 1417 3083 turpia
1438 2999 1575 3069 inrideat
1595 3004 1742 3089 dicatqrm

412 3119 470 3163 noa
490 3099 525 3162 in
545 3097 678 3159 vocibus
700 3104 873 3179 occupatos
894 3095 998 3158 inanis
1020 3114 1116 3159 sonos
1137 3095 1287 3169 fundere,
1308 3115 1415 3179 neque
1436 3096 1608 3179 quicquam
1626 3095 1743 3164 adnot

411 3193 569 3276 pertinere
592 3190 652 3254 nisi
675 3189 763 3274 qnod
784 3197 841 3253 aut
859 3189 929 3253 leve
943 3197 998 3252 aut
1010 3207 1158 3270 asperum
1175 3189 1207 3252 in
1223 3209 1358 3272 corpore
1372 3190 1543 3254 sentiatura
1564 3191 1641 3256 huic
1653 3209 1778 3274 σηοω

411 3295 445 3350 ut
467 3285 552 3358 dixi,
574 3303 641 3347 non
662 3284 794 3348 multum
818 3281 977 3345 dillersnti
999 3302 1018 3344 a
1043 3282 1164 3346 iudicio
1184 3283 1323 3349 terarum
1344 3284 1487 3349 oblivisci
1508 3284 1618 3352 licebit
1638 3286 1689 3350 ani
1709 3294 1744 3354 at

411 3390 477 3445 tnm
503 3379 664 3444 fortunam
694 3386 913 3452 contemnere,
943 3396 1015 3459 cqm
1045 3378 1086 3440 sit
1107 3397 1202 3441 omne
1223 3386 1256 3441 et
1282 3377 1400 3442 bonnm
1423 3377 1492 3442 cius
1513 3387 1547 3443 et
1570 3379 1689 3445 malum
1709 3380 1744 3444 in

412 3482 568 3558 potestate
590 3474 752 3545 fortunae,
775 3473 840 3534 tum
863 3470 969 3534 dicere
991 3491 1026 3534 se
1048 3471 1174 3535 beatum
1197 3472 1231 3534 in
1252 3492 1376 3538 summo
1398 3474 1539 3540 cruciatu
1560 3481 1657 3558 atquc
1677 3482 1744 3542 ton·

412 3571 543 3643 mentis,
565 3588 637 3631 cnm
660 3565 861 3629 constituerit
881 3585 946 3628 non
969 3565 1064 3629 modo
1085 3586 1244 3629 summum
1267 3566 1384 3631 malum
1405 3587 1477 3634 esse
1499 3567 1660 3643 dolorem,
1685 3566 1744 3632 sed

412 3664 506 3727 etiam
529 3660 657 3726 solunt
692 3655 744 3721 lt.
766 3661 831 3721 Nec
854 3680 930 3723 vero
951 3660 1006 3722 illa
1028 3658 1089 3724 sibi
1110 3660 1249 3724 remedia
1270 3662 1463 3744 comparavit
1482 3661 1522 3726 ad
1545 3662 1782 3729 tolerandum

411 3757 568 3829 dolorem,
592 3751 770 3817 firmitatem
785 3754 893 3827 animi,
917 3754 1124 3835 turpitudinis
1139 3752 1372 3830 communiam,
1393 3757 1652 3824 exercitationem
1667 3777 1746 3830 con·

412 3847 677 3930 suetudinemque
692 3846 844 3928 patiendi,
868 3843 1047 3929 [praecepte
1060 3844 1280 3931 fortitudinia]
1296 3849 1444 3916 duritiam
1459 3850 1593 3927 virilem,
1608 3850 1665 3918 sad
1680 3871 1745 3922 nna

413 3965 447 4009 ae
469 3943 549 4008 dicit
569 3939 789 4006 recordatione
817 3940 1024 4025 adquiescere
1054 3942 1292 4025 praeteritarum
1314 3944 1528 4027 voluptatum,
1556 3954 1594 4010 nt
1621 3946 1745 4031 arquis

413 4050 578 4109 aestuans,
609 4055 681 4099 oum
708 4034 770 4098 vim
798 4036 914 4099 coloris
936 4055 1003 4099 non
1024 4034 1118 4099 lacilc
1138 4036 1292 4117 patiatur,
1317 4038 1477 4104 recordari
1498 4040 1575 4105 relit
1594 4060 1666 4106 scae
1686 4040 1746 4106 ali·

415 4132 542 4217 qnando
572 4132 604 4193 in
633 4130 778 4212 Arpinati
807 4138 918 4192 nostro
944 4128 1058 4211 gelidis
1080 4129 1263 4194 huminibus
1284 4130 1509 4198 circumfusum
1530 4133 1640 4200 luisse.
1673 4136 1783 4199 Nontt

414 4229 499 4292 enim
523 4225 624 4298 video,
648 4244 713 4306 qno
736 4222 832 4285 modo
855 4222 967 4286 sedare
989 4223 1113 4306 possint
1134 4224 1217 4287 mah
1237 4228 1419 4309 praesentia
1447 4230 1634 4310 praeteritae
1656 4229 1745 4294 rolu-

414 4330 526 4404 ptatcs.
562 4318 614 4382 75.
638 4318 699 4380 Sed
723 4338 793 4381 cnm
817 4318 844 4379 is
866 4317 951 4380 dicat
972 4336 1097 4398 semper
1118 4317 1245 4382 beatum
1268 4341 1340 4385 esse
1362 4322 1548 4403 sapientem,
1572 4324 1624 4386 cui
1639 4324 1745 4388 dicere

414 4414 489 4488 hoo,
512 4415 539 4477 ai
561 4414 621 4477 sihi
643 4421 789 4477 constare
811 4413 921 4486 vellet,
944 4433 1009 4475 non
1030 4412 1156 4486 liceret,
1178 4413 1328 4501 quidnam
1350 4413 1529 4479 laciendum
1547 4426 1596 4482 eat
1616 4418 1666 4491 iis,
1689 4419 1747 4502 qui

416 4509 493 4571 nihil
516 4508 746 4591 expetendum,
778 4506 855 4569 nihil
878 4509 909 4569 in
933 4505 1026 4568 bonis
1048 4505 1229 4568 ducendum
1253 4509 1339 4592 qnod
1361 4508 1528 4573 honestate
1550 4519 1656 4575 carcat
1678 4512 1746 4575 exi·

415 4605 578 4666 stnmantl
612 4604 663 4665 lle
694 4600 820 4683 quidem
848 4608 978 4662 auctore
1007 4600 1102 4663 etiam
1132 4601 1333 4684 Peripatetici
1354 4612 1541 4689 veteresque
1564 4606 1782 4669 Academicino

416 4696 570 4759 balbutire
592 4695 763 4779 aliquando
786 4695 933 4757 desinant
954 4702 1128 4777 aperteque
1151 4702 1182 4758 et
1204 4695 1288 4759 clara
1302 4716 1378 4761 voce
1396 4698 1535 4762 audeant
1549 4699 1656 4765 dicere
1670 4701 1746 4764 bea·

416 4798 478 4853 tam
500 4791 595 4854 vitam
618 4790 651 4850 in
673 4787 848 4851 Phalaridis
871 4796 995 4851 tnurnm
1018 4788 1251 4853 descensuram.

379 4936 381 4940 .
499 4882 630 4945 xxvn.
653 4878 704 4944 76.
726 4881 797 4946 Sint
818 4882 902 4945 enim
925 4882 985 4945 tria
1006 4902 1123 4965 genera
1144 4882 1315 4959 bonorum,
1338 4893 1375 4949 ut
1393 4885 1458 4949 iam
1480 4906 1500 4950 a
1521 4886 1645 4971 laqueis
1663 4888 1747 4953 Stoi·

481 5128 504 5179 l.
523 5127 658 5189 prudentio
677 5125 831 5178 Lambinus:
854 5126 976 5177 contbreri
991 5128 1128 5190 prudentio
1145 5128 1164 5179 C
1184 5153 1211 5164 -
1237 5129 1261 5179 6.
1280 5141 1338 5178 carn
1354 5131 1387 5181 C:
1411 5133 1464 5179 tarn
1480 5130 1501 5181 0
1521 5155 1547 5167 -
1569 5131 1593 5181 8.
1612 5130 1689 5195 uictu]
1704 5132 1748 5183 al·

416 5203 585 5252 clumac-
606 5201 851 5265 concurrere·
870 5203 1047 5265 refertolt-
1069 5205 1108 5255 tt.
1128 5203 1479 5268 eonfitembcatoacmo-
1499 5206 1748 5258 tnsetnttera-

417 5290 476 5327 snm
494 5282 544 5327 est.
566 5302 592 5312 —
612 5277 652 5326 tn.
672 5278 714 5338 qui
732 5278 776 5326 G¹:
801 5279 863 5340 quio
880 5279 967 5328 G²llB
988 5304 1014 5315 -—
1034 5280 1075 5328 lb.
1095 5280 1170 5330 ctiam
1186 5280 1207 5327 ri
1224 5279 1261 5329 C:
1286 5280 1347 5329 etat
1364 5280 1385 5329 0
1404 5304 1431 5317 -
1453 5280 1748 5333 tantummode

419 5376 444 5386 -
464 5352 505 5400 27.
527 5358 663 5413 praecepto
681 5352 836 5412 tortitudinis
855 5351 907 5403 dat.
927 5352 1083 5414 Seyttertus.
1105 5378 1131 5390 -
1150 5354 1192 5405 28.
1209 5355 1378 5417 uoluptatem
1395 5358 1424 5408 c.
1444 5357 1638 5410 «scribendum
1655 5362 1697 5409 est
1714 5370 1748 5410 ax

417 5426 570 5490 Archetypo
582 5427 761 5489 voluptatium,
780 5430 809 5476 ut
825 5427 897 5492 apud
909 5428 1009 5477 Livium
1022 5427 1110 5487 llltlli,
1124 5427 1139 5479 8
1157 5442 1188 5479 er
1207 5428 1363 5483 melioribus
1380 5431 1458 5483 codd.
1478 5432 1574 5484 editur.
1597 5437 1636 5487 De
1653 5432 1748 5486 melio-

417 5513 477 5550 rum
495 5500 573 5551 codd.
592 5502 807 5563 frequentissima
830 5504 960 5567 scriptura
977 5504 1119 5552 dormiam
1136 5503 1169 5554 ct.
1189 5504 1243 5555 cic.
1262 5505 1297 5557 de
1315 5508 1380 5571 nep.
1399 5509 1434 5569 lt,
1452 5508 1476 5560 8.
1500 5510 1566 5574 Epp.
1578 5509 1614 5561 ad
1631 5512 1702 5563 Fam.
1714 5512 1747 5574 x,

417 5576 442 5633 8,
460 5578 484 5625 6.
503 5577 557 5634 xlt,
577 5576 616 5634 43,
636 5576 660 5625 d.
680 5577 760 5626 Tacit.
780 5581 847 5627 Ann.
867 5579 910 5637 tlt,
929 5578 969 5629 63.
989 5578 1032 5634 tv.
1051 5575 1092 5628 tt.
1117 5579 1181 5628 llist.
1196 5580 1214 5637 t,
1227 5580 1268 5632 dl.
1293 5583 1393 5633 Livianl
1410 5583 1519 5647 qnidam
1531 5585 1609 5637 codd.
1624 5586 1749 5639 meliores

418 5651 473 5700 tere
491 5664 600 5714 semper
616 5655 747 5711 datatim
765 5653 913 5720 cwdottam,
928 5652 1121 5717 &manutium
1134 5653 1307 5716 tlmuuotiacn,
1324 5658 1498 5708 utilitatium·
1510 5660 1552 5710 W.
1570 5662 1604 5712 st
1615 5660 1648 5711 ct.
1662 5661 1693 5725 δέ
1705 5661 1748 5714 dl.

418 5726 458 5775 96.
472 5725 505 5776 at.
523 5751 547 5761 ··
562 5727 603 5776 tt.
617 5725 850 5784 earcGltettead.
865 5739 984 5777 m.corr.
999 5727 1094 5784 insen)
1112 5726 1145 5782 n;
1164 5729 1220 5778 κθ
1235 5756 1260 5766 -
1275 5731 1315 5782 33.
1334 5732 1372 5783 hta
1388 5734 1480 5784 CO·
1498 5732 1749 5799 abnepotum..

417 5800 555 5860 macodo
575 5802 688 5851 manat
710 5800 809 5850 Nonius
826 5813 854 5863 p.
873 5800 914 5852 80.
934 5827 960 5838 —
985 5804 1136 5852 oacwrttote
1152 5814 1220 5853 corr.
1239 5806 1266 5857 ln
1283 5811 1387 5859 oscwre
1403 5808 1423 5858 lt
1439 5832 1472 5845 -
1491 5807 1532 5859 ab.
1550 5806 1683 5860 bom
1697 5811 1749 5863 na

419 5880 447 5925 at
463 5877 724 6002 ‘33⁰th
732 5875 817 6003 {arro
834 5887 877 5941 ap.
896 5876 1009 5927 Nonium
1027 5889 1053 5941 p.
1067 5876 1108 5940 bb,
1121 5875 1150 5937 lt
1169 5881 1320 5934 multet
1332 5881 1404 5934 idam
1415 5893 1459 5947 ap.
1473 5881 1590 5935 eandm
1601 5895 1629 5950 p.
1641 5882 1684 5948 dd,
1696 5883 1749 5950 tt.)
