4342 7459
736 1271 802 1333 Lis.
824 1270 848 1332 1.
878 1269 953 1333 Car.
974 1269 1168 1332 xv-xvl.
1196 1267 1242 1351 §s
1263 1265 1410 1330 32-38.
1668 1254 1731 1324 249

407 1448 471 1492 non
493 1428 627 1492 liceretl
649 1428 726 1511 qnid
748 1429 849 1491 nostri
871 1428 1074 1511 philosophi?
1097 1447 1203 1490 nonne
1225 1428 1256 1489 in
1279 1428 1317 1490 iis
1340 1427 1427 1490 libris
1445 1428 1536 1509 ipsis,
1559 1448 1640 1511 quos
1656 1428 1733 1491 scri·

407 1523 487 1587 bunt
509 1521 548 1583 de
571 1522 799 1585 contemnenda
822 1521 940 1602 gloria,
963 1541 1019 1583 sua
1043 1522 1170 1583 nomina
1192 1521 1388 1582 inscribunt?
1432 1518 1483 1582 35.
1507 1521 1601 1595 Quod
1623 1523 1649 1585 si
1665 1542 1732 1584 om·

407 1618 495 1679 nium
517 1637 691 1680 consensus
714 1625 842 1679 naturae
858 1636 919 1677 vox
941 1622 988 1676 est
1009 1633 1197 1695 omnesque,
1220 1614 1274 1697 qui
1290 1615 1409 1695 ubique
1423 1623 1510 1688 sunt,
1533 1615 1734 1677 consentiunt

408 1729 478 1772 asse
507 1709 628 1792 aliquid
661 1710 746 1794 quod
776 1710 814 1772 ad
842 1728 897 1770 cos
927 1708 1099 1789 pertineat,
1127 1708 1181 1788 qui
1203 1708 1267 1769 vita
1297 1709 1462 1781 cesserint,
1491 1710 1582 1772 nohis
1604 1727 1732 1793 quoque

409 1802 492 1865 idem
523 1804 770 1867 existimandum
800 1811 847 1865 est
875 1810 907 1864 et
937 1802 980 1873 si,
1011 1820 1149 1882 quorum
1170 1809 1225 1862 aut
1246 1802 1374 1882 ingenia
1396 1809 1451 1862 aut
1473 1802 1587 1864 virtute
1609 1802 1756 1864 animust

409 1898 552 1970 excellit,
582 1917 638 1959 eos
668 1898 870 1968 arbitramur,
898 1895 973 1976 quia
994 1903 1105 1956 natura
1127 1895 1245 1975 optima
1266 1895 1341 1968 sint,
1368 1913 1497 1957 cernere
1519 1905 1648 1958 naturae
1670 1899 1731 1958 vim

409 2011 567 2064 maxume,
589 1991 655 2052 veri
678 1990 781 2052 simile
803 1998 861 2062 est,
885 2008 954 2049 cum
978 1995 1125 2069 optumus
1148 1988 1281 2068 quisque
1303 2007 1448 2050 maxume
1469 1990 1645 2069 posteritati
1668 2010 1733 2052 ser-

411 2085 487 2157 viat,
510 2105 581 2147 esse
604 2083 742 2165 aliquid,
765 2084 854 2144 cuius
877 2082 904 2143 is
926 2089 997 2163 post
1019 2089 1149 2142 mortem
1173 2101 1300 2143 sensum
1323 2083 1365 2143 sit
1387 2080 1559 2145 habiturus.

493 2179 577 2239 xvt.
599 2175 650 2237 36.
674 2178 736 2238 Sed
759 2185 795 2236 ut
816 2175 893 2236 deos
916 2194 985 2236 esse
1008 2183 1120 2236 natura
1142 2175 1308 2255 opinamur
1332 2176 1508 2259 qualesque
1530 2176 1593 2238 sint
1614 2174 1734 2236 ratione

412 2272 645 2353 cognoscimus,
674 2270 719 2331 sic
747 2288 930 2353 permanere
957 2268 1076 2329 animos
1099 2268 1285 2331 arbitramur
1307 2289 1462 2331 consensu
1482 2269 1646 2332 nationum
1669 2280 1772 2331 om·t⁰

412 2364 509 2435 nium,
533 2383 596 2445 qua
618 2364 650 2425 in
673 2363 748 2425 sede
772 2370 919 2424 maneant
940 2361 1113 2442 qualesque
1136 2362 1198 2424 sint
1219 2363 1338 2425 ratione
1360 2363 1543 2426 discendum
1559 2372 1622 2425 est:
1645 2362 1734 2423 arrius

412 2458 563 2539 ignoratio
585 2454 676 2519 finait
698 2455 817 2517 interos
840 2474 957 2535 easque
979 2453 1179 2526 formidines,
1202 2475 1281 2535 quas
1303 2465 1337 2517 tu
1361 2463 1559 2518 contemnere
1582 2475 1644 2517 non
1666 2454 1734 2517 sine

414 2570 504 2612 causa
538 2551 697 2612 videbare.
747 2550 780 2610 ln
814 2559 929 2610 terram
961 2548 1045 2608 enim
1078 2547 1261 2610 cadentibus
1296 2549 1479 2630 corporibus
1508 2551 1610 2633 iisque
1639 2550 1735 2610 humo

412 2644 516 2717 tectis,
540 2663 557 2706 e
580 2664 644 2725 quo
666 2644 848 2705 dictumest
867 2640 1028 2712 humari,
1050 2642 1204 2703 subterra
1222 2643 1391 2705 censebant
1404 2641 1557 2725 reliquam
1574 2642 1669 2703 vitam
1684 2641 1733 2721 agi

413 2744 618 2799 mortuorum.
653 2737 753 2811 Quam
777 2756 886 2798 eorum
909 2734 1090 2815 opinionem
1107 2737 1210 2815 magni
1226 2755 1351 2798 errores
1367 2737 1526 2798 consecuti
1541 2744 1632 2807 sunt,
1654 2747 1774 2815 quosttt

413 2840 567 2893 taxarunt
588 2838 711 2913 poitae.
747 2828 798 2891 37.
820 2830 981 2909 Frequens
1004 2829 1088 2889 enim
1111 2848 1278 2891 consessus
1301 2831 1430 2903 theatri,
1453 2830 1485 2891 in
1501 2849 1564 2910 quo
1580 2835 1653 2890 sunt
1669 2848 1734 2889 mu·

414 2922 561 2986 lierculae
583 2932 615 2986 et
635 2924 741 3004 pueri,
764 2931 908 2986 movetur
930 2921 1062 2984 audiens
1084 2929 1146 2983 tam
1170 2922 1287 3003 grande
1310 2942 1452 2985 carmen:

451 3015 592 3079 Adsum
615 3025 739 3098 atque
761 3016 932 3079 advenio
956 3016 1187 3103 Acherunte
1210 3016 1275 3078 vix
1299 3017 1362 3078 ria
1384 3016 1460 3078 alta
1482 3014 1734 3099 atqueardua

451 3110 523 3171 Per
545 3109 763 3191 speluncas
785 3111 895 3172 saxis
918 3115 1098 3171 structas
1121 3109 1296 3191 asperis,
1319 3110 1610 3191 pendentibus,

453 3204 664 3277 llaxumis,
687 3204 754 3266 ubi
777 3202 912 3284 rigida
934 3210 1086 3264 constat
1108 3221 1245 3263 crassa
1267 3202 1402 3283 caligo
1424 3202 1609 3265 inferum.
1745 3218 1774 3264 aa

417 3297 613 3378 Tantumque
635 3297 732 3360 valuit
755 3317 860 3370 error,
884 3297 939 3377 qui
963 3296 1040 3357 mihi
1056 3294 1184 3377 quidem
1201 3296 1262 3358 iam
1279 3296 1420 3358 sublatus
1435 3297 1574 3368 videtur,
1596 3302 1644 3368 ut,
1667 3315 1737 3356 cor-

416 3408 489 3470 pora
513 3398 652 3452 cremata
674 3411 745 3453 cum
768 3392 901 3463 scirent,
931 3397 1033 3451 tamen
1063 3408 1101 3449 ea
1123 3385 1190 3450 lieri
1213 3389 1297 3471 apud
1320 3390 1438 3452 inferos
1460 3386 1625 3471 fingerent,
1655 3407 1737 3471 quae

416 3483 482 3544 sinc
504 3483 691 3565 corporibus
714 3504 772 3545 nec
792 3483 860 3545 lieri
881 3491 1015 3564 possunt
1029 3502 1088 3544 nec
1104 3482 1253 3566 intellegi.
1285 3484 1416 3545 Animos
1432 3484 1515 3545 enim
1531 3501 1586 3565 per
1601 3503 1634 3543 se
1649 3483 1737 3564 ipsos

416 3576 547 3638 viventis
565 3597 628 3638 non
644 3586 789 3658 poterant
804 3586 908 3639 mente
924 3576 1106 3658 complecti:
1128 3576 1259 3638 sormam
1276 3577 1413 3659 aliquam
1430 3573 1625 3660 figuramque
1641 3596 1739 3661 quae-

415 3669 531 3731 rebant.
577 3669 654 3732 lnde
680 3671 809 3732 Homeri
839 3679 905 3732 tota
928 3680 1050 3745 νεκυια,
1084 3669 1231 3750 ἰυάοιεε,
1266 3689 1346 3751 quae
1368 3691 1456 3733 meus
1478 3672 1596 3733 amicus
1619 3670 1775 3754 Appiussa

415 3775 641 3843 νεκυομαντεῐα
662 3762 812 3834 iaciebat,
835 3764 908 3824 inde
930 3764 962 3824 in
985 3763 1099 3824 vicinia
1122 3772 1229 3825 nostra
1250 3764 1366 3825 Averni
1390 3764 1492 3837 lacus,

456 3855 561 3919 Unde
584 3858 734 3918 animae
757 3856 987 3917 excitantur
1010 3856 1182 3918 obscura
1204 3858 1351 3930 umbra,
1374 3866 1513 3939 aperto
1537 3877 1582 3918 ex
1604 3858 1709 3919 ostio

453 3950 565 4012 Altae
588 3950 850 4022 Acheruntis,
876 3950 981 4011 falso
1005 3952 1217 4032 sanguine,
1241 3959 1481 4013 mortuorum
1504 3952 1715 4032 imagines.

415 4042 476 4104 llas
505 4052 610 4105 tamen
634 4044 786 4123 imagines
815 4044 903 4124 loqui
931 4044 1055 4115 volunt,
1087 4044 1173 4125 quod
1202 4041 1267 4105 lieri
1291 4064 1348 4106 nea
1370 4045 1438 4106 sine
1461 4045 1567 4126 lingua
1589 4064 1646 4106 nec
1669 4045 1737 4107 sine

416 4137 517 4218 palato
540 4157 598 4198 nec
621 4138 687 4197 sine
710 4137 864 4208 faucium,
888 4136 1037 4208 laterum,
1060 4138 1244 4218 pulmonum
1267 4140 1297 4200 vi
1320 4146 1350 4200 et
1376 4135 1473 4219 ligura
1497 4146 1611 4219 potest.
1655 4138 1736 4200 Nihil
1747 4155 1775 4200 30

415 4232 493 4291 enim
525 4231 630 4292 animo
662 4230 768 4291 videre
799 4239 962 4311 poterant:
993 4229 1031 4290 ad
1064 4231 1172 4291 oculos
1203 4232 1307 4292 omnia
1333 4231 1517 4293 referebant.
1560 4228 1610 4292 38.
1634 4234 1737 4314 Magni

682 4410 1150 4417 ——-....—.——-.-—.--..-..
1568 4413 1738 4421 ..η-*-

478 4530 501 4576 t.
520 4528 547 4576 in
565 4528 601 4573 his
619 4528 667 4573 CO
687 4552 711 4560 -
732 4526 791 4586 ipsis
808 4526 878 4574 libris
895 4526 914 4573 Ο
930 4553 956 4561 -
976 4525 999 4575 i.
1013 4528 1167 4575 cesseruntO
1184 4553 1208 4560 -
1224 4526 1247 4574 6.
1261 4526 1440 4575 arbitrabimur
1453 4529 1480 4578 C.
1502 4527 1630 4577 «Klotzius
1643 4528 1737 4577 mirum

416 4602 475 4651 illud
493 4603 514 4650 si
531 4601 713 4649 arbitrabimur
730 4603 767 4650 sic
785 4602 980 4662 interpretatur,
1000 4606 1028 4649 ut
1045 4604 1090 4649 sit:
1118 4603 1138 4648 si
1156 4601 1344 4658 arbitrabimur,
1364 4603 1429 4663 quod
1447 4610 1528 4651 tarncn
1545 4616 1589 4664 eqo
1605 4616 1671 4652 nunc
1686 4603 1740 4661 sors

415 4683 440 4725 tit
457 4676 612 4725 arbitramur
628 4677 724 4737 conlido
742 4678 904 4732 (Germanica
923 4691 969 4725 sua
984 4680 1118 4727 versione:
1138 4679 1171 4724 da
1187 4678 1237 4725 wir
1254 4677 1389 4724 annchmen
1406 4677 1521 4737 iniisset).
1541 4678 1571 4727 Ut
1588 4675 1649 4724 illud
1661 4679 1739 4725 omit·

416 4755 477 4810 hm,
495 4754 535 4801 sic
553 4754 626 4799 certe
644 4751 744 4798 excellet
761 4764 866 4813 qnoque
880 4751 1051 4801 scribendum
1068 4753 1157 4809 tuisse,
1176 4764 1285 4813 quaero,
1305 4752 1454 4799 canicero
1472 4752 1497 4800 id
1516 4752 1640 4799 iudicium
1658 4763 1741 4812 gene·

417 4826 468 4876 rale
485 4829 511 4875 in
530 4826 647 4875 futurum
664 4824 806 4882 distulerit,
826 4827 896 4887 quod
915 4830 970 4875 tuni
989 4827 1045 4875 heri
1063 4841 1114 4875 non
1134 4826 1214 4874 modo
1233 4830 1334 4888 posset,
1354 4825 1401 4874 sed
1420 4827 1470 4873 iatri
1490 4826 1587 4874 dietum
1602 4829 1685 4879 esset;
1704 4825 1738 4874 ct.

417 4901 492 4964 5³2:
519 4902 587 4949 him
604 4900 746 4959 dubitas,
766 4905 826 4960 quin
842 4904 962 4962 specimen
979 4910 1085 4949 naturae
1102 4903 1159 4961 capi
1176 4903 1259 4948 deceat
1275 4913 1308 4947 cn
1325 4902 1417 4961 optima
1435 4913 1533 4961 quaque
1549 4898 1660 4948 natura?
1677 4899 1691 4960 5
1709 4898 1739 4948 33

416 4978 535 5039 idque--
548 4981 681 5036 apparet
701 4977 826 5036 [antima.
856 4980 945 5039 ltaque
964 4979 989 5026 in
1008 4977 1094 5026 locum
1117 4976 1193 5025 loturi
1212 4974 1338 5024 mirabilis
1355 4975 1465 5038 simplex
1484 4980 1510 5024 et
1528 4972 1644 5024 naturale
1662 4986 1740 5035 prae·

416 5064 477 5101 sens
492 5049 694 5100 substituamus.
723 5053 759 5099 Ne
778 5052 836 5113 quis
854 5055 942 5099 autem
958 5054 1091 5100 mireture
1106 5050 1209 5099 librario
1222 5050 1309 5112 aliquo
1322 5049 1418 5099 illatam
1431 5048 1559 5113 syllabam
1571 5050 1595 5096 bi
1607 5051 1739 5108 (notamus

416 5128 479 5183 sius>
499 5125 598 5175 similes
617 5141 722 5176 errores
741 5130 766 5176 in
785 5128 936 5189 Archetypo
955 5141 1005 5175 non
1028 5129 1102 5188 pauci
1121 5130 1190 5182 sunt,
1211 5129 1238 5174 ul
1256 5126 1273 5183 l,
1293 5125 1332 5175 io.
1353 5127 1390 5174 59.
1412 5127 1451 5174 dt.
1471 5126 1509 5174 78.
1529 5126 1568 5173 95.
1590 5125 1619 5180 ΙΙ,
1639 5124 1678 5172 49.
1698 5122 1739 5173 ld.

417 5203 455 5251 ai.
474 5202 516 5249 ot.
535 5201 578 5258 ΙΙΙ,
597 5201 637 5251 3t.
658 5202 696 5251 tt.
717 5203 757 5251 si.
778 5203 816 5251 63.
837 5203 877 5249 is.
898 5204 939 5257 ΙΙΙ,
958 5203 996 5250 59.
1018 5203 1047 5261 V,
1067 5203 1105 5249 ta.
1126 5202 1165 5250 ΙΙΙ.
1185 5204 1240 5251 lid.
1261 5201 1298 5250 Cl.
1313 5200 1442 5250 Emendd.
1457 5202 1520 5262 Epp.
1540 5213 1565 5261 p.
1580 5198 1636 5247 63.»
1655 5198 1696 5246 W.
1711 5223 1737 5231 -

416 5282 470 5325 tant
487 5278 536 5325 ΒΟ
551 5301 576 5311 -
598 5278 621 5325 o.
636 5278 777 5337 opinamur,
792 5278 877 5337 quales
894 5280 942 5325 sint
954 5279 982 5325 0.
997 5278 1041 5324 Th.
1057 5276 1111 5325 lieii
1129 5275 1145 5325 Ι,
1159 5275 1175 5324 Ι.
1190 5291 1214 5339 p.
1228 5277 1270 5324 xi.
1286 5303 1309 5310 -
1333 5278 1372 5325 li.
1385 5278 1558 5338 iripnaratiaG
1575 5300 1599 5308 -
1620 5272 1659 5321 ta.
1673 5274 1741 5334 isque

418 5352 445 5410 Β,
462 5353 548 5413 bisque
565 5352 642 5400 GllO
658 5378 682 5386 -
705 5353 742 5401 lli.
762 5366 890 5399 consensus
908 5353 941 5407 ss;
960 5364 1078 5398 consensu
1095 5353 1141 5400 GR
1158 5376 1184 5384 -
1204 5351 1243 5399 20.
1262 5350 1303 5397 ubi
1315 5378 1329 5387 -
1339 5376 1352 5385 -
1365 5348 1471 5406 interum
1485 5349 1583 5398 Nonius
1601 5361 1627 5411 p.
1640 5348 1695 5396 ΙΙΙ.
1712 5373 1738 5381 -

417 5426 456 5475 ts.
473 5432 576 5488 possunt
593 5427 742 5474 Ernestius:
760 5434 855 5487 possent
874 5428 930 5474 CO.
951 5424 988 5473 ct.
1003 5439 1027 5473 v.
1041 5427 1073 5473 ΙΙΙ
1085 5439 1125 5488 sq.
1143 5452 1167 5460 -
1187 5427 1227 5474 ib.
1246 5427 1334 5486 necpio
1352 5426 1414 5481 GB;
1433 5425 1549 5474 Nsct'tt
1569 5425 1626 5472 ll-
1642 5423 1681 5470 ib.
1696 5436 1726 5469 vs

418 5505 594 5566 κοομανιεῖα
612 5502 742 5550 Davisius:
766 5502 988 5550 NEl’Cl'Omantia
1006 5503 1036 5548 tt:
1063 5502 1249 5562 nepsyomantia
1267 5504 1299 5555 ῦς
1325 5502 1505 5561 nepsiamantia
1523 5501 1555 5558 13;
1582 5512 1740 5565 νεκρομαν.

419 5581 479 5627 τεῖα
495 5579 515 5626 0
530 5602 555 5611 -
576 5577 678 5636 vicinia]
696 5578 763 5623 uscia
775 5579 803 5640 G,
822 5577 885 5624 uitta
905 5576 950 5623 RB
966 5601 992 5611 -
1012 5577 1051 5623 ii.
1071 5581 1157 5636 apcrto
1174 5590 1206 5623 aa
1223 5576 1284 5623 ostio
1300 5576 1455 5637 Madvigius:
1476 5579 1578 5635 apertas
1588 5573 1665 5620 hostio
1678 5572 1696 5618 G
1708 5572 1739 5628 tn

419 5660 517 5715 apertas
534 5656 597 5702 ostia
615 5653 633 5700 B
652 5657 678 5699 et
696 5653 829 5706 Davisius;
848 5659 934 5713 operta
951 5653 1012 5700 ostio
1030 5651 1049 5699 0
1070 5677 1094 5685 -
1115 5652 1155 5700 28.
1169 5653 1239 5700 Attae
1255 5651 1368 5701 Klotzius
1384 5649 1451 5713 (coll.
1466 5651 1546 5699 Nonio
1565 5662 1590 5710 p.
1604 5646 1674 5706 tilii:
1694 5646 1744 5696 alta

420 5731 483 5781 uit:
502 5730 554 5777 atta
572 5729 605 5786 B,
624 5728 672 5775 atti
689 5728 708 5774 0
725 5754 747 5760 -
768 5727 833 5774 subo
851 5728 869 5774 C
892 5755 916 5762 -
937 5728 1058 5788 imagines
1073 5731 1230 5774 mortuorum
1248 5729 1266 5775 C
1281 5731 1287 5788 (
1295 5761 1407 5776 ......
1421 5726 1524 5775 obscura
1540 5722 1631 5771 umbra
1643 5728 1743 5782 apertas

421 5817 451 5853 aa
466 5804 550 5861 ostioli
569 5840 574 5850 .
590 5840 594 5850 .
613 5802 677 5849 ,alti
693 5801 836 5848 Acheruntis
850 5838 854 5848 .
868 5836 874 5848 .
888 5801 953 5848 saiso
969 5801 1091 5863 sanquine
1108 5801 1135 5849 0.
1150 5800 1266 5850 Ribbeck
1284 5802 1358 5862 Trag.
1373 5802 1426 5849 Lat.
1442 5798 1523 5859 lteliq.
1537 5813 1561 5861 p.
1575 5798 1633 5858 208,
1653 5798 1742 5850 verbis

422 5879 484 5927 mdc
499 5879 600 5926 anicios
616 5878 760 5925 accitantur
778 5874 809 5922 ad
830 5876 985 5925 Ciceronem
1005 5874 1107 5931 relatis3
1130 5876 1201 5925 idem
1224 5876 1304 5925 verba
1328 5881 1483 5924 mortuorum
1500 5874 1620 5937 imagines
1637 5886 1651 5924 c
1671 5887 1742 5927 mav-

423 5953 479 6015 giuc
495 5951 565 6003 illata
583 5964 644 6001 esse
662 5951 812 6015 suspicatur
829 5949 887 6000 coll.
908 5952 963 6000 Cic.
982 5950 1015 5999 de
1033 5952 1144 6000 Divinat.
1164 5952 1173 6000 l
1192 5950 1207 6013 5
1225 5950 1273 6011 63].
