4342 7459
437 1214 501 1283 l08
832 1242 835 1250 ·
887 1210 944 1278 DE
965 1208 1138 1277 oronim
1157 1207 1323 1277 uiuunt

438 1379 471 1444 id
499 1376 612 1443 melius
640 1380 689 1441 est
720 1393 816 1461 qnam
843 1372 892 1448 id,
922 1372 1008 1458 qnod
1036 1373 1161 1436 ratione
1183 1391 1249 1435 non
1270 1371 1388 1437 utitur:
1419 1370 1500 1438 nihil
1522 1377 1628 1439 numm
1650 1373 1771 1439 mundo

438 1474 573 1541 meliust
594 1471 719 1536 ratione
739 1469 837 1554 igitur
856 1467 994 1532 mundus
1015 1467 1146 1532 utitur.»
1188 1466 1343 1532 Similiter
1363 1462 1447 1532 effici
1468 1475 1576 1552 potest
1596 1468 1774 1554 sapientam

439 1590 510 1636 essa
539 1567 709 1643 mundum,
738 1566 881 1631 similiter
908 1566 1049 1638 beatum,
1079 1560 1225 1625 similiter
1249 1567 1429 1639 aeternum3
1458 1562 1564 1626 omnia
1587 1564 1670 1628 enim
1692 1563 1775 1629 baec

437 1664 571 1729 meliora
598 1667 673 1726 sunt
701 1680 797 1745 quam
826 1680 877 1735 ea,
912 1677 992 1745 qnae
1022 1663 1096 1720 sunt
1117 1654 1167 1719 bis
1190 1656 1344 1729 carentia,
1380 1676 1439 1719 nec
1461 1656 1579 1721 mundo
1601 1657 1798 1742 quicquam‘

413 1749 570 1822 amelius:
594 1777 635 1821 ex
657 1776 722 1840 qno
745 1749 883 1819 efficitur
905 1773 976 1819 esse
998 1750 1153 1817 mundum
1175 1749 1281 1813 deum.
1327 1746 1379 1811 22.
1402 1750 1555 1836 idemque
1570 1751 1638 1837 ‘boe
1660 1751 1776 1817 modo:

439 1850 585 1915 «Nullius
614 1871 711 1916 sensu
733 1852 869 1916 carentis
897 1870 971 1935 pars
992 1849 1103 1932 aliqua
1123 1852 1228 1930 potest
1250 1864 1320 1908 esse
1343 1846 1505 1909 sentiens:
1535 1847 1647 1911 mundi
1669 1856 1775 1913 autem

436 1952 543 2031 partes
566 1946 740 2010 sentiemes
763 1954 857 2010 sunt:
879 1965 945 2008 non
968 1944 1065 2028 igitur
1087 1945 1173 2005 caret
1194 1958 1291 2004 sensu
1314 1936 1480 2015 mundusu
1517 1940 1624 2024 Pergit
1640 1942 1723 2007 idem
1744 1951 1777 2008 et

436 2046 553 2122 urguet
574 2040 756 2123 angustius:
782 2040 925 2114 «uiuite
956 2038 1058 2121 inquit
1087 2034 1194 2119 «quod
1216 2034 1313 2098 animi
1335 2035 1487 2119 quodque
1509 2037 1641 2102 rationis
1656 2046 1705 2103 ast
1718 2058 1776 2102 ex·

437 2153 526 2220 pars,
547 2133 579 2198 id
602 2152 755 2217 generare
777 2155 818 2198 ex
840 2155 874 2198 se
898 2139 1000 2218 potest
1023 2131 1214 2194 animantem
1237 2135 1480 2213 compotemque
1502 2131 1654 2195 rationisc
1683 2153 1776 2195 mun·

401 2228 499 2292 tcdns
527 2234 634 2292 autem
663 2233 793 2311 generat
823 2225 993 2292 animantis
1016 2229 1233 2308 conpotesque
1254 2225 1407 2290 rationis:
1442 2226 1586 2290 animans
1609 2235 1658 2292 est
1678 2227 1776 2312 igitur

438 2319 577 2386 mundus
599 2341 794 2407 composque
817 2321 979 2386 rationis.»
1017 2319 1172 2402 idemque
1195 2318 1420 2396 similitudine,
1444 2327 1479 2383 ut
1493 2340 1589 2405 saepe
1606 2321 1703 2398 solet,
1725 2341 1776 2386 ra·

438 2414 559 2480 tionem
582 2416 739 2479 conclusit
761 2416 822 2479 boc
844 2414 960 2480 modo:
992 2413 1045 2476 «Si
1069 2433 1110 2476 ex
1133 2412 1217 2476 oliva
1244 2413 1405 2478 modulate
1428 2424 1577 2479 canentes
1600 2415 1696 2479 tibiae
1718 2434 1776 2480 na·

438 2516 616 2585 scerentur,
638 2531 714 2575 num
738 2509 900 2575 dubitares
916 2508 994 2592 quin
1009 2509 1131 2571 inesset
1145 2508 1178 2569 in
1197 2507 1280 2571 oliva
1297 2509 1432 2573 tibicinii
1447 2510 1603 2594 quaedam
1619 2510 1774 2574 scientia?

440 2602 540 2679 Quid,
563 2607 589 2667 si
612 2605 730 2689 platani
754 2601 898 2668 fidiculas
920 2603 1040 2667 ferrent
1061 2621 1231 2665 numerose
1255 2605 1430 2667 sonantes?
1452 2603 1537 2667 idem
1559 2605 1680 2668 scilicet
1701 2624 1776 2668 cen·

399 2714 525 2779 trustes
554 2698 589 2760 in
619 2698 754 2782 platanis
782 2701 887 2763 inesse
912 2699 1074 2761 musicam.
1114 2696 1175 2759 Cur
1196 2697 1293 2779 igitur
1313 2698 1450 2762 mundus
1472 2719 1537 2762 non
1560 2701 1704 2764 animans
1725 2719 1776 2765 sa·

436 2791 595 2876 piensquc
617 2791 787 2868 iudicetur,
811 2812 881 2856 cnm
905 2811 946 2856 ex
966 2811 1002 2855 se
1023 2797 1169 2874 procreet
1192 2792 1363 2857 animantis
1384 2801 1481 2877 atque
1504 2795 1709 2876 sapientisls

497 2958 499 2963 ,
522 2886 578 2951 ΙΧ.
600 2881 653 2948 23.
676 2886 739 2949 Sed
762 2887 912 2970 quoniam
935 2885 1025 2971 coepi
1047 2906 1140 2949 secus
1162 2905 1256 2969 agere
1278 2895 1375 2971 atque
1397 2887 1488 2951 initio
1505 2887 1647 2952 dixeram
1667 2922 1703 2933 -
1719 2907 1776 2952 ne·

438 2998 545 3065 garam
575 2981 660 3044 enim
687 2980 770 3045 banc
796 2981 930 3066 primam
957 2987 1080 3064 partem
1103 2999 1197 3063 egere
1219 2981 1378 3056 oratione,
1411 2981 1499 3065 quod
1522 2989 1606 3047 esset
1627 2982 1775 3047 omnibus

437 3073 641 3159 perspicuum
663 3074 742 3138 deos
764 3095 834 3139 esse
856 3106 915 3150 -,
938 3081 1044 3139 umen
1066 3075 1100 3139 id
1123 3077 1225 3160 ipsum
1241 3076 1416 3140 rationibus
1431 3076 1573 3162 physicis
1589 3073 1775 3142 confirmare

402 3169 524 3233 adrolo.
567 3169 619 3233 Sic
646 3169 732 3243 enim
756 3190 806 3234 res
832 3188 867 3233 ae
892 3169 1004 3245 babet,
1026 3177 1061 3232 ut
1088 3170 1211 3245 omnia.
1233 3190 1315 3254 quae
1341 3171 1470 3235 aluntur
1495 3180 1591 3256 atque
1620 3177 1775 3247 crescunt,

439 3267 624 3331 contineant
652 3265 686 3328 in
715 3285 749 3329 se
771 3265 835 3328 sim
857 3264 988 3340 caloris,
1016 3265 1086 3328 sine
1109 3284 1300 3349 quousque
1322 3261 1364 3329 ali
1386 3273 1518 3349 possent
1540 3286 1599 3329 nec
1622 3283 1774 3330 creseere.

424 3349 518 3425 'Nam
548 3379 656 3435 omne,
687 3359 774 3444 quod
804 3346 1022 3423 est'calidum
1051 3359 1251 3447 stigmam,
1281 3360 1383 3424 cietur
1404 3367 1437 3424 st
1464 3361 1568 3443 agitur
1589 3369 1675 3425 motu
1698 3381 1774 3439 auor

440 3454 526 3541 quod
548 3462 654 3519 antem
676 3454 772 3517 alitur
794 3459 826 3517 et
847 3454 961 3516 crescit
981 3459 1071 3516 motu
1095 3451 1233 3536 quodam
1255 3454 1352 3517 utitur
1370 3462 1457 3518 certo
1472 3463 1505 3518 et
1519 3455 1696 3539 aequabili,
1719 3455 1775 3539 qui

440 3568 535 3634 quam
559 3548 615 3612 diu
637 3553 780 3611 remanet
801 3548 833 3610 in
854 3544 964 3622 nobis,
986 3554 1050 3610 tam
1073 3546 1128 3611 diu
1150 3566 1262 3611 sensus
1278 3555 1310 3611 et
1326 3548 1392 3611 vita
1407 3556 1567 3625 remanet;
1585 3548 1774 3633 ,refrigerato

401 3649 547 3707 sautem
569 3648 602 3704 et
623 3642 764 3705 extincto
787 3641 893 3705 calore
915 3640 1092 3705 occidimus
1113 3641 1177 3724 ipsi
1199 3648 1232 3704 et
1252 3641 1477 3725 extinguimur.
1514 3639 1564 3705 it.
1590 3642 1684 3720 Quod
1704 3645 1775 3729 qui·

440 3734 514 3800 dem
537 3734 706 3799 Cleanthes
734 3734 785 3799 bis
814 3735 909 3799 etiam
937 3734 1132 3818 argumentis
1155 3733 1264 3811 docet,
1293 3743 1413 3819 quanta
1436 3737 1484 3801 vis
1505 3736 1581 3801 insit
1603 3740 1719 3803 caloris
1741 3739 1776 3803 in

440 3828 528 3894 omni
549 3849 701 3914 corpore:
724 3837 820 3912 negat
840 3830 923 3893 enim
940 3849 1011 3893 esse
1032 3829 1134 3893 ullum
1156 3826 1262 3894 cibum
1286 3839 1349 3894 tam
1371 3852 1515 3914 gravem,
1538 3835 1616 3916 quin
1638 3834 1665 3897 is
1682 3842 1775 3898 nocte

441 3932 474 3989 et
495 3923 547 3987 die
570 3931 801 4011 concoquatur,
823 3926 911 3989 cuius
933 3923 1029 3987 etiam
1052 3925 1085 3986 in
1107 3924 1252 4007 reliquiis
1275 3926 1358 3990 inest
1379 3926 1463 3990 calor
1483 3927 1540 4003 iis,
1562 3947 1641 4012 quas
1664 3937 1775 3994 natura

441 4019 610 4103 respuerit.
643 4018 709 4082 Iam
730 4038 806 4082 vero
829 4038 929 4082 venae
952 4026 984 4082 et
1005 4020 1138 4082 arteriae
1154 4019 1270 4093 micare
1286 4041 1349 4084 non
1365 4020 1515 4085 desinunt
1530 4024 1620 4106 quasi
1636 4023 1776 4107 quodam

403 4114 535 4197 teigneo
568 4118 671 4188 motu,
700 4112 1016 4197 animadversumque
1046 4133 1142 4197 saepe
1173 4122 1236 4186 est,
1267 4136 1336 4178 cum
1367 4134 1423 4177 cor
1450 4116 1618 4180 animantis
1640 4117 1776 4181 alicuius

441 4208 582 4272 evolsum
605 4208 650 4271 ita
672 4208 829 4272 mobiliter
850 4209 1034 4291 palpitaret,
1057 4217 1092 4271 ut
1113 4210 1290 4272 imitaretur
1304 4209 1429 4292 igneam
1444 4210 1646 4274 celeritatem.
1673 4212 1775 4277 Omns

441 4301 553 4384 igitur,
576 4302 662 4384 quod
685 4304 778 4379 visit,
802 4304 868 4367 sive
891 4303 1009 4366 animal
1031 4304 1099 4366 sive
1123 4312 1204 4367 terra
1221 4304 1357 4377 editum,
1381 4304 1412 4366 id
1428 4305 1504 4367 vivit
1525 4315 1655 4388 propter
1674 4308 1776 4370 inclu-

442 4416 512 4460 sum
542 4397 574 4459 in
605 4416 643 4460 eo
673 4398 820 4460 calorem.
856 4398 905 4460 Ex
934 4418 999 4481 quo
1029 4397 1169 4479 intellegi
1194 4397 1288 4461 debet
1311 4419 1379 4461 eam
1410 4400 1522 4463 caloris
1545 4410 1688 4464 naturam
1712 4402 1775 4465 vim

440 4491 558 4555 babere
588 4490 621 4553 in
651 4512 686 4556 se
715 4491 842 4555 vitalem
870 4513 928 4575 per
956 4513 1080 4556 omnem
1105 4493 1256 4555 mnndum
1286 4495 1506 4576 pertinentem.
1543 4493 1593 4557 25.
1617 4498 1720 4577 Atque
1743 4495 1775 4559 id

403 4586 566 4650 octacilius
594 4606 760 4650 cernemus
788 4593 854 4649 toto
883 4605 998 4668 genere
1021 4588 1083 4650 boc
1105 4588 1215 4669 igneo,
1245 4589 1330 4670 quod
1353 4598 1457 4653 tranat
1478 4592 1596 4665 omnia,
1626 4591 1776 4655 subtilius

443 4681 611 4765 explicato.
648 4681 767 4745 Omnes
788 4680 885 4765 igitur
905 4688 1010 4766 partes
1032 4680 1143 4742 mundi
1165 4714 1207 4724 —
1229 4690 1355 4765 tangam
1375 4692 1482 4748 autem
1497 4685 1652 4749 maximas
1667 4718 1709 4730 -
1724 4705 1777 4749 ca·

508 4961 532 5013 i.
551 4976 601 5012 uos
619 4961 761 5027 (superscr.
780 4974 818 5012 m.
836 4974 892 5013 sec.
911 4961 963 5023 uec)
981 4961 1004 5011 V
1022 4988 1050 4998 -
1075 4963 1099 5012 5.
1119 4962 1239 5026 efficietur
1256 4964 1338 5015 ABV
1356 4992 1382 5001 —
1403 4964 1427 5014 6.
1446 4966 1539 5015 uuitius
1555 4979 1624 5016 corr.
1644 4979 1677 5017 ex
1693 4967 1778 5018 sudus

442 5041 464 5091 Λ
482 5064 508 5076 -
529 5039 554 5089 8.
572 5038 661 5102 inquid
677 5036 766 5088 AB¹C
788 5065 814 5074 -
833 5043 869 5089 est
886 5039 1028 5102 (superscr.
1042 5050 1077 5087 m.
1093 5050 1147 5088 sec.
1162 5040 1200 5100 sit)
1219 5039 1282 5088 v-
1301 5040 1410 5103 sepum
1426 5054 1549 5105 generare
1565 5042 1594 5091 ΒΙ
1608 5067 1633 5077 -
1655 5042 1694 5091 to.
1707 5056 1778 5092 cous-

439 5120 556 5178 potesque
574 5116 592 5163 Ρ
611 5139 638 5148 -
659 5112 698 5162 43.
717 5112 813 5163 tibicini
830 5110 852 5163 ll
871 5138 898 5148 -
922 5112 962 5164 tt.
982 5113 1119 5176 sipiotoni
1131 5139 1168 5150 --
1180 5128 1314 5165 summoto
1330 5121 1446 5165 senentes
1463 5116 1611 5165 Priscianus
1628 5117 1670 5175 ΙΙΙ,
1689 5119 1714 5178 5,
1734 5118 1775 5169 30.

444 5214 472 5227 -
491 5188 532 5239 ld.
548 5192 664 5251 procrm
680 5188 712 5249 (et
729 5201 761 5237 ex
779 5190 946 5240 correctione
965 5190 991 5239 in
1009 5190 1070 5250 ras.)
1090 5191 1122 5250 B;
1138 5196 1258 5253 procreet
1275 5192 1294 5240 Ε
1309 5218 1336 5230 -
1357 5192 1396 5240 tr.
1415 5193 1486 5254 coepi
1504 5191 1555 5241 CV
1569 5217 1595 5226 -
1615 5191 1686 5240 initio
1704 5205 1775 5244 corr.

442 5277 476 5315 cx
491 5263 565 5313 tuitio
585 5262 604 5313 B
627 5291 654 5301 -
680 5264 822 5327 ⁴9.qu
842 5266 923 5316 idest
944 5266 1105 5316 ancoralibus
1126 5266 1273 5329 confimari
1291 5265 1313 5317 ll
1334 5293 1359 5302 -
1382 5267 1422 5316 20.
1442 5268 1571 5317 moutur—
1583 5272 1696 5316 crescunt
1714 5267 1775 5318 cod.

442 5338 638 5403 Glogaviensis:
661 5340 791 5390 oioatur-
802 5346 916 5390 mereant
932 5339 984 5392 uo
1006 5368 1030 5377 -
1051 5348 1127 5404 atque
1143 5355 1209 5393 nos:
1228 5347 1252 5393 st
1269 5354 1334 5404 quoe
1350 5342 1507 5402 ARCPV3
1532 5346 1555 5395 et
1573 5343 1623 5392 EO
1643 5369 1668 5377 -
1689 5344 1731 5392 at.
1748 5345 1777 5395 is

440 5426 467 5465 ss
482 5415 611 5477 wdone
625 5415 678 5465 otuu
694 5416 831 5480 (quosdam
847 5429 982 5481 superscr.
1001 5430 1037 5467 m.
1056 5419 1123 5480 sec.)
1142 5418 1164 5465 V
1182 5443 1208 5453 -
1228 5431 1273 5468 uec
1290 5416 1329 5469 ll:
1347 5417 1464 5477 nequeo
1484 5444 1508 5453 -
1528 5418 1570 5468 23.
1589 5424 1612 5469 st
1624 5431 1676 5468 om.
1691 5419 1718 5468 in
1731 5432 1777 5468 ra-

441 5502 504 5541 sura
522 5488 545 5537 V
564 5517 589 5527 -
609 5491 697 5541 cresc&
713 5504 782 5541 corr.
801 5492 828 5542 in
845 5497 935 5542 uuest
952 5492 973 5540 V
993 5519 1019 5527 -
1040 5494 1176 5556 quicquum
1193 5494 1237 5542 diu
1254 5492 1309 5555 [litt.
1322 5507 1337 5543 c
1350 5494 1435 5553 eraso)
1454 5493 1517 5541 V-
1536 5494 1577 5543 26.
1596 5492 1643 5541 biis
1660 5492 1726 5550 AV3
1745 5495 1778 5543 iis

443 5565 462 5615 c
483 5591 510 5600 -
529 5564 570 5614 il.
588 5564 668 5615 wasa
683 5566 771 5616 csssO
791 5592 818 5601 -
836 5567 915 5617 ιιὶὶαοη
931 5565 962 5615 V¹
975 5593 1002 5603 -
1022 5569 1063 5620 dis
1078 5573 1103 5618 st
1118 5572 1189 5618 nocte
1206 5569 1226 5618 0
1240 5593 1266 5603 -
1281 5568 1321 5618 28.
1335 5569 1405 5618 cuius
1417 5568 1561 5632 (superscr.
1575 5581 1611 5617 m.
1625 5579 1681 5616 sec.
1694 5567 1775 5631 buius)

442 5638 466 5687 V
481 5666 515 5676 -
530 5638 644 5700 reliquiis
660 5653 729 5693 corr.
748 5654 780 5691 ex
797 5641 900 5704 reliquis
917 5646 951 5702 Α;
969 5644 1073 5707 reliquis
1090 5645 1109 5694 E
1129 5670 1156 5680 -
1175 5644 1237 5693 iasst
1255 5644 1332 5706 (corr.
1353 5656 1385 5693 ex
1402 5644 1445 5705 est)
1464 5642 1501 5702 V;
1518 5643 1578 5693 insit
1595 5641 1774 5693 lieindordus.

444 5741 473 5751 -
490 5715 523 5765 tir
539 5715 565 5767 in
583 5729 635 5767 ras.
655 5717 691 5780 B;
710 5717 758 5769 biis
774 5717 829 5782 (litt.
848 5719 967 5782 heresa)
985 5720 1019 5776 V;
1036 5723 1060 5769 is
1076 5720 1097 5770 E
1117 5745 1145 5755 -
1163 5718 1204 5768 29.
1223 5723 1246 5767 st
1264 5719 1291 5768 in
1307 5731 1360 5768 ras.
1381 5730 1417 5768 m.
1436 5729 1492 5767 sec.
1507 5718 1528 5764 V
1542 5743 1567 5753 -
1581 5717 1621 5768 30.
1635 5718 1777 5768 onimoum

443 5790 590 5856 (superscr.
613 5792 670 5854 itt
694 5820 721 5832 -·
745 5793 786 5844 st.
804 5795 915 5844 suorum
936 5794 1082 5845 A¹BCV12
1106 5794 1219 5846 mulsum
1235 5795 1365 5845 A¹EV²0
1385 5820 1412 5830 -
1434 5798 1463 5842 ut
1483 5794 1627 5845 imitaretur
1646 5794 1673 5844 in
1690 5806 1774 5858 marg.

443 5865 504 5917 ead.
522 5878 559 5917 m.
577 5866 660 5919 babet
677 5869 698 5921 Α
714 5895 748 5909 -
769 5868 810 5922 33.
828 5870 944 5933 amititur
959 5871 1088 5935 septicam
1105 5872 1249 5938 (superscr.
1267 5871 1289 5934 ο)
1307 5870 1327 5921 Β
1347 5897 1374 5908 -
1397 5869 1438 5924 36.
1457 5870 1544 5920 muudi
1561 5870 1676 5921 maximo
1692 5870 1777 5923 caim

443 5952 475 5992 er
494 5943 661 5997 correctione
677 5945 707 6000 c.
