4342 7459
765 1243 901 1308 carr.
929 1242 1171 1310 cmm-rx.
1199 1240 1368 1328 §ss-e.
1668 1240 1731 1307 ess

408 1416 512 1473 naret.
548 1406 688 1469 Duemus
706 1403 805 1486 iqitur
826 1412 854 1467 et
873 1423 948 1486 quos
967 1404 1002 1466 in
1021 1411 1139 1467 tantum
1156 1404 1366 1485 pbilosopbum
1379 1404 1491 1484 reserat
1503 1403 1654 1485 maedam
1666 1422 1733 1466 cen·

407 1521 498 1565 surae
517 1501 687 1564 eaerusisse
707 1499 853 1561 levitatem
873 1499 974 1579 quiere
995 1516 1098 1561 eonem
1118 1499 1208 1561 etiam
1228 1500 1373 1579 scriptam
1393 1498 1549 1580 reliquerit
1565 1498 1733 1561 comotio-

407 1614 475 1657 nem
490 1641 498 1657 .
514 1640 546 1657 ..
579 1595 802 1676 Epicureorum
822 1602 885 1654 tota
904 1593 1007 1673 (actio,
1029 1614 1124 1675 aequo
1145 1611 1259 1673 seraper
1279 1610 1383 1654 errore
1403 1612 1424 1654 a
1443 1611 1514 1654 uero
1535 1592 1620 1655 deuia
1637 1601 1665 1655 et
1677 1591 1732 1653 iila

407 1691 586 1752 existimans
606 1689 732 1751 ridenda
752 1706 827 1768 quae
847 1689 968 1755 nerunt.
991 1707 1113 1750 sacrum
1133 1689 1268 1750 columen
1289 1694 1317 1748 st
1333 1686 1549 1767 aeeqmtissimo
1561 1688 1664 1750 irrisit
1677 1705 1734 1748 na·

408 1794 496 1846 turae
516 1785 608 1847 seria.
635 1781 748 1847 Colotes
767 1798 839 1841 uero
860 1781 940 1842 inter
953 1781 1084 1860 Epicuri
1105 1782 1257 1843 auditores
1277 1782 1455 1861 loquacitate
1467 1781 1631 1844 notabilior
1643 1783 1756 1843 etiams

407 1878 442 1940 in
463 1878 573 1940 librum
593 1877 695 1939 retulit
715 1894 790 1956 quae
810 1875 845 1936 de
866 1875 922 1936 boc
942 1876 1080 1937 amarius
1100 1876 1258 1936 cauillatus
1278 1883 1330 1936 est.
1360 1874 1418 1935 Sed
1437 1883 1542 1945 cetera,
1564 1894 1640 1957 quoe
1653 1875 1734 1937 iniu-

408 1973 460 2035 ria
479 1974 604 2046 notant,
625 1972 653 2032 si
674 1970 792 2052 quidem
811 1968 851 2031 ad
871 1971 1029 2042 somnium,
1051 1970 1086 2030 de
1106 1988 1164 2050 quo
1185 1970 1235 2030 bic
1249 1969 1386 2050 procedit
1403 1988 1510 2043 sermo,
1523 1989 1585 2033 non
1598 1971 1733 2044 attinent,

408 2066 465 2129 boc
485 2066 550 2128 ioco
570 2064 655 2127 noma
675 2063 837 2125 omittenda
857 2070 945 2125 eunt:
965 2064 1052 2124 iiiam
1072 2063 1256 2125 calumniam
1265 2081 1487 2144 persequemur,
1501 2081 1576 2145 quae
1588 2064 1651 2126 nisi
1663 2083 1735 2145 sup-

402 2160 554 2240 piadetur,
576 2157 705 2220 monebit
719 2157 857 2219 Ciceroni
877 2175 945 2218 cum
959 2158 1082 2219 Platone
1103 2159 1277 2221 communis.
1299 2158 1352 2220 Ait
1370 2177 1391 2219 o
1408 2158 1582 2241 pbilosopbo
1600 2159 1735 2239 [ubuum

408 2271 469 2315 non
494 2253 661 2334 oportuisse
687 2251 830 2331 confinqi,
860 2251 1003 2331 quoniam
1028 2251 1145 2313 nullum
1169 2253 1302 2333 fiqmenti
1322 2270 1414 2332 qenus
1433 2253 1499 2314 veri
1517 2252 1735 2333 professoribus
1743 2262 1772 2310 to

408 2348 585 2409 conueniret.
628 2347 691 2410 Cur
712 2347 800 2416 enim,
822 2347 930 2427 inquit,
953 2348 980 2409 si
1001 2364 1104 2409 rerum
1124 2347 1293 2409 coelestium
1313 2347 1472 2418 notionem,
1493 2347 1669 2410 sibabitum
1680 2366 1736 2409 nos

409 2442 582 2503 uninomina
602 2440 706 2502 docere
725 2440 856 2511 uoluisti,
877 2458 939 2501 non
959 2441 1089 2521 simplici
1110 2450 1138 2502 et
1157 2439 1292 2502 absoluto
1314 2440 1370 2502 boc
1382 2440 1585 2504 imimeatione
1597 2451 1737 2504 curatum

409 2543 467 2611 est,
496 2535 546 2597 sed
565 2535 701 2615 quaesita
724 2553 855 2615 persona
876 2554 1019 2615 casusque
1039 2536 1211 2615 eacoqitcta
1230 2533 1349 2595 nmritos
1369 2541 1396 2595 et
1417 2535 1580 2615 composito
1600 2533 1737 2597 advocati

409 2646 518 2690 scaena
540 2629 674 2711 fiqmenti
702 2629 800 2709 ipsam
825 2631 986 2709 qseoerendi
1012 2631 1077 2691 ocri
1103 2631 1229 2691 ianuam
1249 2627 1402 2690 mendacio
1418 2628 1613 2708 poiuerunt?
1654 2631 1738 2693 Haec

410 2723 571 2804 quoniam
601 2722 673 2784 dum
701 2722 736 2784 de
756 2723 913 2785 Platonico
934 2724 998 2786 lire
1025 2726 1188 2794 iactantur,
1218 2724 1308 2785 etiam
1329 2723 1454 2804 quietem
1475 2724 1615 2804 Africani
1639 2725 1774 2787 nostriii

409 2818 588 2879 somniantis
608 2818 759 2890 incusant,
782 2819 958 2879 resistamus
978 2820 1097 2899 arqenti
1117 2827 1145 2880 et
1163 2819 1283 2899 trustra
1304 2835 1433 2899 arquens
1450 2817 1612 2897 refellatur,
1626 2827 1662 2880 ut
1674 2837 1738 2881 una

409 2912 561 2973 calumnia
582 2911 727 2973 dissoluta
747 2912 903 2992 utriusque
919 2912 1035 2991 sactum
1054 2913 1242 2985 incolumem,
1264 2920 1299 2973 ut
1317 2912 1367 2992 sas
1387 2919 1439 2985 est,
1461 2912 1587 2974 retineat
1606 2913 1737 2995 diqnito-

411 3013 479 3067 tem.
526 3002 754 3085 (Macrobius
776 3007 807 3079 l,
830 3001 860 3079 i,
883 3003 1049 3089 §8—11,
1071 3003 1150 3087 sb.)

496 3099 580 3162 vili.
611 3097 642 3160 8.
674 3101 843 3180 Scipionem
864 3101 962 3180 ipsum
984 3101 1056 3162 boec
1076 3102 1194 3162 occasio
1221 3100 1262 3161 od
1288 3100 1477 3162 narrandum
1498 3103 1647 3164 somnium
1663 3120 1738 3184 pra·

411 3193 544 3264 uocauit,
575 3194 653 3275 quod
681 3194 768 3275 lonqo
796 3203 924 3275 ternpore
953 3215 983 3256 se
1004 3204 1126 3257 testatus
1147 3202 1190 3257 est
1209 3195 1327 3256 silentio
1347 3195 1521 3257 condidisse.
1564 3196 1639 3259 Cum
1659 3197 1775 3259 emnn

412 3287 533 3350 laelius
562 3297 735 3369 quereretur
759 3290 860 3350 nullas
881 3290 1009 3351 Nasicae
1034 3298 1152 3351 statuas
1178 3290 1211 3350 in
1233 3288 1353 3368 publico
1381 3290 1415 3351 in
1441 3290 1588 3371 interiecti
1615 3291 1739 3372 tyranni

413 3385 681 3445 remunerationem
695 3383 819 3456 necros,
836 3383 986 3465 respondit
1000 3385 1103 3464 Scipio
1119 3392 1188 3465 post
1201 3383 1266 3445 alia
1279 3384 1312 3444 in
1327 3383 1399 3444 baec
1412 3386 1519 3445 onio:
1542 3382 1605 3445 Sed
1628 3404 1739 3467 quam·

413 3494 509 3557 quam
546 3477 743 3558 sapientibus
777 3478 972 3541 conscientia
999 3477 1069 3559 ipsa
1097 3477 1253 3540 factorum
1282 3478 1478 3561 egregiorum
1507 3478 1739 3561 amplissimum

412 3569 538 3632 virtutis
561 3578 609 3633 est
630 3572 824 3654 praemium,
853 3578 958 3634 tamen
980 3571 1034 3634 ille
1058 3570 1165 3633 divina
1186 3572 1287 3633 virtus
1309 3590 1374 3634 non
1397 3579 1516 3636 statuas
1538 3572 1668 3656 plumbo
1690 3574 1740 3637 in·

414 3661 580 3726 haerentes
601 3684 661 3727 nec
683 3664 860 3748 triumphos
882 3666 1100 3728 arescentibus
1123 3665 1248 3740 laureis,
1271 3665 1327 3729 sed
1349 3666 1510 3730 stabiliora
1532 3665 1688 3750 quaedam
1707 3671 1777 3730 ei!

415 3755 566 3819 viridiora
588 3758 800 3839 praemiorum
823 3778 939 3841 genera
963 3759 1132 3822 desiderat.
1179 3760 1268 3835 Quae
1290 3759 1417 3825 tandem
1439 3763 1500 3825 ista
1522 3768 1612 3836 anni,
1634 3762 1740 3846 inquit

415 3848 566 3912 meliust
608 3852 687 3914 Tam
711 3852 836 3933 Scipio,
862 3852 1007 3915 Patimini
1030 3872 1096 3927 me,
1124 3855 1275 3936 quoniam
1298 3856 1425 3919 teriium
1448 3854 1533 3919 diem
1553 3856 1616 3918 iam
1636 3853 1741 3918 feriali

416 3962 536 4019 sumus,
558 3952 586 4006 et
608 3953 716 4018 cetera,
740 3946 846 4027 quibus
865 3946 905 4006 ad
924 3949 1134 4007 narrationem
1154 3950 1264 4010 somnii
1283 3951 1373 4020 venit,
1395 3949 1501 4013 docem
1521 3949 1576 4011 illa
1596 3968 1657 4011 esse
1678 3957 1741 4010 sta·

414 4036 525 4099 biliora
554 4047 582 4100 et
609 4040 759 4101 viridiora
780 4041 988 4120 praemiorum
1015 4059 1142 4121 qenera,
1172 4061 1247 4123 quae
1275 4044 1339 4124 ipse
1358 4043 1481 4105 uidisset
1500 4045 1534 4105 in
1554 4044 1637 4104 coeio
1656 4041 1741 4104 bonis

414 4132 726 4213 rerumpublicarum
746 4143 866 4196 seruata
885 4134 1059 4197 rectoribus.
1105 4134 1336 4215 (Macrobius
1363 4136 1391 4212 1,
1413 4132 1527 4219 isa
1549 4134 1607 4222 sq.)
1748 4141 1778 4186 ⁸⁰

907 4256 1055 4320 Sounion
1080 4257 1250 4322 Scrnrorrs.

499 4388 662 4471 (Nunurus
678 4388 846 4470 posterior,
869 4387 948 4451 binis
969 4389 1165 4451 semicirculis
1186 4391 1441 4472 circumscriptus,
1464 4398 1549 4453 notat
1568 4395 1658 4471 caput

795 4492 950 4563 separatae
970 4483 1043 4546 oiim
1063 4482 1182 4545 Samnii
1202 4484 1363 4567 editionis.)

498 4604 554 4668 lx.
583 4602 630 4686 (Ι.)
657 4602 688 4668 9.
716 4604 794 4669 Cum
816 4605 850 4668 in
872 4604 1010 4668 Africam
1030 4604 1190 4669 venissem
1211 4606 1261 4668 M’.
1277 4605 1408 4668 Manilio
1434 4604 1557 4669 consuli
1582 4606 1623 4669 ad
1645 4625 1741 4691 quar-

415 4704 479 4763 tam
500 4698 657 4781 legionem
679 4700 846 4774 tribunus,
876 4707 911 4762 ui
933 4699 1035 4774 acilia,
1064 4699 1215 4775 militum,
1237 4699 1315 4763 nibil
1338 4700 1415 4763 mibi
1435 4697 1496 4764 tait
1517 4700 1623 4784 polius
1645 4714 1779 4784 quamne

415 4802 451 4858 ut
472 4794 669 4857 Masinissam
692 4794 893 4857 convenirem
916 4813 1032 4876 regem,
1054 4793 1194 4857 familiae
1215 4802 1342 4857 nostrae
1363 4794 1456 4858 iustis
1477 4792 1642 4858 decausis
1663 4796 1742 4857 ami-

415 4888 586 4952 cissimum.
630 4886 678 4950 Ad
707 4908 800 4971 quem
828 4895 865 4951 ut
893 4889 983 4962 veni,
1015 4886 1190 4969 conplexus
1220 4908 1270 4952 me
1299 4908 1398 4951 senex
1426 4888 1661 4952 conlacrimavit
1686 4889 1743 4953 ali·

415 4990 600 5068 quantoque
622 4990 694 5066 post
716 4982 862 5064 suspexit
883 4981 922 5045 ad
946 4981 1066 5044 caelum
1090 4988 1136 5055 ei,
1159 4980 1286 5057 Grates,
1308 4981 1428 5066 inquii,
1450 4983 1507 5047 libi
1529 5001 1598 5066 ago,
1621 5002 1742 5047 summe

416 5076 483 5151 Sol,
505 5076 668 5161 vobisque,
691 5074 808 5159 reliqui
830 5076 969 5149 caelites,
993 5074 1080 5159 quod
1103 5084 1176 5138 ante
1199 5096 1295 5161 quam
1317 5095 1358 5139 ax
1378 5076 1438 5140 bac
1459 5078 1525 5141 viia
1545 5077 1645 5160 migro
1667 5097 1743 5140 con·

416 5171 517 5255 spicio
548 5171 580 5233 in
610 5190 681 5234 meo
710 5189 808 5253 regno
839 5178 871 5234 ct
896 5168 948 5232 bis
975 5169 1066 5232 tectis
1089 5171 1122 5232 P.
1139 5168 1322 5234 Cornelium
1343 5170 1541 5254 Scipionem,
1570 5172 1662 5236 cuiue
1683 5184 1780 5253 epoto

416 5264 544 5329 nomina
573 5266 643 5350 ipso
671 5283 818 5339 recreor,
851 5264 959 5347 itaque
988 5284 1164 5349 numquam
1193 5283 1235 5327 ex
1263 5265 1365 5329 animo
1395 5284 1466 5329 meo
1496 5264 1629 5328 discedit
1655 5264 1742 5328 illius

499 5508 523 5559 b.
542 5509 669 5559 auditores
684 5509 806 5571 famosior
821 5513 845 5559 et
860 5508 1012 5572 loquacitate
1031 5507 1166 5557 notabilior
1187 5509 1207 5560 0
1230 5511 1322 5559 contra
1343 5507 1421 5559 codd.
1449 5531 1484 5547 -·
1511 5509 1535 5558 6.
1556 5507 1690 5559 cavillum
1708 5513 1744 5561 eu

418 5580 498 5634 coda.
517 5584 623 5647 optimi:
641 5584 797 5647 reprehendit
813 5584 833 5633 0
853 5610 880 5621 -
899 5583 924 5634 8.
942 5584 1109 5646 nnpiodatur
1125 5582 1146 5634 0
1164 5608 1192 5620 -
1211 5585 1252 5634 ib.
1271 5584 1330 5634 dm
1345 5581 1407 5634 libri
1423 5582 1561 5633 meliores:
1581 5584 1694 5645 quuno
1713 5609 1741 5623 -

417 5658 458 5709 m.
476 5672 524 5721 me,
542 5660 633 5722 inquit,
652 5660 771 5722 quoniam
788 5659 860 5713 0,-
888 5659 928 5710 ii.
949 5672 1037 5710 incisu
1054 5670 1165 5709 soasauu
1182 5669 1300 5709 semonia
1318 5657 1362 5710 PR
1379 5657 1436 5721 (sed
1454 5658 1474 5709 R
1491 5662 1614 5719 cirionis),
1632 5671 1743 5710 scamna

421 5746 539 5783 sessionis
557 5748 584 5784 a.
596 5746 676 5785 suasu
694 5746 823 5784 cressonis
844 5732 968 5785 sicema
985 5747 1015 5784 ax
1033 5747 1104 5785 riano
1118 5746 1160 5784 mr.
1179 5747 1211 5783 ne
1227 5747 1259 5783 ne
1276 5746 1386 5785 amaras.
1404 5734 1430 5785 M
1459 5758 1487 5770 -
1516 5732 1558 5783 ii.
1575 5734 1622 5785 at!
1638 5735 1744 5786 Manilio

420 5809 553 5873 Sigonius:
577 5823 661 5861 anicio
680 5822 772 5860 aenam
791 5809 817 5870 F,
843 5824 861 5860 a
875 5810 970 5861 manlio
987 5810 1098 5861 EMPR
1126 5833 1153 5846 —
1181 5810 1316 5861 minuc
1344 5835 1371 5846 -
1399 5807 1440 5859 35.
1458 5808 1537 5859 tribu
1552 5810 1693 5861 mutii
1712 5834 1741 5849 ·-

418 5885 502 5947 potius
515 5884 601 5946 tuito
628 5912 653 5923 —
682 5885 723 5937 38.
742 5884 777 5934 ad
793 5885 828 5936 c:
854 5885 918 5936 ino
943 5912 976 5924 -
1003 5886 1044 5938 ³9.
1062 5885 1154 5950 reliqui
1170 5880 1244 5938 M’P:
1270 5884 1374 5950 reliquis
1389 5880 1509 5936 EFM¹R
1531 5887 1558 5936 et
1573 5882 1694 5951 plerique
1713 5906 1741 5925 ·-

420 5956 463 6014 lt.
479 5958 532 6025 ipre
548 5959 659 6013 ΕΓΗ
678 5984 705 5998 ··
722 5960 810 6025 itaque
826 5958 861 6013 C:
878 5960 963 6013 ita0.
