<?xml version="1.0" encoding="UTF-8"?>
<!DOCTYPE html PUBLIC "-//W3C//DTD XHTML 1.0 Transitional//EN"
    "http://www.w3.org/TR/xhtml1/DTD/xhtml1-transitional.dtd">
<html xmlns="http://www.w3.org/1999/xhtml" xml:lang="en" lang="en">
 <head>
  <title>
</title>
<meta http-equiv="Content-Type" content="text/html;charset=utf-8" />
  <meta name='ocr-system' content='tesseract 3.04.00' />
  <meta name='ocr-capabilities' content='ocr_page ocr_carea ocr_par ocr_line ocrx_word'/>
</head>
<body>
  <div class='ocr_page' id='page_1' title='image "./operaquaesupers00halmgoog/operaquaesupers00halmgoog_0598.png"; bbox 0 0 4342 7459; ppageno 0'>
   <div class='ocr_carea' id='block_1_1' title="bbox 443 1215 1205 1284">
    <p class='ocr_par' dir='ltr' id='par_1_1' title="bbox 443 1215 1205 1284">
     <span class='ocr_line' id='line_1_1' title="bbox 443 1215 1205 1284; baseline -0.008 0"><span class='ocrx_word' id='word_1_1' title='bbox 443 1216 507 1284; x_wconf 69' lang='grc'><strong>582</strong></span> <span class='ocrx_word' id='word_1_2' title='bbox 1010 1216 1064 1279; x_wconf 85' lang='lat' dir='ltr'><strong>DE</strong></span> <span class='ocrx_word' id='word_1_3' title='bbox 1087 1215 1205 1282; x_wconf 76' lang='lat' dir='ltr'><strong>Fara.</strong></span> 
     </span>
    </p>
   </div>
   <div class='ocr_carea' id='block_1_2' title="bbox 445 1374 1779 1555">
    <p class='ocr_par' dir='ltr' id='par_1_2' title="bbox 445 1374 1779 1555">
     <span class='ocr_line' id='line_1_2' title="bbox 446 1374 1779 1463; baseline -0.002 -19"><span class='ocrx_word' id='word_1_4' title='bbox 446 1379 501 1463; x_wconf 79' lang='lat' dir='ltr'><strong>qui</strong></span> <span class='ocrx_word' id='word_1_5' title='bbox 524 1378 615 1449; x_wconf 70' lang='lat' dir='ltr'><strong>almer</strong></span> <span class='ocrx_word' id='word_1_6' title='bbox 636 1375 791 1441; x_wconf 89' lang='lat' dir='ltr'><strong>obsistere</strong></span> <span class='ocrx_word' id='word_1_7' title='bbox 812 1377 877 1442; x_wconf 90' lang='lat' dir='ltr'><strong>t&#39;ato</strong></span> <span class='ocrx_word' id='word_1_8' title='bbox 894 1375 1017 1442; x_wconf 72' lang='lat' dir='ltr'><strong>fatetur</strong></span> <span class='ocrx_word' id='word_1_9' title='bbox 1038 1396 1073 1438; x_wconf 89' lang='lat' dir='ltr'><strong>se</strong></span> <span class='ocrx_word' id='word_1_10' title='bbox 1095 1395 1158 1438; x_wconf 93' lang='lat' dir='ltr'><strong>non</strong></span> <span class='ocrx_word' id='word_1_11' title='bbox 1181 1376 1341 1458; x_wconf 92' lang='lat' dir='ltr'><strong>potuisse,</strong></span> <span class='ocrx_word' id='word_1_12' title='bbox 1363 1374 1426 1438; x_wconf 88' lang='lat' dir='ltr'><strong>nisi</strong></span> <span class='ocrx_word' id='word_1_13' title='bbox 1448 1375 1486 1439; x_wconf 91' lang='lat' dir='ltr'><strong>ad</strong></span> <span class='ocrx_word' id='word_1_14' title='bbox 1509 1375 1567 1439; x_wconf 90' lang='lat' dir='ltr'><strong>bas</strong></span> <span class='ocrx_word' id='word_1_15' title='bbox 1589 1377 1779 1444; x_wconf 86' lang='lat' dir='ltr'><strong>commeati-</strong></span> 
     </span>
     <span class='ocr_line' id='line_1_3' title="bbox 445 1470 1779 1555; baseline -0.001 -17"><span class='ocrx_word' id='word_1_16' title='bbox 445 1473 510 1538; x_wconf 82' lang='lat' dir='ltr'><strong>ciaa</strong></span> <span class='ocrx_word' id='word_1_17' title='bbox 534 1471 765 1537; x_wconf 72' lang='lat' dir='ltr'><strong>declinationes</strong></span> <span class='ocrx_word' id='word_1_18' title='bbox 788 1470 991 1549; x_wconf 66' lang='lat' dir='ltr'><strong>confugisset.</strong></span> <span class='ocrx_word' id='word_1_19' title='bbox 1027 1471 1105 1532; x_wconf 87' lang='lat' dir='ltr'><strong>Nam</strong></span> <span class='ocrx_word' id='word_1_20' title='bbox 1128 1477 1163 1534; x_wconf 92' lang='lat' dir='ltr'><strong>ut</strong></span> <span class='ocrx_word' id='word_1_21' title='bbox 1185 1480 1293 1535; x_wconf 89' lang='lat' dir='ltr'><strong>essent</strong></span> <span class='ocrx_word' id='word_1_22' title='bbox 1314 1471 1424 1544; x_wconf 87' lang='lat' dir='ltr'><strong>atomi,</strong></span> <span class='ocrx_word' id='word_1_23' title='bbox 1447 1491 1527 1552; x_wconf 85' lang='lat' dir='ltr'><strong>quas</strong></span> <span class='ocrx_word' id='word_1_24' title='bbox 1551 1470 1682 1555; x_wconf 89' lang='lat' dir='ltr'><strong>quidem</strong></span> <span class='ocrx_word' id='word_1_25' title='bbox 1703 1489 1779 1537; x_wconf 79' lang='lat' dir='ltr'><strong>esse</strong></span> 
     </span>
    </p>
   </div>
   <div class='ocr_carea' id='block_1_3' title="bbox 420 1563 1779 2017">
    <p class='ocr_par' dir='ltr' id='par_1_3' title="bbox 420 1563 1779 2017">
     <span class='ocr_line' id='line_1_4' title="bbox 446 1563 1778 1648; baseline 0 -20"><span class='ocrx_word' id='word_1_26' title='bbox 446 1563 521 1636; x_wconf 83' lang='lat' dir='ltr'><strong>mibi</strong></span> <span class='ocrx_word' id='word_1_27' title='bbox 550 1564 678 1647; x_wconf 88' lang='lat' dir='ltr'><strong>probari</strong></span> <span class='ocrx_word' id='word_1_28' title='bbox 706 1565 795 1628; x_wconf 88' lang='lat' dir='ltr'><strong>nullo</strong></span> <span class='ocrx_word' id='word_1_29' title='bbox 824 1564 919 1627; x_wconf 93' lang='lat' dir='ltr'><strong>modo</strong></span> <span class='ocrx_word' id='word_1_30' title='bbox 948 1570 1067 1645; x_wconf 90' lang='lat' dir='ltr'><strong>potest,</strong></span> <span class='ocrx_word' id='word_1_31' title='bbox 1104 1570 1208 1648; x_wconf 86' lang='lat' dir='ltr'><strong>temen</strong></span> <span class='ocrx_word' id='word_1_32' title='bbox 1238 1564 1467 1627; x_wconf 73' lang='lat' dir='ltr'><strong>declinationes</strong></span> <span class='ocrx_word' id='word_1_33' title='bbox 1495 1564 1574 1627; x_wconf 86' lang='lat' dir='ltr'><strong>istae</strong></span> <span class='ocrx_word' id='word_1_34' title='bbox 1600 1582 1778 1648; x_wconf 83' lang='lat' dir='ltr'><strong>numquam</strong></span> 
     </span>
     <span class='ocr_line' id='line_1_5' title="bbox 445 1657 1779 1741; baseline 0 -19"><span class='ocrx_word' id='word_1_35' title='bbox 445 1659 688 1741; x_wconf 77' lang='lat' dir='ltr'><strong>explicarentur.</strong></span> <span class='ocrx_word' id='word_1_36' title='bbox 731 1660 809 1721; x_wconf 87' lang='lat' dir='ltr'><strong>Nam</strong></span> <span class='ocrx_word' id='word_1_37' title='bbox 831 1657 857 1722; x_wconf 91' lang='lat' dir='ltr'><strong>si</strong></span> <span class='ocrx_word' id='word_1_38' title='bbox 879 1657 991 1720; x_wconf 90' lang='lat' dir='ltr'><strong>atomis</strong></span> <span class='ocrx_word' id='word_1_39' title='bbox 1014 1665 1049 1720; x_wconf 89' lang='lat' dir='ltr'><strong>nt</strong></span> <span class='ocrx_word' id='word_1_40' title='bbox 1070 1657 1222 1739; x_wconf 86' lang='lat' dir='ltr'><strong>gravitate</strong></span> <span class='ocrx_word' id='word_1_41' title='bbox 1243 1657 1386 1721; x_wconf 84' lang='lat' dir='ltr'><strong>terantur</strong></span> <span class='ocrx_word' id='word_1_42' title='bbox 1414 1658 1565 1720; x_wconf 91' lang='lat' dir='ltr'><strong>tributam</strong></span> <span class='ocrx_word' id='word_1_43' title='bbox 1594 1664 1644 1722; x_wconf 91' lang='lat' dir='ltr'><strong>est</strong></span> <span class='ocrx_word' id='word_1_44' title='bbox 1664 1676 1779 1722; x_wconf 88' lang='lat' dir='ltr'><strong>neces·</strong></span> 
     </span>
     <span class='ocr_line' id='line_1_6' title="bbox 420 1749 1779 1836; baseline -0.004 -15"><span class='ocrx_word' id='word_1_45' title='bbox 420 1753 537 1821; x_wconf 84' lang='lat' dir='ltr'><strong>usitate</strong></span> <span class='ocrx_word' id='word_1_46' title='bbox 559 1761 706 1827; x_wconf 81' lang='lat' dir='ltr'><strong>naturae,</strong></span> <span class='ocrx_word' id='word_1_47' title='bbox 729 1751 815 1836; x_wconf 91' lang='lat' dir='ltr'><strong>quod</strong></span> <span class='ocrx_word' id='word_1_48' title='bbox 837 1771 930 1814; x_wconf 92' lang='lat' dir='ltr'><strong>omne</strong></span> <span class='ocrx_word' id='word_1_49' title='bbox 952 1749 1078 1832; x_wconf 90' lang='lat' dir='ltr'><strong>pondus</strong></span> <span class='ocrx_word' id='word_1_50' title='bbox 1101 1751 1187 1815; x_wconf 92' lang='lat' dir='ltr'><strong>nulla</strong></span> <span class='ocrx_word' id='word_1_51' title='bbox 1208 1772 1243 1815; x_wconf 92' lang='lat' dir='ltr'><strong>re</strong></span> <span class='ocrx_word' id='word_1_52' title='bbox 1267 1751 1453 1833; x_wconf 84' lang='lat' dir='ltr'><strong>inpediente</strong></span> <span class='ocrx_word' id='word_1_53' title='bbox 1468 1760 1631 1814; x_wconf 85' lang='lat' dir='ltr'><strong>morentur</strong></span> <span class='ocrx_word' id='word_1_54' title='bbox 1645 1759 1678 1815; x_wconf 90' lang='lat' dir='ltr'><strong>et</strong></span> <span class='ocrx_word' id='word_1_55' title='bbox 1691 1750 1779 1816; x_wconf 83' lang='lat' dir='ltr'><strong>iera·</strong></span> 
     </span>
     <span class='ocr_line' id='line_1_7' title="bbox 444 1845 1778 1929; baseline -0.001 -17"><span class='ocrx_word' id='word_1_56' title='bbox 444 1855 497 1912; x_wconf 87' lang='lat' dir='ltr'><strong>tar</strong></span> <span class='ocrx_word' id='word_1_57' title='bbox 517 1867 648 1912; x_wconf 88' lang='lat' dir='ltr'><strong>necesse</strong></span> <span class='ocrx_word' id='word_1_58' title='bbox 669 1854 733 1921; x_wconf 89' lang='lat' dir='ltr'><strong>est,</strong></span> <span class='ocrx_word' id='word_1_59' title='bbox 761 1845 841 1909; x_wconf 92' lang='lat' dir='ltr'><strong>iliud</strong></span> <span class='ocrx_word' id='word_1_60' title='bbox 871 1865 1001 1929; x_wconf 88' lang='lat' dir='ltr'><strong>quoque</strong></span> <span class='ocrx_word' id='word_1_61' title='bbox 1027 1864 1158 1908; x_wconf 88' lang='lat' dir='ltr'><strong>necesse</strong></span> <span class='ocrx_word' id='word_1_62' title='bbox 1185 1854 1234 1910; x_wconf 93' lang='lat' dir='ltr'><strong>est</strong></span> <span class='ocrx_word' id='word_1_63' title='bbox 1254 1845 1416 1908; x_wconf 89' lang='lat' dir='ltr'><strong>declinare</strong></span> <span class='ocrx_word' id='word_1_64' title='bbox 1437 1845 1628 1928; x_wconf 85' lang='lat' dir='ltr'><strong>quibusdam</strong></span> <span class='ocrx_word' id='word_1_65' title='bbox 1649 1845 1778 1921; x_wconf 81' lang='lat' dir='ltr'><strong>atomis,</strong></span> 
     </span>
     <span class='ocr_line' id='line_1_8' title="bbox 443 1936 1199 2017; baseline -0.005 -13"><span class='ocrx_word' id='word_1_66' title='bbox 443 1939 510 2016; x_wconf 85' lang='lat' dir='ltr'><strong>vol,</strong></span> <span class='ocrx_word' id='word_1_67' title='bbox 533 1941 560 2008; x_wconf 85' lang='lat' dir='ltr'><strong>si</strong></span> <span class='ocrx_word' id='word_1_68' title='bbox 582 1940 711 2017; x_wconf 84' lang='lat' dir='ltr'><strong>rolant,</strong></span> <span class='ocrx_word' id='word_1_69' title='bbox 733 1941 881 2006; x_wconf 90' lang='lat' dir='ltr'><strong>omnibus</strong></span> <span class='ocrx_word' id='word_1_70' title='bbox 903 1937 1088 2004; x_wconf 84' lang='lat' dir='ltr'><strong>naturaliter</strong></span> <span class='ocrx_word' id='word_1_71' title='bbox 1110 1938 1128 1971; x_wconf 53' lang='grc' dir='ltr'><strong><em>ι</em></strong></span> <span class='ocrx_word' id='word_1_72' title='bbox 1145 1938 1164 1972; x_wconf 73' lang='lat'><strong>¹*</strong></span> <span class='ocrx_word' id='word_1_73' title='bbox 1181 1936 1199 1972; x_wconf 56' lang='grc' dir='ltr'><strong><em>ι</em></strong></span> 
     </span>
    </p>
   </div>
   <div class='ocr_carea' id='block_1_4' title="bbox 824 2340 1383 2499">
    <p class='ocr_par' dir='ltr' id='par_1_4' title="bbox 824 2340 1383 2499">
     <span class='ocr_line' id='line_1_9' title="bbox 824 2340 1383 2499; baseline -0.004 -40"><span class='ocrx_word' id='word_1_74' title='bbox 824 2340 1042 2499; x_wconf 85' lang='lat' dir='ltr'><strong>Reliquiae</strong></span> <span class='ocrx_word' id='word_1_75' title='bbox 1073 2340 1167 2459; x_wconf 91' lang='lat' dir='ltr'><strong>libri</strong></span> <span class='ocrx_word' id='word_1_76' title='bbox 1200 2341 1252 2459; x_wconf 89' lang='lat' dir='ltr'><strong>de</strong></span> <span class='ocrx_word' id='word_1_77' title='bbox 1285 2342 1383 2459; x_wconf 87' lang='lat' dir='ltr'><strong>lato.</strong></span> 
     </span>
    </p>
   </div>
   <div class='ocr_carea' id='block_1_5' title="bbox 330 2664 1786 4823">
    <p class='ocr_par' dir='ltr' id='par_1_5' title="bbox 330 2664 1786 4823">
     <span class='ocr_line' id='line_1_10' title="bbox 527 2664 1778 2753; baseline 0.001 -17"><span class='ocrx_word' id='word_1_78' title='bbox 527 2669 556 2736; x_wconf 85' lang='lat' dir='ltr'><strong>l.</strong></span> <span class='ocrx_word' id='word_1_79' title='bbox 580 2671 701 2735; x_wconf 90' lang='lat' dir='ltr'><strong>Gellius</strong></span> <span class='ocrx_word' id='word_1_80' title='bbox 723 2677 809 2734; x_wconf 84' lang='lat' dir='ltr'><strong>noct.</strong></span> <span class='ocrx_word' id='word_1_81' title='bbox 824 2668 917 2733; x_wconf 81' lang='lat' dir='ltr'><strong>attic.</strong></span> <span class='ocrx_word' id='word_1_82' title='bbox 932 2669 1007 2744; x_wconf 87' lang='lat' dir='ltr'><strong>Vll,</strong></span> <span class='ocrx_word' id='word_1_83' title='bbox 1023 2665 1060 2744; x_wconf 63' lang='grc' dir='ltr'><strong><em>ι,</em></strong></span> <span class='ocrx_word' id='word_1_84' title='bbox 1073 2664 1130 2730; x_wconf 79' lang='lat' dir='ltr'><strong>lb:</strong></span> <span class='ocrx_word' id='word_1_85' title='bbox 1159 2670 1263 2750; x_wconf 86' lang='lat' dir='ltr'><strong>ltaque</strong></span> <span class='ocrx_word' id='word_1_86' title='bbox 1283 2670 1325 2732; x_wconf 87' lang='grc' dir='ltr'><strong>Μ.</strong></span> <span class='ocrx_word' id='word_1_87' title='bbox 1342 2670 1445 2732; x_wconf 84' lang='lat' dir='ltr'><strong>Cicera</strong></span> <span class='ocrx_word' id='word_1_88' title='bbox 1467 2671 1500 2731; x_wconf 89' lang='lat' dir='ltr'><strong>in</strong></span> <span class='ocrx_word' id='word_1_89' title='bbox 1522 2671 1611 2743; x_wconf 89' lang='lat' dir='ltr'><strong>libro,</strong></span> <span class='ocrx_word' id='word_1_90' title='bbox 1634 2691 1720 2753; x_wconf 88' lang='lat' dir='ltr'><strong>quem</strong></span> <span class='ocrx_word' id='word_1_91' title='bbox 1740 2672 1778 2737; x_wconf 86' lang='lat' dir='ltr'><strong>ds</strong></span> 
     </span>
     <span class='ocr_line' id='line_1_11' title="bbox 404 2762 1777 2850; baseline -0.004 -16"><span class='ocrx_word' id='word_1_92' title='bbox 404 2770 504 2850; x_wconf 72' lang='lat' dir='ltr'><strong>toleta</strong></span> <span class='ocrx_word' id='word_1_93' title='bbox 525 2766 717 2847; x_wconf 82' lang='lat' dir='ltr'><strong>conscripsit,</strong></span> <span class='ocrx_word' id='word_1_94' title='bbox 741 2784 809 2827; x_wconf 89' lang='lat' dir='ltr'><strong>cum</strong></span> <span class='ocrx_word' id='word_1_95' title='bbox 830 2764 1030 2845; x_wconf 88' lang='lat' dir='ltr'><strong>quaestionem</strong></span> <span class='ocrx_word' id='word_1_96' title='bbox 1050 2764 1142 2825; x_wconf 88' lang='lat' dir='ltr'><strong>istam</strong></span> <span class='ocrx_word' id='word_1_97' title='bbox 1162 2763 1272 2825; x_wconf 88' lang='lat' dir='ltr'><strong>diceret</strong></span> <span class='ocrx_word' id='word_1_98' title='bbox 1293 2762 1537 2826; x_wconf 84' lang='lat' dir='ltr'><strong>obscurissimam</strong></span> <span class='ocrx_word' id='word_1_99' title='bbox 1558 2784 1619 2827; x_wconf 84' lang='lat' dir='ltr'><strong>esse</strong></span> <span class='ocrx_word' id='word_1_100' title='bbox 1636 2776 1662 2827; x_wconf 89' lang='lat' dir='ltr'><strong>ct</strong></span> <span class='ocrx_word' id='word_1_101' title='bbox 1683 2767 1777 2847; x_wconf 89' lang='lat' dir='ltr'><strong>inpii·</strong></span> 
     </span>
     <span class='ocr_line' id='line_1_12' title="bbox 441 2856 1777 2941; baseline -0.001 -17"><span class='ocrx_word' id='word_1_102' title='bbox 441 2861 644 2933; x_wconf 85' lang='lat' dir='ltr'><strong>catissimum,</strong></span> <span class='ocrx_word' id='word_1_103' title='bbox 677 2859 877 2941; x_wconf 71' lang='lat' dir='ltr'><strong>Chrysippum</strong></span> <span class='ocrx_word' id='word_1_104' title='bbox 904 2878 1018 2939; x_wconf 88' lang='lat' dir='ltr'><strong>quoque</strong></span> <span class='ocrx_word' id='word_1_105' title='bbox 1042 2856 1251 2938; x_wconf 82' lang='lat' dir='ltr'><strong>pbilosoplrum</strong></span> <span class='ocrx_word' id='word_1_106' title='bbox 1279 2876 1340 2918; x_wconf 89' lang='lat' dir='ltr'><strong>non</strong></span> <span class='ocrx_word' id='word_1_107' title='bbox 1368 2857 1520 2937; x_wconf 71' lang='lat' dir='ltr'><strong>erpeinus</strong></span> <span class='ocrx_word' id='word_1_108' title='bbox 1548 2878 1578 2921; x_wconf 91' lang='lat' dir='ltr'><strong>se</strong></span> <span class='ocrx_word' id='word_1_109' title='bbox 1606 2860 1640 2920; x_wconf 91' lang='lat' dir='ltr'><strong>in</strong></span> <span class='ocrx_word' id='word_1_110' title='bbox 1667 2880 1703 2921; x_wconf 87' lang='lat' dir='ltr'><strong>en</strong></span> <span class='ocrx_word' id='word_1_111' title='bbox 1730 2862 1777 2923; x_wconf 88' lang='lat' dir='ltr'><strong>ait</strong></span> 
     </span>
     <span class='ocr_line' id='line_1_13' title="bbox 440 2950 1778 3037; baseline 0 -19"><span class='ocrx_word' id='word_1_112' title='bbox 440 2957 490 3024; x_wconf 73' lang='lat' dir='ltr'><strong>bis</strong></span> <span class='ocrx_word' id='word_1_113' title='bbox 509 2954 624 3020; x_wconf 83' lang='lat' dir='ltr'><strong>uerbis:</strong></span> <span class='ocrx_word' id='word_1_114' title='bbox 658 2950 854 3037; x_wconf 75' lang='lat' dir='ltr'><strong>Chrysippus</strong></span> <span class='ocrx_word' id='word_1_115' title='bbox 876 2959 1024 3015; x_wconf 87' lang='lat' dir='ltr'><strong>aestuans</strong></span> <span class='ocrx_word' id='word_1_116' title='bbox 1046 2950 1274 3034; x_wconf 87' lang='lat' dir='ltr'><strong>laboransque,</strong></span> <span class='ocrx_word' id='word_1_117' title='bbox 1302 2969 1438 3033; x_wconf 88' lang='lat' dir='ltr'><strong>quonam</strong></span> <span class='ocrx_word' id='word_1_118' title='bbox 1466 2959 1558 3034; x_wconf 90' lang='lat' dir='ltr'><strong>pacto</strong></span> <span class='ocrx_word' id='word_1_119' title='bbox 1580 2951 1721 3035; x_wconf 82' lang='lat' dir='ltr'><strong>explicet</strong></span> <span class='ocrx_word' id='word_1_120' title='bbox 1743 2950 1778 3018; x_wconf 83' lang='lat' dir='ltr'><strong>et</strong></span> 
     </span>
     <span class='ocr_line' id='line_1_14' title="bbox 330 3042 1597 3129; baseline -0.005 -16"><span class='ocrx_word' id='word_1_121' title='bbox 330 3093 334 3101; x_wconf 84' lang='grc'><strong>-</strong></span> <span class='ocrx_word' id='word_1_122' title='bbox 440 3048 506 3119; x_wconf 80' lang='lat' dir='ltr'><strong>lato</strong></span> <span class='ocrx_word' id='word_1_123' title='bbox 528 3048 633 3112; x_wconf 90' lang='lat' dir='ltr'><strong>omnia</strong></span> <span class='ocrx_word' id='word_1_124' title='bbox 655 3042 723 3112; x_wconf 88' lang='lat' dir='ltr'><strong>fieri</strong></span> <span class='ocrx_word' id='word_1_125' title='bbox 746 3055 779 3109; x_wconf 94' lang='lat' dir='ltr'><strong>et</strong></span> <span class='ocrx_word' id='word_1_126' title='bbox 800 3065 870 3109; x_wconf 87' lang='lat' dir='ltr'><strong>ease</strong></span> <span class='ocrx_word' id='word_1_127' title='bbox 893 3045 1014 3129; x_wconf 90' lang='lat' dir='ltr'><strong>aliquid</strong></span> <span class='ocrx_word' id='word_1_128' title='bbox 1036 3046 1070 3108; x_wconf 93' lang='lat' dir='ltr'><strong>in</strong></span> <span class='ocrx_word' id='word_1_129' title='bbox 1093 3045 1200 3117; x_wconf 91' lang='lat' dir='ltr'><strong>nobis,</strong></span> <span class='ocrx_word' id='word_1_130' title='bbox 1222 3044 1385 3108; x_wconf 86' lang='lat' dir='ltr'><strong>intricatur</strong></span> <span class='ocrx_word' id='word_1_131' title='bbox 1406 3044 1467 3109; x_wconf 93' lang='lat' dir='ltr'><strong>boc</strong></span> <span class='ocrx_word' id='word_1_132' title='bbox 1490 3045 1597 3108; x_wconf 89' lang='lat' dir='ltr'><strong>modo.</strong></span> 
     </span>
     <span class='ocr_line' id='line_1_15' title="bbox 429 3133 1776 3223; baseline -0.001 -15"><span class='ocrx_word' id='word_1_133' title='bbox 429 3199 432 3208; x_wconf 95' lang='lat'>.</span> <span class='ocrx_word' id='word_1_134' title='bbox 525 3139 556 3204; x_wconf 74' lang='lat'><strong>2.</strong></span> <span class='ocrx_word' id='word_1_135' title='bbox 579 3141 708 3206; x_wconf 88' lang='lat' dir='ltr'><strong>Servius</strong></span> <span class='ocrx_word' id='word_1_136' title='bbox 722 3141 762 3204; x_wconf 88' lang='lat' dir='ltr'><strong>ad</strong></span> <span class='ocrx_word' id='word_1_137' title='bbox 776 3140 891 3223; x_wconf 84' lang='lat' dir='ltr'><strong>Vergil.</strong></span> <span class='ocrx_word' id='word_1_138' title='bbox 902 3141 981 3202; x_wconf 83' lang='lat' dir='ltr'><strong>Aen.</strong></span> <span class='ocrx_word' id='word_1_139' title='bbox 994 3140 1048 3213; x_wconf 90' lang='lat'><strong>111,</strong></span> <span class='ocrx_word' id='word_1_140' title='bbox 1059 3136 1141 3200; x_wconf 83' lang='lat'><strong>376:</strong></span> <span class='ocrx_word' id='word_1_141' title='bbox 1169 3139 1316 3220; x_wconf 81' lang='lat' dir='ltr'><strong>Valeitque</strong></span> <span class='ocrx_word' id='word_1_142' title='bbox 1331 3133 1420 3220; x_wconf 88' lang='lat' dir='ltr'><strong>vices]</strong></span> <span class='ocrx_word' id='word_1_143' title='bbox 1437 3139 1568 3220; x_wconf 78' lang='lat' dir='ltr'><strong>definitio</strong></span> <span class='ocrx_word' id='word_1_144' title='bbox 1587 3142 1648 3222; x_wconf 76' lang='lat' dir='ltr'><strong>sati</strong></span> <span class='ocrx_word' id='word_1_145' title='bbox 1668 3161 1776 3206; x_wconf 79' lang='lat' dir='ltr'><strong>secam·</strong></span> 
     </span>
     <span class='ocr_line' id='line_1_16' title="bbox 404 3233 1775 3318; baseline 0.001 -17"><span class='ocrx_word' id='word_1_146' title='bbox 404 3237 512 3307; x_wconf 81' lang='lat' dir='ltr'><strong>isdum</strong></span> <span class='ocrx_word' id='word_1_147' title='bbox 535 3236 683 3313; x_wconf 86' lang='lat' dir='ltr'><strong>Tullium,</strong></span> <span class='ocrx_word' id='word_1_148' title='bbox 715 3236 768 3318; x_wconf 90' lang='lat' dir='ltr'><strong>qui</strong></span> <span class='ocrx_word' id='word_1_149' title='bbox 788 3236 852 3298; x_wconf 85' lang='lat' dir='ltr'><strong>ait:</strong></span> <span class='ocrx_word' id='word_1_150' title='bbox 889 3235 999 3298; x_wconf 85' lang='lat' dir='ltr'><strong>Fatum</strong></span> <span class='ocrx_word' id='word_1_151' title='bbox 1030 3241 1078 3295; x_wconf 91' lang='lat' dir='ltr'><strong>est</strong></span> <span class='ocrx_word' id='word_1_152' title='bbox 1105 3233 1242 3297; x_wconf 83' lang='lat' dir='ltr'><strong>conexio</strong></span> <span class='ocrx_word' id='word_1_153' title='bbox 1270 3252 1377 3295; x_wconf 91' lang='lat' dir='ltr'><strong>rerum</strong></span> <span class='ocrx_word' id='word_1_154' title='bbox 1407 3253 1464 3316; x_wconf 92' lang='lat' dir='ltr'><strong>per</strong></span> <span class='ocrx_word' id='word_1_155' title='bbox 1491 3235 1710 3298; x_wconf 89' lang='lat' dir='ltr'><strong>aeternitatem</strong></span> <span class='ocrx_word' id='word_1_156' title='bbox 1739 3256 1775 3302; x_wconf 79' lang='lat' dir='ltr'><strong>aa</strong></span> 
     </span>
     <span class='ocr_line' id='line_1_17' title="bbox 440 3322 1777 3412; baseline -0.001 -17"><span class='ocrx_word' id='word_1_157' title='bbox 440 3332 576 3412; x_wconf 77' lang='lat' dir='ltr'><strong>invicem</strong></span> <span class='ocrx_word' id='word_1_158' title='bbox 606 3338 735 3401; x_wconf 90' lang='lat' dir='ltr'><strong>tenens,</strong></span> <span class='ocrx_word' id='word_1_159' title='bbox 766 3348 849 3412; x_wconf 89' lang='lat' dir='ltr'><strong>quae</strong></span> <span class='ocrx_word' id='word_1_160' title='bbox 878 3348 936 3392; x_wconf 92' lang='lat' dir='ltr'><strong>suo</strong></span> <span class='ocrx_word' id='word_1_161' title='bbox 965 3325 1076 3390; x_wconf 92' lang='lat' dir='ltr'><strong>ordine</strong></span> <span class='ocrx_word' id='word_1_162' title='bbox 1107 3334 1138 3389; x_wconf 93' lang='lat' dir='ltr'><strong>et</strong></span> <span class='ocrx_word' id='word_1_163' title='bbox 1165 3326 1233 3409; x_wconf 89' lang='lat' dir='ltr'><strong>lege</strong></span> <span class='ocrx_word' id='word_1_164' title='bbox 1261 3325 1308 3389; x_wconf 87' lang='lat' dir='ltr'><strong>sic</strong></span> <span class='ocrx_word' id='word_1_165' title='bbox 1330 3325 1469 3390; x_wconf 83' lang='lat' dir='ltr'><strong>variatur</strong></span> <span class='ocrx_word' id='word_1_166' title='bbox 1492 3323 1548 3411; x_wconf 88' lang='lat' dir='ltr'><strong>[ita</strong></span> <span class='ocrx_word' id='word_1_167' title='bbox 1570 3322 1709 3411; x_wconf 87' lang='lat' dir='ltr'><strong>tamen],</strong></span> <span class='ocrx_word' id='word_1_168' title='bbox 1738 3337 1777 3394; x_wconf 89' lang='lat' dir='ltr'><strong>ui</strong></span> 
     </span>
     <span class='ocr_line' id='line_1_18' title="bbox 440 3422 1054 3511; baseline -0.011 -22"><span class='ocrx_word' id='word_1_169' title='bbox 440 3426 511 3511; x_wconf 85' lang='lat' dir='ltr'><strong>ipse</strong></span> <span class='ocrx_word' id='word_1_170' title='bbox 532 3424 668 3487; x_wconf 85' lang='lat' dir='ltr'><strong>varietas</strong></span> <span class='ocrx_word' id='word_1_171' title='bbox 691 3422 805 3486; x_wconf 89' lang='lat' dir='ltr'><strong>babeat</strong></span> <span class='ocrx_word' id='word_1_172' title='bbox 826 3422 1054 3485; x_wconf 89' lang='lat' dir='ltr'><strong>aeternitatem.</strong></span> 
     </span>
     <span class='ocr_line' id='line_1_19' title="bbox 525 3510 1786 3600; baseline -0.004 -17"><span class='ocrx_word' id='word_1_173' title='bbox 525 3514 556 3583; x_wconf 78' lang='grc'><strong>3.</strong></span> <span class='ocrx_word' id='word_1_174' title='bbox 584 3516 782 3600; x_wconf 75' lang='lat' dir='ltr'><strong>Augustinus</strong></span> <span class='ocrx_word' id='word_1_175' title='bbox 811 3515 851 3579; x_wconf 97' lang='lat' dir='ltr'><strong>de</strong></span> <span class='ocrx_word' id='word_1_176' title='bbox 879 3515 962 3577; x_wconf 88' lang='lat' dir='ltr'><strong>civit.</strong></span> <span class='ocrx_word' id='word_1_177' title='bbox 985 3514 1035 3578; x_wconf 90' lang='lat' dir='ltr'><strong>dei</strong></span> <span class='ocrx_word' id='word_1_178' title='bbox 1058 3510 1152 3588; x_wconf 81' lang='lat' dir='ltr'><strong>v‚8:</strong></span> <span class='ocrx_word' id='word_1_179' title='bbox 1188 3514 1242 3575; x_wconf 89' lang='lat' dir='ltr'><strong>llli</strong></span> <span class='ocrx_word' id='word_1_180' title='bbox 1268 3532 1505 3595; x_wconf 87' lang='lat' dir='ltr'><strong>quoqueversus</strong></span> <span class='ocrx_word' id='word_1_181' title='bbox 1526 3513 1682 3577; x_wconf 83' lang='lat' dir='ltr'><strong>Homerici</strong></span> <span class='ocrx_word' id='word_1_182' title='bbox 1702 3514 1786 3579; x_wconf 71' lang='lat' dir='ltr'><strong>buic‘</strong></span> 
     </span>
     <span class='ocr_line' id='line_1_20' title="bbox 440 3608 1396 3691; baseline -0.013 -11"><span class='ocrx_word' id='word_1_183' title='bbox 440 3616 599 3680; x_wconf 80' lang='lat' dir='ltr'><strong>sententiar</strong></span> <span class='ocrx_word' id='word_1_184' title='bbox 619 3610 842 3691; x_wconf 73' lang='lat' dir='ltr'><strong>suffragantur.</strong></span> <span class='ocrx_word' id='word_1_185' title='bbox 864 3628 938 3690; x_wconf 88' lang='lat' dir='ltr'><strong>ques</strong></span> <span class='ocrx_word' id='word_1_186' title='bbox 959 3609 1062 3672; x_wconf 89' lang='lat' dir='ltr'><strong>Cicero</strong></span> <span class='ocrx_word' id='word_1_187' title='bbox 1084 3609 1117 3669; x_wconf 88' lang='lat' dir='ltr'><strong>in</strong></span> <span class='ocrx_word' id='word_1_188' title='bbox 1139 3608 1267 3670; x_wconf 89' lang='lat' dir='ltr'><strong>latinum</strong></span> <span class='ocrx_word' id='word_1_189' title='bbox 1287 3609 1396 3669; x_wconf 87' lang='lat' dir='ltr'><strong>uertit:</strong></span> 
     </span>
     <span class='ocr_line' id='line_1_21' title="bbox 401 3701 1496 3785; baseline -0.002 -17"><span class='ocrx_word' id='word_1_190' title='bbox 401 3730 431 3778; x_wconf 68' lang='lat' dir='ltr'><strong>‚a</strong></span> <span class='ocrx_word' id='word_1_191' title='bbox 653 3704 746 3768; x_wconf 86' lang='lat' dir='ltr'><strong>Tales</strong></span> <span class='ocrx_word' id='word_1_192' title='bbox 767 3711 840 3765; x_wconf 91' lang='lat' dir='ltr'><strong>sunt</strong></span> <span class='ocrx_word' id='word_1_193' title='bbox 862 3702 1022 3766; x_wconf 90' lang='lat' dir='ltr'><strong>bominum</strong></span> <span class='ocrx_word' id='word_1_194' title='bbox 1045 3711 1184 3775; x_wconf 89' lang='lat' dir='ltr'><strong>mentes,</strong></span> <span class='ocrx_word' id='word_1_195' title='bbox 1207 3701 1292 3784; x_wconf 91' lang='lat' dir='ltr'><strong>quali</strong></span> <span class='ocrx_word' id='word_1_196' title='bbox 1316 3710 1406 3783; x_wconf 89' lang='lat' dir='ltr'><strong>pater</strong></span> <span class='ocrx_word' id='word_1_197' title='bbox 1427 3703 1496 3785; x_wconf 88' lang='lat' dir='ltr'><strong>ipse</strong></span> 
     </span>
     <span class='ocr_line' id='line_1_22' title="bbox 651 3793 1423 3879; baseline 0.003 -20"><span class='ocrx_word' id='word_1_198' title='bbox 651 3798 794 3879; x_wconf 90' lang='lat' dir='ltr'><strong>luppiter</strong></span> <span class='ocrx_word' id='word_1_199' title='bbox 815 3793 981 3859; x_wconf 77' lang='lat' dir='ltr'><strong>auctiferas</strong></span> <span class='ocrx_word' id='word_1_200' title='bbox 1003 3794 1147 3858; x_wconf 85' lang='lat' dir='ltr'><strong>lustravit</strong></span> <span class='ocrx_word' id='word_1_201' title='bbox 1171 3796 1289 3858; x_wconf 87' lang='lat' dir='ltr'><strong>lumine</strong></span> <span class='ocrx_word' id='word_1_202' title='bbox 1314 3806 1423 3861; x_wconf 84' lang='lat' dir='ltr'><strong>terras.</strong></span> 
     </span>
     <span class='ocr_line' id='line_1_23' title="bbox 438 3890 1773 3975; baseline -0.003 -16"><span class='ocrx_word' id='word_1_203' title='bbox 438 3898 499 3963; x_wconf 85' lang='lat' dir='ltr'><strong>Nec</strong></span> <span class='ocrx_word' id='word_1_204' title='bbox 524 3897 558 3959; x_wconf 87' lang='lat' dir='ltr'><strong>in</strong></span> <span class='ocrx_word' id='word_1_205' title='bbox 583 3894 641 3957; x_wconf 84' lang='lat' dir='ltr'><strong>bae</strong></span> <span class='ocrx_word' id='word_1_206' title='bbox 666 3893 835 3975; x_wconf 77' lang='lat' dir='ltr'><strong>quaestione</strong></span> <span class='ocrx_word' id='word_1_207' title='bbox 859 3890 1067 3952; x_wconf 87' lang='lat' dir='ltr'><strong>auctoritatem</strong></span> <span class='ocrx_word' id='word_1_208' title='bbox 1089 3892 1207 3952; x_wconf 85' lang='lat' dir='ltr'><strong>baberet</strong></span> <span class='ocrx_word' id='word_1_209' title='bbox 1226 3892 1345 3970; x_wconf 83' lang='lat' dir='ltr'><strong>poetica</strong></span> <span class='ocrx_word' id='word_1_210' title='bbox 1367 3892 1526 3963; x_wconf 85' lang='lat' dir='ltr'><strong>sententia,</strong></span> <span class='ocrx_word' id='word_1_211' title='bbox 1557 3890 1773 3973; x_wconf 87' lang='lat' dir='ltr'><strong>sedquoniam</strong></span> 
     </span>
     <span class='ocr_line' id='line_1_24' title="bbox 438 3985 1771 4068; baseline -0.002 -16"><span class='ocrx_word' id='word_1_212' title='bbox 438 3990 556 4055; x_wconf 80' lang='lat' dir='ltr'><strong>Stoicos</strong></span> <span class='ocrx_word' id='word_1_213' title='bbox 582 3988 656 4050; x_wconf 88' lang='lat' dir='ltr'><strong>dicit</strong></span> <span class='ocrx_word' id='word_1_214' title='bbox 683 3986 745 4048; x_wconf 88' lang='lat' dir='ltr'><strong>eim</strong></span> <span class='ocrx_word' id='word_1_215' title='bbox 770 3986 830 4066; x_wconf 76' lang='lat' dir='ltr'><strong>sati</strong></span> <span class='ocrx_word' id='word_1_216' title='bbox 857 3994 1020 4047; x_wconf 86' lang='lat' dir='ltr'><strong>asserentes</strong></span> <span class='ocrx_word' id='word_1_217' title='bbox 1046 3985 1119 4045; x_wconf 85' lang='lat' dir='ltr'><strong>istos</strong></span> <span class='ocrx_word' id='word_1_218' title='bbox 1147 4004 1186 4046; x_wconf 80' lang='lat' dir='ltr'><strong>es</strong></span> <span class='ocrx_word' id='word_1_219' title='bbox 1208 3986 1339 4047; x_wconf 87' lang='lat' dir='ltr'><strong>Homero</strong></span> <span class='ocrx_word' id='word_1_220' title='bbox 1368 4005 1472 4049; x_wconf 82' lang='lat' dir='ltr'><strong>versus</strong></span> <span class='ocrx_word' id='word_1_221' title='bbox 1493 3986 1586 4047; x_wconf 84' lang='lat' dir='ltr'><strong>solere</strong></span> <span class='ocrx_word' id='word_1_222' title='bbox 1606 4005 1771 4068; x_wconf 88' lang='lat' dir='ltr'><strong>usurpare,</strong></span> 
     </span>
     <span class='ocr_line' id='line_1_25' title="bbox 437 4078 1773 4161; baseline -0.004 -13"><span class='ocrx_word' id='word_1_223' title='bbox 437 4104 500 4149; x_wconf 88' lang='lat' dir='ltr'><strong>non</strong></span> <span class='ocrx_word' id='word_1_224' title='bbox 524 4084 559 4146; x_wconf 92' lang='lat' dir='ltr'><strong>de</strong></span> <span class='ocrx_word' id='word_1_225' title='bbox 583 4083 667 4143; x_wconf 89' lang='lat' dir='ltr'><strong>iliius</strong></span> <span class='ocrx_word' id='word_1_226' title='bbox 684 4089 789 4159; x_wconf 89' lang='lat' dir='ltr'><strong>poetae</strong></span> <span class='ocrx_word' id='word_1_227' title='bbox 810 4080 861 4139; x_wconf 88' lang='lat' dir='ltr'><strong>sed</strong></span> <span class='ocrx_word' id='word_1_228' title='bbox 882 4078 917 4139; x_wconf 85' lang='lat' dir='ltr'><strong>de</strong></span> <span class='ocrx_word' id='word_1_229' title='bbox 938 4079 1066 4139; x_wconf 90' lang='lat' dir='ltr'><strong>istorum</strong></span> <span class='ocrx_word' id='word_1_230' title='bbox 1085 4080 1332 4159; x_wconf 80' lang='lat' dir='ltr'><strong>pbilosophorum</strong></span> <span class='ocrx_word' id='word_1_231' title='bbox 1354 4082 1491 4161; x_wconf 86' lang='lat' dir='ltr'><strong>opinione</strong></span> <span class='ocrx_word' id='word_1_232' title='bbox 1514 4089 1674 4154; x_wconf 85' lang='lat' dir='ltr'><strong>tractatur,</strong></span> <span class='ocrx_word' id='word_1_233' title='bbox 1703 4101 1773 4143; x_wconf 89' lang='lat' dir='ltr'><strong>oum</strong></span> 
     </span>
     <span class='ocr_line' id='line_1_26' title="bbox 400 4173 1773 4260; baseline -0.001 -21"><span class='ocrx_word' id='word_1_234' title='bbox 400 4197 491 4260; x_wconf 65' lang='lat' dir='ltr'><strong>‚sper</strong></span> <span class='ocrx_word' id='word_1_235' title='bbox 511 4179 586 4238; x_wconf 83' lang='lat' dir='ltr'><strong>istos</strong></span> <span class='ocrx_word' id='word_1_236' title='bbox 607 4193 719 4242; x_wconf 79' lang='lat' dir='ltr'><strong>versas.</strong></span> <span class='ocrx_word' id='word_1_237' title='bbox 744 4193 817 4255; x_wconf 86' lang='lat' dir='ltr'><strong>quos</strong></span> <span class='ocrx_word' id='word_1_238' title='bbox 837 4174 1035 4253; x_wconf 72' lang='lat' dir='ltr'><strong>disputationi</strong></span> <span class='ocrx_word' id='word_1_239' title='bbox 1057 4173 1203 4244; x_wconf 73' lang='lat' dir='ltr'><strong>adhibent,</strong></span> <span class='ocrx_word' id='word_1_240' title='bbox 1228 4194 1317 4254; x_wconf 85' lang='lat' dir='ltr'><strong>quum</strong></span> <span class='ocrx_word' id='word_1_241' title='bbox 1341 4174 1378 4235; x_wconf 87' lang='lat' dir='ltr'><strong>de</strong></span> <span class='ocrx_word' id='word_1_242' title='bbox 1397 4176 1462 4255; x_wconf 75' lang='lat' dir='ltr'><strong>[ato</strong></span> <span class='ocrx_word' id='word_1_243' title='bbox 1483 4175 1597 4248; x_wconf 84' lang='lat' dir='ltr'><strong>babent,</strong></span> <span class='ocrx_word' id='word_1_244' title='bbox 1620 4177 1692 4255; x_wconf 91' lang='lat' dir='ltr'><strong>quid</strong></span> <span class='ocrx_word' id='word_1_245' title='bbox 1706 4196 1773 4238; x_wconf 87' lang='lat' dir='ltr'><strong>sen-</strong></span> 
     </span>
     <span class='ocr_line' id='line_1_27' title="bbox 437 4267 1773 4351; baseline 0.001 -17"><span class='ocrx_word' id='word_1_246' title='bbox 437 4274 514 4334; x_wconf 86' lang='lat' dir='ltr'><strong>tiant</strong></span> <span class='ocrx_word' id='word_1_247' title='bbox 535 4290 596 4333; x_wconf 85' lang='lat' dir='ltr'><strong>esse</strong></span> <span class='ocrx_word' id='word_1_248' title='bbox 614 4271 713 4350; x_wconf 78' lang='lat' dir='ltr'><strong>[atum</strong></span> <span class='ocrx_word' id='word_1_249' title='bbox 734 4270 920 4348; x_wconf 74' lang='lat' dir='ltr'><strong>apertissime</strong></span> <span class='ocrx_word' id='word_1_250' title='bbox 938 4267 1120 4342; x_wconf 88' lang='lat' dir='ltr'><strong>declaratur,</strong></span> <span class='ocrx_word' id='word_1_251' title='bbox 1138 4268 1281 4346; x_wconf 87' lang='lat' dir='ltr'><strong>quoniam</strong></span> <span class='ocrx_word' id='word_1_252' title='bbox 1294 4270 1395 4330; x_wconf 86' lang='lat' dir='ltr'><strong>locem</strong></span> <span class='ocrx_word' id='word_1_253' title='bbox 1414 4270 1573 4349; x_wconf 78' lang='lat' dir='ltr'><strong>appellant,</strong></span> <span class='ocrx_word' id='word_1_254' title='bbox 1591 4290 1676 4351; x_wconf 86' lang='lat' dir='ltr'><strong>quem</strong></span> <span class='ocrx_word' id='word_1_255' title='bbox 1689 4291 1773 4335; x_wconf 83' lang='lat' dir='ltr'><strong>rum-</strong></span> 
     </span>
     <span class='ocr_line' id='line_1_28' title="bbox 438 4362 1536 4443; baseline -0.003 -16"><span class='ocrx_word' id='word_1_256' title='bbox 438 4385 519 4428; x_wconf 89' lang='lat' dir='ltr'><strong>mum</strong></span> <span class='ocrx_word' id='word_1_257' title='bbox 539 4364 625 4425; x_wconf 89' lang='lat' dir='ltr'><strong>deum</strong></span> <span class='ocrx_word' id='word_1_258' title='bbox 644 4372 767 4443; x_wconf 89' lang='lat' dir='ltr'><strong>putant,</strong></span> <span class='ocrx_word' id='word_1_259' title='bbox 791 4383 811 4423; x_wconf 88' lang='grc' dir='ltr'><strong>ιι</strong></span> <span class='ocrx_word' id='word_1_260' title='bbox 832 4383 889 4442; x_wconf 90' lang='lat' dir='ltr'><strong>quo</strong></span> <span class='ocrx_word' id='word_1_261' title='bbox 911 4362 1104 4423; x_wconf 76' lang='lat' dir='ltr'><strong>senecionem</strong></span> <span class='ocrx_word' id='word_1_262' title='bbox 1126 4362 1228 4422; x_wconf 83' lang='lat' dir='ltr'><strong>dicunt</strong></span> <span class='ocrx_word' id='word_1_263' title='bbox 1245 4364 1371 4442; x_wconf 85' lang='lat' dir='ltr'><strong>pendere</strong></span> <span class='ocrx_word' id='word_1_264' title='bbox 1390 4364 1536 4443; x_wconf 74' lang='lat' dir='ltr'><strong>satorum.</strong></span> 
     </span>
     <span class='ocr_line' id='line_1_29' title="bbox 523 4453 1772 4540; baseline 0.004 -22"><span class='ocrx_word' id='word_1_265' title='bbox 523 4453 553 4519; x_wconf 79' lang='lat' dir='ltr'><strong>i.</strong></span> <span class='ocrx_word' id='word_1_266' title='bbox 576 4457 771 4538; x_wconf 74' lang='lat' dir='ltr'><strong>Augustinus</strong></span> <span class='ocrx_word' id='word_1_267' title='bbox 794 4457 833 4516; x_wconf 89' lang='lat' dir='ltr'><strong>de</strong></span> <span class='ocrx_word' id='word_1_268' title='bbox 856 4456 938 4517; x_wconf 86' lang='lat' dir='ltr'><strong>civit.</strong></span> <span class='ocrx_word' id='word_1_269' title='bbox 958 4453 1007 4516; x_wconf 94' lang='lat' dir='ltr'><strong>dei</strong></span> <span class='ocrx_word' id='word_1_270' title='bbox 1026 4457 1062 4529; x_wconf 90' lang='lat' dir='ltr'><strong>V,</strong></span> <span class='ocrx_word' id='word_1_271' title='bbox 1076 4454 1114 4517; x_wconf 73' lang='lat'><strong>⁶2:</strong></span> <span class='ocrx_word' id='word_1_272' title='bbox 1145 4459 1246 4519; x_wconf 86' lang='lat' dir='ltr'><strong>Cicero</strong></span> <span class='ocrx_word' id='word_1_273' title='bbox 1266 4459 1338 4519; x_wconf 84' lang='lat' dir='ltr'><strong>dicit</strong></span> <span class='ocrx_word' id='word_1_274' title='bbox 1361 4459 1587 4540; x_wconf 87' lang='lat' dir='ltr'><strong>Hippocratem</strong></span> <span class='ocrx_word' id='word_1_275' title='bbox 1611 4458 1772 4523; x_wconf 89' lang='lat' dir='ltr'><strong>nobilissi-</strong></span> 
     </span>
     <span class='ocr_line' id='line_1_30' title="bbox 440 4550 1769 4633; baseline 0.001 -18"><span class='ocrx_word' id='word_1_276' title='bbox 440 4572 522 4615; x_wconf 90' lang='lat' dir='ltr'><strong>mum</strong></span> <span class='ocrx_word' id='word_1_277' title='bbox 546 4552 704 4613; x_wconf 90' lang='lat' dir='ltr'><strong>medicum</strong></span> <span class='ocrx_word' id='word_1_278' title='bbox 727 4550 879 4632; x_wconf 88' lang='lat' dir='ltr'><strong>seriptum</strong></span> <span class='ocrx_word' id='word_1_279' title='bbox 903 4550 1072 4632; x_wconf 88' lang='lat' dir='ltr'><strong>reliquisse</strong></span> <span class='ocrx_word' id='word_1_280' title='bbox 1098 4551 1251 4632; x_wconf 89' lang='lat' dir='ltr'><strong>quosdam</strong></span> <span class='ocrx_word' id='word_1_281' title='bbox 1269 4551 1390 4623; x_wconf 87' lang='lat' dir='ltr'><strong>iratres,</strong></span> <span class='ocrx_word' id='word_1_282' title='bbox 1408 4573 1478 4614; x_wconf 91' lang='lat' dir='ltr'><strong>cum</strong></span> <span class='ocrx_word' id='word_1_283' title='bbox 1495 4552 1587 4615; x_wconf 91' lang='lat' dir='ltr'><strong>simul</strong></span> <span class='ocrx_word' id='word_1_284' title='bbox 1604 4562 1769 4633; x_wconf 88' lang='lat' dir='ltr'><strong>aegrotare</strong></span> 
     </span>
     <span class='ocr_line' id='line_1_31' title="bbox 401 4643 1770 4727; baseline 0 -18"><span class='ocrx_word' id='word_1_285' title='bbox 401 4645 626 4726; x_wconf 70' lang='lat' dir='ltr'><strong>incoepissent,</strong></span> <span class='ocrx_word' id='word_1_286' title='bbox 649 4653 811 4706; x_wconf 92' lang='lat' dir='ltr'><strong>eteorum</strong></span> <span class='ocrx_word' id='word_1_287' title='bbox 835 4643 963 4705; x_wconf 86' lang='lat' dir='ltr'><strong>morbus</strong></span> <span class='ocrx_word' id='word_1_288' title='bbox 986 4643 1098 4706; x_wconf 88' lang='lat' dir='ltr'><strong>eodem</strong></span> <span class='ocrx_word' id='word_1_289' title='bbox 1122 4652 1266 4725; x_wconf 92' lang='lat' dir='ltr'><strong>tempore</strong></span> <span class='ocrx_word' id='word_1_290' title='bbox 1289 4645 1528 4727; x_wconf 83' lang='lat' dir='ltr'><strong>ingravesceret,</strong></span> <span class='ocrx_word' id='word_1_291' title='bbox 1552 4647 1664 4709; x_wconf 88' lang='lat' dir='ltr'><strong>eodem</strong></span> <span class='ocrx_word' id='word_1_292' title='bbox 1684 4648 1770 4710; x_wconf 88' lang='lat' dir='ltr'><strong>leva·</strong></span> 
     </span>
     <span class='ocr_line' id='line_1_32' title="bbox 439 4738 1768 4823; baseline 0.002 -21"><span class='ocrx_word' id='word_1_293' title='bbox 439 4749 532 4813; x_wconf 92' lang='lat' dir='ltr'><strong>retur,</strong></span> <span class='ocrx_word' id='word_1_294' title='bbox 554 4739 697 4820; x_wconf 91' lang='lat' dir='ltr'><strong>geminos</strong></span> <span class='ocrx_word' id='word_1_295' title='bbox 720 4738 922 4819; x_wconf 87' lang='lat' dir='ltr'><strong>suspicatum.</strong></span> <span class='ocrx_word' id='word_1_296' title='bbox 962 4738 1050 4813; x_wconf 87' lang='lat' dir='ltr'><strong>Quos</strong></span> <span class='ocrx_word' id='word_1_297' title='bbox 1066 4739 1256 4801; x_wconf 88' lang='lat' dir='ltr'><strong>Posidonius</strong></span> <span class='ocrx_word' id='word_1_298' title='bbox 1273 4738 1399 4801; x_wconf 90' lang='lat' dir='ltr'><strong>Stoicus</strong></span> <span class='ocrx_word' id='word_1_299' title='bbox 1422 4740 1553 4803; x_wconf 92' lang='lat' dir='ltr'><strong>multum</strong></span> <span class='ocrx_word' id='word_1_300' title='bbox 1577 4740 1768 4823; x_wconf 82' lang='lat' dir='ltr'><strong>astrologiae</strong></span> 
     </span>
    </p>
   </div>
   <div class='ocr_carea' id='block_1_6' title="bbox 437 4950 1770 5997">
    <p class='ocr_par' dir='ltr' id='par_1_6' title="bbox 437 4950 1770 5541">
     <span class='ocr_line' id='line_1_33' title="bbox 504 4950 1769 5011; baseline 0.002 -10"><span class='ocrx_word' id='word_1_301' title='bbox 504 4954 528 5001; x_wconf 91' lang='grc' dir='ltr'><strong>ι,</strong></span> <span class='ocrx_word' id='word_1_302' title='bbox 547 4952 766 5001; x_wconf 77' lang='lat' dir='ltr'><strong>commmittiasn</strong></span> <span class='ocrx_word' id='word_1_303' title='bbox 789 4976 816 4986; x_wconf 95' lang='lat'><em>-</em></span> <span class='ocrx_word' id='word_1_304' title='bbox 842 4950 1256 5000; x_wconf 83' lang='lat' dir='ltr'><strong>commenticias·-dectinationss</strong></span> <span class='ocrx_word' id='word_1_305' title='bbox 1273 4953 1310 5007; x_wconf 85' lang='lat' dir='ltr'><strong>tv.</strong></span> <span class='ocrx_word' id='word_1_306' title='bbox 1324 4952 1351 5011; x_wconf 82' lang='lat'><strong>3)</strong></span> <span class='ocrx_word' id='word_1_307' title='bbox 1370 4965 1423 5002; x_wconf 91' lang='lat' dir='ltr'><strong>om.</strong></span> <span class='ocrx_word' id='word_1_308' title='bbox 1443 4952 1493 5001; x_wconf 90' lang='lat' dir='ltr'><strong>cod</strong></span> <span class='ocrx_word' id='word_1_309' title='bbox 1518 4953 1602 5009; x_wconf 82' lang='lat' dir='ltr'><strong>Gud.;</strong></span> <span class='ocrx_word' id='word_1_310' title='bbox 1627 4955 1652 5003; x_wconf 90' lang='lat' dir='ltr'><strong>tn</strong></span> <span class='ocrx_word' id='word_1_311' title='bbox 1671 4954 1769 5003; x_wconf 84' lang='lat' dir='ltr'><strong>cod.V</strong></span> 
     </span>
     <span class='ocr_line' id='line_1_34' title="bbox 438 5024 1769 5094; baseline 0.001 -16"><span class='ocrx_word' id='word_1_312' title='bbox 438 5028 534 5079; x_wconf 86' lang='lat' dir='ltr'><strong>eadem</strong></span> <span class='ocrx_word' id='word_1_313' title='bbox 560 5026 661 5085; x_wconf 88' lang='lat' dir='ltr'><strong>uerba,</strong></span> <span class='ocrx_word' id='word_1_314' title='bbox 688 5039 757 5087; x_wconf 88' lang='lat' dir='ltr'><strong>quae</strong></span> <span class='ocrx_word' id='word_1_315' title='bbox 781 5026 859 5074; x_wconf 92' lang='lat' dir='ltr'><strong>trium</strong></span> <span class='ocrx_word' id='word_1_316' title='bbox 882 5024 1011 5075; x_wconf 84' lang='lat' dir='ltr'><strong>linearum</strong></span> <span class='ocrx_word' id='word_1_317' title='bbox 1034 5028 1148 5089; x_wconf 88' lang='lat' dir='ltr'><strong>spatium</strong></span> <span class='ocrx_word' id='word_1_318' title='bbox 1172 5026 1359 5089; x_wconf 81' lang='lat' dir='ltr'><strong>complebant,</strong></span> <span class='ocrx_word' id='word_1_319' title='bbox 1386 5029 1411 5076; x_wconf 90' lang='lat' dir='ltr'><strong>in</strong></span> <span class='ocrx_word' id='word_1_320' title='bbox 1435 5030 1553 5077; x_wconf 86' lang='lat' dir='ltr'><strong>extrema</strong></span> <span class='ocrx_word' id='word_1_321' title='bbox 1579 5031 1670 5091; x_wconf 80' lang='lat' dir='ltr'><strong>pagina</strong></span> <span class='ocrx_word' id='word_1_322' title='bbox 1689 5031 1769 5094; x_wconf 87' lang='lat' dir='ltr'><strong>impin</strong></span> 
     </span>
     <span class='ocr_line' id='line_1_35' title="bbox 438 5099 1769 5167; baseline 0.003 -15"><span class='ocrx_word' id='word_1_323' title='bbox 438 5115 519 5153; x_wconf 89' lang='lat' dir='ltr'><strong>menn</strong></span> <span class='ocrx_word' id='word_1_324' title='bbox 536 5103 570 5151; x_wconf 91' lang='lat' dir='ltr'><strong>ita</strong></span> <span class='ocrx_word' id='word_1_325' title='bbox 588 5114 663 5151; x_wconf 91' lang='lat' dir='ltr'><strong>erasa</strong></span> <span class='ocrx_word' id='word_1_326' title='bbox 682 5104 756 5158; x_wconf 89' lang='lat' dir='ltr'><strong>sunt,</strong></span> <span class='ocrx_word' id='word_1_327' title='bbox 780 5104 809 5149; x_wconf 92' lang='lat' dir='ltr'><strong>ut</strong></span> <span class='ocrx_word' id='word_1_328' title='bbox 826 5114 908 5164; x_wconf 92' lang='lat' dir='ltr'><strong>peuce</strong></span> <span class='ocrx_word' id='word_1_329' title='bbox 928 5099 1073 5151; x_wconf 77' lang='lat' dir='ltr'><strong>litterarum</strong></span> <span class='ocrx_word' id='word_1_330' title='bbox 1093 5104 1200 5165; x_wconf 84' lang='lat' dir='ltr'><strong>vestigia</strong></span> <span class='ocrx_word' id='word_1_331' title='bbox 1219 5105 1368 5167; x_wconf 75' lang='lat' dir='ltr'><strong>supersint:</strong></span> <span class='ocrx_word' id='word_1_332' title='bbox 1392 5117 1508 5165; x_wconf 86' lang='lat' dir='ltr'><strong>sequens</strong></span> <span class='ocrx_word' id='word_1_333' title='bbox 1526 5105 1619 5166; x_wconf 88' lang='lat' dir='ltr'><strong>pagina</strong></span> <span class='ocrx_word' id='word_1_334' title='bbox 1642 5118 1656 5153; x_wconf 89' lang='lat' dir='ltr'><strong>a</strong></span> <span class='ocrx_word' id='word_1_335' title='bbox 1676 5104 1769 5156; x_wconf 89' lang='lat' dir='ltr'><strong>litteris</strong></span> 
     </span>
     <span class='ocr_line' id='line_1_36' title="bbox 437 5175 1768 5241; baseline 0.001 -13"><span class='ocrx_word' id='word_1_336' title='bbox 437 5192 479 5229; x_wconf 86' lang='lat' dir='ltr'><strong>ner</strong></span> <span class='ocrx_word' id='word_1_337' title='bbox 496 5179 601 5241; x_wconf 86' lang='lat' dir='ltr'><strong>incipit,</strong></span> <span class='ocrx_word' id='word_1_338' title='bbox 625 5189 705 5240; x_wconf 86' lang='lat' dir='ltr'><strong>quam</strong></span> <span class='ocrx_word' id='word_1_339' title='bbox 724 5179 870 5226; x_wconf 84' lang='lat' dir='ltr'><strong>extremam</strong></span> <span class='ocrx_word' id='word_1_340' title='bbox 888 5175 1020 5237; x_wconf 83' lang='lat' dir='ltr'><strong>syllabam</strong></span> <span class='ocrx_word' id='word_1_341' title='bbox 1039 5177 1112 5225; x_wconf 86' lang='lat' dir='ltr'><strong>vocis</strong></span> <span class='ocrx_word' id='word_1_342' title='bbox 1129 5178 1305 5227; x_wconf 78' lang='lat' dir='ltr'><strong>declinationes</strong></span> <span class='ocrx_word' id='word_1_343' title='bbox 1322 5191 1381 5228; x_wconf 90' lang='lat' dir='ltr'><strong>esse</strong></span> <span class='ocrx_word' id='word_1_344' title='bbox 1399 5183 1510 5241; x_wconf 90' lang='lat' dir='ltr'><strong>apparet</strong></span> <span class='ocrx_word' id='word_1_345' title='bbox 1526 5206 1559 5215; x_wconf 97' lang='lat'><em>-</em></span> <span class='ocrx_word' id='word_1_346' title='bbox 1581 5178 1605 5226; x_wconf 81' lang='grc'><strong>3.</strong></span> <span class='ocrx_word' id='word_1_347' title='bbox 1620 5178 1768 5240; x_wconf 75' lang='lat' dir='ltr'><strong>probaret]</strong></span> 
     </span>
     <span class='ocr_line' id='line_1_37' title="bbox 440 5251 1768 5317; baseline 0.001 -15"><span class='ocrx_word' id='word_1_348' title='bbox 440 5278 466 5291; x_wconf 91' lang='lat'><em>—</em></span> <span class='ocrx_word' id='word_1_349' title='bbox 485 5251 631 5314; x_wconf 76' lang='lat' dir='ltr'><strong>numquam]</strong></span> <span class='ocrx_word' id='word_1_350' title='bbox 649 5266 710 5300; x_wconf 86' lang='grc' dir='ltr'><strong><em>ιιιιιιι</em></strong></span> <span class='ocrx_word' id='word_1_351' title='bbox 726 5252 821 5312; x_wconf 84' lang='lat' dir='ltr'><strong>quidB</strong></span> <span class='ocrx_word' id='word_1_352' title='bbox 843 5278 868 5287; x_wconf 97' lang='lat'>-</span> <span class='ocrx_word' id='word_1_353' title='bbox 893 5254 917 5301; x_wconf 83' lang='lat'><strong>5.</strong></span> <span class='ocrx_word' id='word_1_354' title='bbox 932 5252 1138 5312; x_wconf 78' lang='lat' dir='ltr'><strong>impertientemii</strong></span> <span class='ocrx_word' id='word_1_355' title='bbox 1159 5277 1186 5288; x_wconf 94' lang='lat'>-</span> <span class='ocrx_word' id='word_1_356' title='bbox 1206 5252 1262 5315; x_wconf 81' lang='lat' dir='ltr'><strong>etle</strong></span> <span class='ocrx_word' id='word_1_357' title='bbox 1278 5252 1309 5302; x_wconf 60' lang='grc' dir='ltr'><strong>ΑΙ</strong></span> <span class='ocrx_word' id='word_1_358' title='bbox 1329 5276 1355 5287; x_wconf 92' lang='grc'>-</span> <span class='ocrx_word' id='word_1_359' title='bbox 1376 5253 1398 5301; x_wconf 85' lang='grc' dir='ltr'><strong>ι.</strong></span> <span class='ocrx_word' id='word_1_360' title='bbox 1419 5253 1583 5317; x_wconf 86' lang='lat' dir='ltr'><strong>Subscriptio</strong></span> <span class='ocrx_word' id='word_1_361' title='bbox 1600 5253 1677 5302; x_wconf 85' lang='lat' dir='ltr'><strong>deest</strong></span> <span class='ocrx_word' id='word_1_362' title='bbox 1695 5255 1718 5302; x_wconf 93' lang='lat' dir='ltr'><strong>in</strong></span> <span class='ocrx_word' id='word_1_363' title='bbox 1733 5254 1768 5309; x_wconf 83' lang='lat' dir='ltr'><strong>C:</strong></span> 
     </span>
     <span class='ocr_line' id='line_1_38' title="bbox 438 5326 1769 5393; baseline 0.001 -13"><span class='ocrx_word' id='word_1_364' title='bbox 438 5328 498 5380; x_wconf 88' lang='lat' dir='ltr'><strong>cod.</strong></span> <span class='ocrx_word' id='word_1_365' title='bbox 516 5330 536 5378; x_wconf 79' lang='grc' dir='ltr'>Α</span> <span class='ocrx_word' id='word_1_366' title='bbox 555 5327 652 5377; x_wconf 88' lang='lat' dir='ltr'><strong>eodem</strong></span> <span class='ocrx_word' id='word_1_367' title='bbox 669 5340 749 5376; x_wconf 85' lang='lat' dir='ltr'><strong>versu</strong></span> <span class='ocrx_word' id='word_1_368' title='bbox 772 5328 857 5390; x_wconf 80' lang='lat' dir='ltr'><strong>pergit</strong></span> <span class='ocrx_word' id='word_1_369' title='bbox 878 5329 903 5377; x_wconf 91' lang='grc' dir='ltr'><strong>ιιι</strong></span> <span class='ocrx_word' id='word_1_370' title='bbox 922 5328 1026 5391; x_wconf 86' lang='lat' dir='ltr'><strong>Topicis</strong></span> <span class='ocrx_word' id='word_1_371' title='bbox 1044 5341 1058 5375; x_wconf 91' lang='lat' dir='ltr'><strong>e</strong></span> <span class='ocrx_word' id='word_1_372' title='bbox 1076 5326 1167 5378; x_wconf 87' lang='lat' dir='ltr'><strong>verbis</strong></span> <span class='ocrx_word' id='word_1_373' title='bbox 1187 5332 1215 5375; x_wconf 88' lang='lat' dir='ltr'><strong>ut</strong></span> <span class='ocrx_word' id='word_1_374' title='bbox 1229 5330 1300 5389; x_wconf 85' lang='lat' dir='ltr'><strong>potui</strong></span> <span class='ocrx_word' id='word_1_375' title='bbox 1318 5328 1397 5389; x_wconf 83' lang='lat' dir='ltr'><strong>l§il,</strong></span> <span class='ocrx_word' id='word_1_376' title='bbox 1422 5330 1447 5378; x_wconf 91' lang='grc' dir='ltr'><strong>ιιι</strong></span> <span class='ocrx_word' id='word_1_377' title='bbox 1465 5329 1484 5378; x_wconf 85' lang='grc' dir='ltr'><strong>Β</strong></span> <span class='ocrx_word' id='word_1_378' title='bbox 1502 5342 1577 5392; x_wconf 82' lang='lat' dir='ltr'><strong>signo</strong></span> <span class='ocrx_word' id='word_1_379' title='bbox 1595 5331 1716 5393; x_wconf 90' lang='lat' dir='ltr'><strong>adposita</strong></span> <span class='ocrx_word' id='word_1_380' title='bbox 1734 5331 1769 5381; x_wconf 92' lang='lat' dir='ltr'><strong>ed</strong></span> 
     </span>
     <span class='ocr_line' id='line_1_39' title="bbox 437 5400 1770 5467; baseline 0.002 -14"><span class='ocrx_word' id='word_1_381' title='bbox 437 5405 589 5454; x_wconf 84' lang='lat' dir='ltr'><strong>naturaiiter</strong></span> <span class='ocrx_word' id='word_1_382' title='bbox 605 5404 630 5452; x_wconf 90' lang='lat' dir='ltr'><strong>in</strong></span> <span class='ocrx_word' id='word_1_383' title='bbox 649 5403 767 5463; x_wconf 90' lang='lat' dir='ltr'><strong>margine</strong></span> <span class='ocrx_word' id='word_1_384' title='bbox 785 5400 939 5451; x_wconf 90' lang='lat' dir='ltr'><strong>adnotatum</strong></span> <span class='ocrx_word' id='word_1_385' title='bbox 957 5404 1011 5451; x_wconf 83' lang='lat' dir='ltr'><strong>est:</strong></span> <span class='ocrx_word' id='word_1_386' title='bbox 1030 5403 1069 5451; x_wconf 83' lang='lat' dir='ltr'><strong>bic</strong></span> <span class='ocrx_word' id='word_1_387' title='bbox 1086 5403 1151 5451; x_wconf 88' lang='lat' dir='ltr'><strong>deest</strong></span> <span class='ocrx_word' id='word_1_388' title='bbox 1166 5404 1223 5465; x_wconf 69' lang='lat' dir='ltr'><strong>finis</strong></span> <span class='ocrx_word' id='word_1_389' title='bbox 1239 5402 1311 5451; x_wconf 80' lang='lat' dir='ltr'><strong>buius</strong></span> <span class='ocrx_word' id='word_1_390' title='bbox 1327 5403 1384 5453; x_wconf 88' lang='lat' dir='ltr'><strong>iibri</strong></span> <span class='ocrx_word' id='word_1_391' title='bbox 1403 5417 1475 5466; x_wconf 86' lang='lat' dir='ltr'><strong>quern</strong></span> <span class='ocrx_word' id='word_1_392' title='bbox 1487 5405 1594 5454; x_wconf 84' lang='lat' dir='ltr'><strong>inuenies</strong></span> <span class='ocrx_word' id='word_1_393' title='bbox 1606 5409 1770 5467; x_wconf 83' lang='lat' dir='ltr'><strong>quaternione</strong></span> 
     </span>
     <span class='ocr_line' id='line_1_40' title="bbox 437 5478 697 5541; baseline -0.027 -10"><span class='ocrx_word' id='word_1_394' title='bbox 437 5481 493 5531; x_wconf 83' lang='lat' dir='ltr'><strong>XX!</strong></span> <span class='ocrx_word' id='word_1_395' title='bbox 507 5481 568 5541; x_wconf 77' lang='lat' dir='ltr'><strong>[olto</strong></span> <span class='ocrx_word' id='word_1_396' title='bbox 583 5478 697 5528; x_wconf 80' lang='lat' dir='ltr'><strong>secunda</strong></span> 
     </span>
    </p>

    <p class='ocr_par' dir='ltr' id='par_1_7' title="bbox 437 5550 1770 5997">
     <span class='ocr_line' id='line_1_41' title="bbox 504 5550 1770 5618; baseline 0.002 -16"><span class='ocrx_word' id='word_1_397' title='bbox 504 5556 544 5604; x_wconf 77' lang='lat' dir='ltr'><strong>ii.</strong></span> <span class='ocrx_word' id='word_1_398' title='bbox 562 5555 601 5602; x_wconf 87' lang='lat' dir='ltr'><strong>ait</strong></span> <span class='ocrx_word' id='word_1_399' title='bbox 617 5550 782 5601; x_wconf 89' lang='lat' dir='ltr'><strong>addidimus:</strong></span> <span class='ocrx_word' id='word_1_400' title='bbox 806 5550 882 5611; x_wconf 74' lang='lat' dir='ltr'><strong>relert</strong></span> <span class='ocrx_word' id='word_1_401' title='bbox 898 5551 936 5600; x_wconf 81' lang='lat' dir='ltr'><strong>bis</strong></span> <span class='ocrx_word' id='word_1_402' title='bbox 952 5550 1069 5601; x_wconf 83' lang='lat' dir='ltr'><strong>uerbisO</strong></span> <span class='ocrx_word' id='word_1_403' title='bbox 1098 5577 1125 5587; x_wconf 94' lang='lat'><em>-</em></span> <span class='ocrx_word' id='word_1_404' title='bbox 1151 5556 1226 5613; x_wconf 87' lang='lat' dir='ltr'><strong>paeto</strong></span> <span class='ocrx_word' id='word_1_405' title='bbox 1247 5564 1301 5601; x_wconf 90' lang='lat' dir='ltr'><strong>om.</strong></span> <span class='ocrx_word' id='word_1_406' title='bbox 1321 5552 1416 5609; x_wconf 75' lang='lat' dir='ltr'><strong>codd:</strong></span> <span class='ocrx_word' id='word_1_407' title='bbox 1440 5567 1550 5615; x_wconf 83' lang='lat' dir='ltr'><strong>quonam</strong></span> <span class='ocrx_word' id='word_1_408' title='bbox 1565 5555 1610 5603; x_wconf 87' lang='lat' dir='ltr'><strong>boc</strong></span> <span class='ocrx_word' id='word_1_409' title='bbox 1625 5556 1698 5604; x_wconf 88' lang='lat' dir='ltr'><strong>modo</strong></span> <span class='ocrx_word' id='word_1_410' title='bbox 1715 5556 1770 5618; x_wconf 83' lang='lat' dir='ltr'><strong>(bac</strong></span> 
     </span>
     <span class='ocr_line' id='line_1_42' title="bbox 437 5625 1769 5692; baseline 0 -13"><span class='ocrx_word' id='word_1_411' title='bbox 437 5629 595 5680; x_wconf 68' lang='lat' dir='ltr'><strong>madenti</strong></span> <span class='ocrx_word' id='word_1_412' title='bbox 613 5628 677 5689; x_wconf 77' lang='lat' dir='ltr'><strong>omi</strong></span> <span class='ocrx_word' id='word_1_413' title='bbox 696 5627 775 5677; x_wconf 85' lang='lat' dir='ltr'><strong>ilertz</strong></span> <span class='ocrx_word' id='word_1_414' title='bbox 801 5650 828 5661; x_wconf 94' lang='lat'>-</span> <span class='ocrx_word' id='word_1_415' title='bbox 861 5626 899 5675; x_wconf 87' lang='lat' dir='ltr'><strong>ii.</strong></span> <span class='ocrx_word' id='word_1_416' title='bbox 921 5627 975 5676; x_wconf 90' lang='lat' dir='ltr'><strong>iiac</strong></span> <span class='ocrx_word' id='word_1_417' title='bbox 993 5626 1170 5688; x_wconf 77' lang='lat' dir='ltr'><strong>fragmentum</strong></span> <span class='ocrx_word' id='word_1_418' title='bbox 1190 5628 1217 5675; x_wconf 91' lang='lat' dir='ltr'><strong>et</strong></span> <span class='ocrx_word' id='word_1_419' title='bbox 1234 5625 1286 5675; x_wconf 92' lang='lat' dir='ltr'><strong>duo</strong></span> <span class='ocrx_word' id='word_1_420' title='bbox 1304 5630 1443 5689; x_wconf 88' lang='lat' dir='ltr'><strong>sequentia</strong></span> <span class='ocrx_word' id='word_1_421' title='bbox 1466 5629 1491 5677; x_wconf 92' lang='lat' dir='ltr'><strong>in</strong></span> <span class='ocrx_word' id='word_1_422' title='bbox 1511 5629 1560 5677; x_wconf 91' lang='lat' dir='ltr'><strong>boo</strong></span> <span class='ocrx_word' id='word_1_423' title='bbox 1578 5628 1694 5679; x_wconf 88' lang='lat' dir='ltr'><strong>editione</strong></span> <span class='ocrx_word' id='word_1_424' title='bbox 1713 5631 1769 5692; x_wconf 84' lang='lat' dir='ltr'><strong>pri-</strong></span> 
     </span>
     <span class='ocr_line' id='line_1_43' title="bbox 438 5701 1766 5764; baseline 0 -9"><span class='ocrx_word' id='word_1_425' title='bbox 438 5718 512 5755; x_wconf 89' lang='lat' dir='ltr'><strong>murn</strong></span> <span class='ocrx_word' id='word_1_426' title='bbox 530 5706 711 5754; x_wconf 86' lang='lat' dir='ltr'><strong>accesserunt.</strong></span> <span class='ocrx_word' id='word_1_427' title='bbox 732 5728 758 5738; x_wconf 97' lang='lat'><em>-</em></span> <span class='ocrx_word' id='word_1_428' title='bbox 786 5702 826 5751; x_wconf 81' lang='lat' dir='ltr'><strong>ro.</strong></span> <span class='ocrx_word' id='word_1_429' title='bbox 845 5703 881 5750; x_wconf 90' lang='lat' dir='ltr'><strong>itu</strong></span> <span class='ocrx_word' id='word_1_430' title='bbox 898 5707 981 5751; x_wconf 74' lang='lat' dir='ltr'><strong>minen</strong></span> <span class='ocrx_word' id='word_1_431' title='bbox 998 5702 1102 5751; x_wconf 89' lang='lat' dir='ltr'><strong>uncinis</strong></span> <span class='ocrx_word' id='word_1_432' title='bbox 1120 5701 1211 5750; x_wconf 90' lang='lat' dir='ltr'><strong>inclusi</strong></span> <span class='ocrx_word' id='word_1_433' title='bbox 1231 5727 1256 5736; x_wconf 95' lang='lat'>-</span> <span class='ocrx_word' id='word_1_434' title='bbox 1286 5701 1327 5750; x_wconf 71' lang='grc' dir='ltr'><strong><em>ιθ.</em></strong></span> <span class='ocrx_word' id='word_1_435' title='bbox 1347 5703 1429 5764; x_wconf 86' lang='lat' dir='ltr'><strong>quatis</strong></span> <span class='ocrx_word' id='word_1_436' title='bbox 1446 5703 1486 5753; x_wconf 89' lang='lat' dir='ltr'><strong>vel</strong></span> <span class='ocrx_word' id='word_1_437' title='bbox 1506 5704 1590 5764; x_wconf 80' lang='lat' dir='ltr'><strong>quates</strong></span> <span class='ocrx_word' id='word_1_438' title='bbox 1607 5704 1685 5753; x_wconf 88' lang='lat' dir='ltr'><strong>codd.</strong></span> <span class='ocrx_word' id='word_1_439' title='bbox 1700 5704 1766 5755; x_wconf 88' lang='lat' dir='ltr'><strong>deti.</strong></span> 
     </span>
     <span class='ocr_line' id='line_1_44' title="bbox 440 5775 1766 5844; baseline -0.002 -14"><span class='ocrx_word' id='word_1_440' title='bbox 440 5806 468 5818; x_wconf 96' lang='lat'>-</span> <span class='ocrx_word' id='word_1_441' title='bbox 491 5782 531 5830; x_wconf 68' lang='lat' dir='ltr'><strong>tt.</strong></span> <span class='ocrx_word' id='word_1_442' title='bbox 551 5780 668 5840; x_wconf 73' lang='lat' dir='ltr'><strong>aeiriiero</strong></span> <span class='ocrx_word' id='word_1_443' title='bbox 685 5778 745 5828; x_wconf 89' lang='lat' dir='ltr'><strong>cod.</strong></span> <span class='ocrx_word' id='word_1_444' title='bbox 766 5776 944 5835; x_wconf 81' lang='lat' dir='ltr'><strong>colbertinus,</strong></span> <span class='ocrx_word' id='word_1_445' title='bbox 969 5777 1003 5827; x_wconf 90' lang='lat' dir='ltr'><strong>ei.</strong></span> <span class='ocrx_word' id='word_1_446' title='bbox 1023 5775 1161 5827; x_wconf 87' lang='lat' dir='ltr'><strong>ilom.0d.</strong></span> <span class='ocrx_word' id='word_1_447' title='bbox 1180 5776 1392 5839; x_wconf 61' lang='lat' dir='ltr'><strong>attitulasse.</strong></span> <span class='ocrx_word' id='word_1_448' title='bbox 1417 5804 1449 5815; x_wconf 95' lang='lat'><em>-</em></span> <span class='ocrx_word' id='word_1_449' title='bbox 1472 5778 1513 5827; x_wconf 75' lang='grc'><strong>34.</strong></span> <span class='ocrx_word' id='word_1_450' title='bbox 1533 5781 1599 5841; x_wconf 84' lang='lat' dir='ltr'><strong>Quos</strong></span> <span class='ocrx_word' id='word_1_451' title='bbox 1614 5779 1766 5844; x_wconf 81' lang='lat' dir='ltr'><strong>Posidonius]</strong></span> 
     </span>
     <span class='ocr_line' id='line_1_45' title="bbox 439 5852 1766 5918; baseline -0.001 -13"><span class='ocrx_word' id='word_1_452' title='bbox 439 5854 503 5905; x_wconf 89' lang='lat' dir='ltr'><strong>lade</strong></span> <span class='ocrx_word' id='word_1_453' title='bbox 522 5854 555 5905; x_wconf 88' lang='lat' dir='ltr'><strong>eb</strong></span> <span class='ocrx_word' id='word_1_454' title='bbox 573 5855 624 5905; x_wconf 90' lang='lat' dir='ltr'><strong>boe</strong></span> <span class='ocrx_word' id='word_1_455' title='bbox 641 5854 699 5906; x_wconf 90' lang='lat' dir='ltr'><strong>loco</strong></span> <span class='ocrx_word' id='word_1_456' title='bbox 717 5855 877 5918; x_wconf 79' lang='lat' dir='ltr'><strong>Augustinus</strong></span> <span class='ocrx_word' id='word_1_457' title='bbox 899 5867 947 5904; x_wconf 92' lang='lat' dir='ltr'><strong>sue</strong></span> <span class='ocrx_word' id='word_1_458' title='bbox 969 5853 1052 5903; x_wconf 83' lang='lat' dir='ltr'><strong>verbe</strong></span> <span class='ocrx_word' id='word_1_459' title='bbox 1076 5853 1213 5903; x_wconf 90' lang='lat' dir='ltr'><strong>Ciceronis</strong></span> <span class='ocrx_word' id='word_1_460' title='bbox 1230 5853 1407 5903; x_wconf 87' lang='lat' dir='ltr'><strong>immiscuisse</strong></span> <span class='ocrx_word' id='word_1_461' title='bbox 1425 5853 1543 5914; x_wconf 67' lang='lat' dir='ltr'><strong>videtum</strong></span> <span class='ocrx_word' id='word_1_462' title='bbox 1567 5852 1638 5917; x_wconf 85' lang='lat' dir='ltr'><strong>quod</strong></span> <span class='ocrx_word' id='word_1_463' title='bbox 1656 5853 1766 5906; x_wconf 87' lang='lat' dir='ltr'><strong>adrem</strong></span> 
     </span>
     <span class='ocr_line' id='line_1_46' title="bbox 438 5926 1463 5997; baseline -0.001 -18"><span class='ocrx_word' id='word_1_464' title='bbox 438 5930 569 5997; x_wconf 87' lang='lat' dir='ltr'><strong>pertinet,</strong></span> <span class='ocrx_word' id='word_1_465' title='bbox 593 5931 654 5982; x_wconf 85' lang='lat' dir='ltr'><strong>ride</strong></span> <span class='ocrx_word' id='word_1_466' title='bbox 672 5931 726 5982; x_wconf 92' lang='lat' dir='ltr'><strong>Cic.</strong></span> <span class='ocrx_word' id='word_1_467' title='bbox 746 5931 780 5981; x_wconf 90' lang='lat' dir='ltr'><strong>de</strong></span> <span class='ocrx_word' id='word_1_468' title='bbox 798 5929 851 5980; x_wconf 88' lang='lat' dir='ltr'><strong>latu</strong></span> <span class='ocrx_word' id='word_1_469' title='bbox 868 5927 923 5994; x_wconf 60' lang='grc' dir='ltr'><strong><em>εις</em></strong></span> <span class='ocrx_word' id='word_1_470' title='bbox 950 5933 980 5979; x_wconf 88' lang='lat' dir='ltr'><strong>ut</strong></span> <span class='ocrx_word' id='word_1_471' title='bbox 995 5931 1022 5979; x_wconf 89' lang='lat' dir='ltr'><strong>in</strong></span> <span class='ocrx_word' id='word_1_472' title='bbox 1038 5929 1113 5979; x_wconf 83' lang='grc' dir='ltr'><strong><em>ιιιιιιιι</em></strong></span> <span class='ocrx_word' id='word_1_473' title='bbox 1130 5928 1317 5992; x_wconf 74' lang='lat' dir='ltr'><strong>aegrotantibus</strong></span> <span class='ocrx_word' id='word_1_474' title='bbox 1332 5926 1463 5991; x_wconf 71' lang='lat' dir='ltr'><strong>fratribus.</strong></span> 
     </span>
    </p>
   </div>
   <div class='ocr_carea' id='block_1_7' title="bbox 0 0 2176 7459">
    <p class='ocr_par' dir='ltr' id='par_1_8' title="bbox 0 0 2176 7459">
     <span class='ocr_line' id='line_1_47' title="bbox 0 0 2176 7459; baseline 0 1"><span class='ocrx_word' id='word_1_475' title='bbox 0 0 2176 7459; x_wconf 95' lang='lat' dir='ltr'><strong> </strong></span> 
     </span>
    </p>
   </div>
  </div>
 </body>
</html>
