4342 7459
353 1345 357 1352 ἴ
440 1255 502 1323 300
769 1263 1089 1328 TUSCULANARUM
1111 1261 1438 1327 DISPUTATIONUM

439 1424 494 1508 qui
517 1443 581 1486 non
604 1444 749 1506 magnum
773 1424 907 1497 malum,
929 1429 965 1486 ut
985 1422 1207 1506 Peripatetici3
1227 1429 1300 1486 sunt
1322 1423 1376 1507 qui
1400 1422 1556 1486 abducant
1576 1421 1702 1486 amalis
1724 1423 1764 1486 ad

438 1517 539 1590 bona,
561 1522 597 1580 ut
617 1519 788 1600 Epicurus;
811 1525 884 1580 sunt
908 1517 961 1600 qui
985 1518 1059 1580 satis
1083 1522 1194 1599 putent
1217 1517 1384 1580 ostendere
1406 1516 1485 1578 nihil
1507 1515 1661 1600 inopinati
1683 1516 1767 1579 acci·

440 1611 540 1685 disse,
571 1620 604 1672 nt
626 1612 792 1693 Cyrenaici.
834 1611 1026 1694 Chrysippus
1052 1618 1156 1673 autem
1181 1617 1274 1694 caput
1295 1631 1365 1674 esse
1386 1619 1495 1674 censet
1516 1610 1548 1673 in
1571 1607 1766 1672 consolando

440 1704 605 1768 detrahere
626 1704 712 1767 illam
735 1704 916 1787 opinionem
942 1704 1108 1777 maerenti,
1132 1705 1158 1767 si
1181 1726 1215 1768 se
1238 1701 1342 1769 officio
1365 1704 1453 1787 fungi
1470 1711 1557 1788 putet
1571 1703 1654 1766 iusto
1668 1708 1766 1785 atque

416 1798 554 1861 sdebito.
588 1799 668 1860 Sunt
691 1799 783 1861 etiam
806 1799 860 1881 qui
882 1799 960 1861 baec
983 1798 1089 1861 omnia
1112 1818 1228 1880 genera
1251 1799 1434 1862 consolandi
1455 1800 1665 1881 colligant-
1686 1796 1767 1859 alius

439 1893 521 1955 enim
545 1892 607 1956 alio
629 1892 724 1954 modo
748 1898 893 1955 movetur
914 1929 964 1965 -,
986 1901 1021 1955 ut
1042 1889 1108 1954 lere
1130 1913 1187 1956 nos
1210 1894 1243 1955 in
1267 1892 1486 1956 Consolatione
1509 1893 1613 1956 amnia
1635 1891 1669 1954 in
1691 1909 1769 1954 cou-

439 1984 626 2047 solationem
649 2004 744 2049 unam
767 1986 977 2060 coniecimus;
1008 1988 1181 2049 eratenim
1209 1987 1244 2049 in
1266 1996 1388 2050 tumore
1410 1988 1533 2050 animus
1556 1994 1587 2050 et
1609 1984 1711 2049 omnis
1734 1983 1767 2046 in

439 2098 477 2141 eo
507 2080 716 2164 temptabatur
748 2080 879 2142 curatio.
921 2078 983 2142 Sed
1006 2080 1194 2143 sumendum
1216 2090 1340 2164 tempus
1363 2089 1498 2144 estnon
1520 2080 1623 2142 minus
1644 2078 1679 2140 in
1700 2078 1769 2140 ani·

438 2193 561 2235 marum
584 2174 702 2236 morbis
725 2193 820 2258 quam
843 2173 875 2236 in
899 2192 1081 2257 corporum,
1104 2180 1140 2236 ut
1154 2174 1359 2238 Prometheus
1374 2174 1428 2237 ille
1443 2173 1606 2259 Aeschyli,
1629 2170 1680 2235 cui
1694 2189 1767 2233 cum

401 2266 555 2329 indictum
577 2276 678 2330 esset:

564 2360 702 2445 Atqui,
725 2359 973 2436 Prometheu,
995 2366 1034 2423 te
1055 2361 1130 2424 boc
1152 2369 1290 2425 tenere
1313 2362 1518 2436 existimo,

565 2454 716 2518 blederi
737 2475 861 2537 posse
884 2456 1075 2518 rationem
1099 2454 1356 2530 iracundiae,

440 2550 620 2633 respondit:

569 2645 608 2706 Si
632 2644 784 2728 quidem
808 2645 871 2727 qui
895 2645 1167 2725 tempestivam
1190 2644 1426 2706 medicinam
1449 2642 1654 2705 admovens

403 2749 431 2795 is
566 2741 645 2801 Non
669 2738 965 2821 adgravescens
989 2737 1128 2800 volnus
1151 2737 1297 2800 inlidat
1319 2758 1438 2800 manu.

524 2832 659 2894 XXXll.
683 2830 734 2893 77.
761 2831 830 2894 Erit
855 2831 951 2913 igitur
978 2832 1010 2894 in
1039 2831 1308 2894 consolationibus
1338 2832 1438 2914 prima
1469 2830 1623 2893 medicina
1653 2829 1767 2892 docere

440 2933 495 2988 aut
521 2925 642 2988 nullum
671 2926 787 2988 malum
816 2945 886 2988 esse
915 2933 969 2987 aut
996 2925 1164 2988 admodum
1192 2944 1342 3007 parvum3
1374 2926 1471 2988 altera
1494 2934 1525 2987 et
1546 2924 1586 2987 de
1607 2923 1768 2986 communi

441 3020 621 3083 conditione
650 3020 733 3083 vitae
756 3027 787 3081 et
817 3019 962 3102 proprie,
991 3020 1017 3081 si
1040 3018 1116 3102 quid
1139 3019 1180 3081 sit
1201 3019 1239 3082 de
1262 3021 1374 3102 ipsius,
1406 3020 1460 3103 qui
1484 3028 1636 3092 maereat,
1659 3018 1769 3100 dispu-

441 3111 585 3187 tandum;
608 3113 700 3176 tertia
722 3133 874 3176 summam
898 3134 967 3175 esse
990 3112 1153 3176 stultitiam
1177 3111 1292 3176 frustra
1314 3113 1426 3176 confici
1449 3133 1605 3186 maerore,
1628 3132 1699 3175 cum
1721 3112 1769 3174 in·

403 3206 571 3288 rotellegas
594 3207 671 3269 nibil
694 3227 788 3289 posse
811 3204 930 3288 profici.
961 3209 1038 3268 Nam
1056 3207 1225 3269 Cleanthes
1241 3206 1368 3290 quidem
1384 3208 1558 3289 sapientem
1575 3205 1767 3278 consolatur,

441 3301 497 3382 qui
519 3301 734 3364 consolatione
757 3323 817 3364 nan
842 3308 921 3383 eget.
960 3302 1046 3363 Nihil
1070 3302 1154 3363 enim
1177 3321 1246 3363 esse
1270 3301 1385 3364 malum
1408 3301 1494 3384 quod
1517 3310 1606 3383 turpe
1628 3319 1693 3361 non
1717 3298 1767 3372 sil,

441 3396 467 3457 si
490 3392 608 3476 lugenti
632 3397 841 3477 persuaseris,
865 3417 926 3458 uon
950 3404 983 3456 tu
1007 3395 1053 3455 illi
1071 3395 1203 3469 luctum,
1226 3396 1282 3457 sed
1298 3395 1462 3458 stultitiam
1479 3394 1668 3467 detraxerim
1690 3392 1768 3456 alie·

440 3508 516 3550 num
537 3494 641 3550 autem
664 3498 786 3571 tempus
809 3489 953 3552 docendi.
984 3491 1024 3551 Et
1045 3498 1149 3551 tamen
1172 3509 1235 3551 non
1252 3490 1327 3552 satis
1343 3488 1418 3552 mibi
1433 3488 1558 3552 videtur
1572 3489 1692 3552 vidisse
1707 3486 1768 3551 boc

443 3581 628 3655 Cleanthes,
651 3582 768 3664 suscipi
791 3582 961 3666 aliquando
984 3583 1214 3663 aegritudinem
1238 3602 1331 3665 posse
1355 3603 1395 3644 ex
1418 3602 1457 3645 eo
1479 3584 1564 3665 ipso,
1587 3581 1675 3665 quod
1698 3602 1768 3645 esse

404 3690 597 3737 assummum
621 3675 736 3738 malum
752 3672 943 3760 [Cleanthes]
968 3677 1036 3758 ipse
1058 3675 1223 3739 fatebatur.
1253 3677 1337 3751 Quid
1354 3676 1437 3739 enim
1453 3677 1604 3751 dicemus,
1624 3696 1695 3738 cum
1712 3676 1769 3739 So-

441 3937 616 3986 consotantis.»
636 3937 677 3985 W.
696 3935 762 3986 Nihil
780 3936 911 3987 excidisse
929 3940 955 3986 et
967 3950 1027 3988 esse
1046 3938 1115 3987 hanc
1133 3940 1321 4002 praegnantem
1340 3937 1463 4001 loquendi
1476 3938 1589 3988 tormam
1600 3951 1649 4003 pro
1660 3940 1770 3989 mean-

441 4013 533 4071 salari,
555 4018 583 4060 at
605 4013 707 4061 doceant
728 4013 823 4060 malam
845 4016 895 4062 cet.
920 4012 1018 4062 iudicat
1038 4014 1107 4062 Bake
1126 4011 1141 4062 Ι.
1161 4012 1177 4061 Ι.
1197 4028 1222 4077 p.
1242 4014 1282 4070 95,
1301 4011 1359 4062 coll.
1379 4013 1393 4074 g
1411 4013 1442 4062 79
1460 4014 1515 4062 init.
1535 4011 1575 4072 lV,
1593 4014 1624 4063 62
1642 4017 1708 4064 extr.
1727 4014 1768 4065 83.

442 4086 474 4146 V,
493 4087 534 4136 83.
556 4111 581 4122 -
604 4089 626 4137 t.
646 4086 920 4149 abancune--pntonr
938 4091 969 4137 C.
990 4088 1054 4136 Vide
1073 4087 1106 4136 ad
1125 4089 1139 4150 ἓ
1158 4088 1197 4137 63.
1219 4113 1244 4124 -
1268 4090 1291 4138 2.
1311 4090 1449 4150 inopinanti
1468 4090 1486 4138 C
1507 4115 1533 4124 -
1553 4087 1576 4138 3.
1595 4094 1623 4136 at
1640 4088 1771 4149 Qmiaici

443 4162 557 4211 bouhier
579 4165 605 4211 et
627 4163 760 4212 Daiisius:
786 4164 847 4212 nihil
868 4165 929 4212 niati
947 4165 980 4219 Ως
1006 4165 1101 4228 †nihit
1122 4165 1184 4212 niati
1202 4164 1231 4212 O.
1260 4164 1313 4212 «ΕΙ.
1333 4162 1364 4225 §5
1382 4163 1422 4212 28.
1442 4162 1482 4212 st.
1502 4164 1541 4211 di.
1569 4161 1643 4212 ltaud
1663 4163 1719 4212 scio
1737 4176 1770 4212 an

443 4250 504 4286 cum
527 4238 589 4285 mali
612 4236 740 4285 vocabulo
763 4238 886 4299 inopinati
908 4241 1117 4302 superscriptum
1141 4242 1212 4287 esset
1236 4239 1276 4301 (ct.
1298 4239 1383 4300 5⁶28).
1408 4239 1516 4301 propter
1532 4237 1594 4285 nihii
1609 4237 1672 4285 mali
1689 4249 1770 4301 prava

443 4313 584 4374 repetitum
602 4312 729 4360 exciderit
745 4311 807 4361 illud
825 4319 854 4362 at
865 4314 1021 4373 Cyrenaici.»
1035 4315 1076 4362 W.
1093 4340 1119 4347 -
1140 4313 1163 4363 l.
1181 4317 1314 4362 maerentis
1325 4328 1349 4362 se
1365 4315 1399 4366 G;
1417 4314 1539 4361 merentis.
1559 4326 1584 4360 se
1598 4313 1630 4368 tn
1649 4312 1772 4361 maerenti

441 4401 467 4436 sc
485 4389 502 4436 B
522 4413 549 4422 -
568 4389 592 4437 s.
611 4388 729 4448 collipnnt
746 4390 765 4435 C
783 4415 815 4423 -
833 4388 856 4436 6.
878 4388 1041 4448 «tregdecus
1059 4402 1120 4437 cunr
1137 4388 1314 4438 deterioribus
1332 4388 1431 4451 aliquot
1448 4386 1525 4437 codd.
1540 4388 1628 4437 omisit
1644 4385 1727 4436 verba
1745 4388 1772 4435 in

442 4463 625 4521 Consolatione,
645 4477 713 4525 quae
732 4466 768 4524 (=
785 4465 827 4522 tv,
847 4464 877 4512 63
895 4465 920 4511 in
939 4465 1117 4513 Consolationis
1134 4465 1211 4522 libro;
1232 4464 1263 4513 cl.
1285 4465 1326 4522 lli,
1340 4466 1371 4512 70
1390 4477 1450 4523 qnos
1465 4465 1491 4511 in
1509 4463 1679 4512 Consolatione
1695 4463 1772 4511 colle-

442 4542 531 4601 pimns.
550 4539 569 4595 Ι,
589 4538 629 4597 63)
654 4538 730 4601 plane
749 4540 899 4587 necessaria
918 4543 986 4587 sunt.
1015 4541 1131 4589 Primum
1151 4541 1221 4588 enini
1239 4541 1296 4588 sine
1315 4541 1344 4588 iis
1363 4544 1400 4599 t:
1417 4544 1482 4598 tam,
1500 4552 1556 4586 curn
1574 4538 1772 4587 consolationem

441 4612 595 4674 scripsimus)
613 4612 721 4662 deesset
737 4614 891 4676 significatio
910 4616 1053 4677 temporis,
1073 4616 1106 4662 ad
1121 4615 1191 4676 quiid
1210 4615 1361 4673 referretur,
1381 4612 1451 4676 qnod
1465 4613 1598 4675 sequitur:
1618 4617 1688 4661 erat
1706 4613 1772 4661 enirn

442 4691 469 4739 in
485 4696 582 4738 tumore
598 4690 703 4737 animia.
729 4689 844 4747 Deinde,
869 4704 930 4738 curn
950 4692 1042 4740 Cicero
1060 4690 1170 4739 dixisset
1186 4703 1236 4739 csse
1252 4690 1339 4742 etiam.
1359 4691 1401 4748 qni
1418 4689 1503 4736 omnia
1518 4701 1612 4750 penora
1627 4688 1772 4752 consolandi

442 4754 596 4826 colligerent,
620 4765 642 4813 si
661 4764 700 4812 illa
719 4766 785 4813 alins
802 4767 866 4812 enirn
883 4766 934 4812 ctio
951 4766 1024 4812 modo
1041 4770 1155 4813 movetur
1172 4778 1223 4812 non
1243 4765 1377 4812 interiecta
1397 4767 1498 4817 essent.
1520 4764 1583 4811 satis
1602 4763 1687 4812 luerat
1705 4762 1772 4812 haec

444 4840 521 4889 addi:
541 4846 567 4886 ut
583 4840 635 4899 [era
651 4854 694 4886 nos
711 4841 737 4887 in
754 4841 925 4889 Consolatione
943 4842 1086 4896 [lecimusl;
1107 4853 1177 4888 nunc
1195 4853 1246 4887 non
1265 4836 1365 4892 sotum.
1384 4837 1426 4884 abi
1443 4838 1498 4900 ipse
1517 4850 1623 4900 quoque
1641 4836 1713 4885 idem
1732 4836 1773 4886 ie-

444 4918 537 4974 cisset,
556 4915 607 4964 dici
625 4928 737 4964 necesse
756 4916 815 4973 tuit,
839 4916 886 4964 sed
905 4915 998 4971 etiam,
1018 4915 1077 4974 quid
1095 4913 1129 4962 ibi
1148 4915 1267 4963 lecisset:
1296 4920 1323 4960 nt
1338 4914 1389 4975 sero
1406 4927 1449 4961 nas
1465 4915 1492 4962 ia
1511 4912 1681 4963 Consolatione
1698 4913 1772 4973 [ieci-

444 5005 518 5048 mus,
537 4991 581 5052 qui
599 4989 639 5037 sel
658 4990 728 5049 cuni)
746 4991 831 5037 omnia
850 4992 887 5042 t:
904 4992 991 5037 omnia
1004 4988 1157 5038 consolandi
1174 4990 1278 5051 gottern)
1295 4991 1322 5037 in
1335 4989 1525 5037 consolationem
1537 5002 1614 5036 unam
1625 4989 1774 5035 conmcirnns

444 5066 482 5127 (=
494 5066 577 5113 manin
595 5077 687 5125 penera
703 5066 846 5111 consolandi
863 5065 1014 5126 cotlcpimas)
1030 5085 1040 5107 i
1061 5066 1101 5112 W.
1120 5092 1144 5098 -
1166 5066 1205 5112 te.
1225 5066 1346 5111 rationem
1361 5066 1392 5112 n:
1411 5064 1510 5111 rationo
1526 5064 1624 5110 ratione
1636 5065 1681 5111 Gli
1694 5061 1772 5119 (alle-

444 5154 503 5190 rum
522 5154 557 5188 m.
571 5152 625 5189 sec.
641 5141 665 5187 in
681 5143 700 5186 G
718 5144 894 5202 punctatuml:
914 5142 1053 5188 orationem
1072 5141 1150 5190 llenr.
1165 5139 1322 5201 Stephanus.
1337 5164 1363 5173 -
1387 5138 1424 5187 tt.
1443 5138 1572 5198 respondet
1589 5138 1609 5186 0
1625 5163 1648 5174 -
1672 5138 1710 5186 lb.
1724 5139 1772 5186 ad·

443 5228 725 5281 pravesccns--manu
747 5214 931 5263 Crisiierarius:
960 5216 1288 5277 adprauescens--manns
1307 5216 1341 5271 C;
1366 5216 1399 5262 ad
1423 5227 1718 5276 prauescens-·nianas
1735 5214 1770 5265 0.

446 5294 499 5343 «ct.
519 5294 604 5356 ipsum
623 5288 782 5351 Aeschylum
802 5292 888 5339 Prom.
908 5290 970 5338 380:
997 5286 1103 5354 καὶμὴ
1122 5286 1400 5359 σφριγῶνταθυμὸν
1419 5287 1628 5359 ι’σχναὶνῃβιῗᾳ.
1656 5289 1770 5352 Herusp.

445 5371 522 5432 Resp.
542 5367 556 5430 ἓ
573 5368 619 5415 55:
637 5378 735 5426 serpens
746 5391 782 5400 --
793 5379 933 5425 compressa
950 5372 1025 5429 atque
1041 5366 1114 5414 illisa,
1142 5368 1244 5414 Lucrel.
1259 5367 1299 5421 tv.
1314 5367 1374 5414 hil:
1393 5368 1492 5427 plenam
1504 5367 1634 5428 sponpians
1645 5390 1681 5401 --
1693 5379 1773 5415 manu

442 5456 554 5508 premere
568 5457 598 5491 ac
609 5442 710 5489 siccare.
731 5439 798 5490 Cels.
813 5441 895 5490 thasi.
908 5454 988 5489 tltdlttl
998 5442 1104 5495 mederi;
1124 5454 1210 5503 neque
1223 5455 1287 5490 vero
1301 5443 1394 5491 Cicero
1406 5444 1443 5490 ad
1454 5455 1602 5505 provcscens
1612 5441 1709 5499 uolnus,
1723 5440 1772 5490 sed

445 5523 518 5570 certe
536 5519 564 5567 in
581 5530 726 5579 procrescens
742 5517 830 5563 virinus
846 5515 979 5565 dixissetn
995 5517 1035 5565 W,
1053 5542 1078 5551 -
1100 5517 1138 5564 l8⁴
1152 5518 1293 5565 condicione
1306 5519 1359 5566 li-
1371 5520 1474 5579 proprio
1492 5518 1525 5566 tt:
1541 5517 1662 5578 propriae
1674 5516 1770 5579 (delete

444 5595 529 5647 littera
542 5596 567 5655 a)
581 5597 613 5649 G;
629 5593 749 5655 propriae
760 5605 893 5654 superscr.
909 5589 964 5640 «vel
977 5606 1007 5639 aa
1022 5593 1144 5652 (proprio)
1159 5592 1177 5639 B
1193 5618 1217 5627 -
1237 5593 1276 5640 ⁶30.
1292 5594 1356 5641 nili}
1373 5620 1397 5627 —
1418 5595 1524 5641 cleantes
1541 5593 1589 5641 Gli
1606 5618 1631 5627 -
1652 5592 1693 5640 rt.
1706 5593 1773 5640 enirn

446 5685 498 5721 om.
514 5672 542 5719 (3¹
555 5696 580 5705 -
595 5668 833 5718 reconciliasset.
846 5671 913 5717 Brihe
924 5668 940 5717 l.
954 5667 968 5715 l.
981 5683 1004 5731 p⁴
1015 5668 1058 5719 titi:
1075 5682 1122 5716 nos
1135 5665 1331 5716 seclusimus.—
1347 5668 1459 5728 fateatur
1471 5669 1521 5718 CO.
1542 5666 1666 5716 «Videtur
1681 5668 1725 5714 aut
1739 5679 1771 5716 ex

446 5745 575 5795 nonnullis
588 5744 665 5793 codd.
678 5744 820 5806 legendum
836 5745 962 5803 fatebatur
978 5747 1021 5791 ant
1040 5757 1072 5790 er
1091 5741 1146 5791 aliis
1163 5743 1271 5803 soterian
1291 5743 1457 5791 coniunctivo
1476 5744 1547 5792 enim
1560 5745 1631 5791 certe
1648 5742 1773 5802 faladus·

446 5819 588 5869 dicendum
611 5821 658 5869 tuit
680 5822 777 5869 omisso
800 5821 906 5868 nominc
929 5820 1063 5875 Clcanlhis,
1087 5816 1158 5880 quod
1182 5816 1298 5866 additum
1324 5817 1364 5866 uel
1387 5819 1473 5880 ipsum
1492 5821 1648 5880 argumento
1666 5821 1720 5873 est,
1742 5829 1772 5866 ea

446 5895 508 5954 ipsc,
525 5896 591 5953 qnod
601 5922 614 5931 -
623 5898 701 5954 -ipse
716 5896 762 5957 [at.
778 5908 828 5943 non
843 5895 929 5943 minus
942 5907 1020 5956 quam
1038 5891 1115 5956 paulo
1128 5896 1187 5957 post
1199 5894 1243 5940 illa
1255 5908 1291 5951 rc,
1311 5907 1375 5954 quae
1386 5920 1399 5928 -
1409 5918 1422 5928 -
1434 5881 1565 5955 adiciebat
1576 5904 1659 5954 genus
1672 5892 1708 5941 rei
1723 5904 1772 5955 per

447 5980 476 6017 se
495 5969 580 6031 ipsum
598 5968 724 6030 indicare,
744 5982 795 6019 non
808 5982 823 6018 a
834 5969 894 6018 mihi
906 5969 1003 6019 oidctnr
1014 5971 1104 6020 oidhse
1114 5996 1128 6005 -
1139 5996 1153 6006 ·
1164 5971 1254 6032 suscipi
1263 6000 1277 6009 -
1286 5980 1378 6033 -posse
1394 5967 1540 6034 pendera-
1553 5969 1595 6020 W.
1615 5965 1655 6017 ct.
1667 5968 1689 6019 lt
1701 5965 1716 6029 5
1728 5965 1769 6018 ld.
