4342 7459
944 1228 1203 1294 FRAGMENTA.
1674 1227 1730 1293 95⁴

411 1386 535 1465 legibus
552 1387 784 1463 interrogasset.
831 1383 967 1462 Legibus
989 1385 1072 1445 enim
1093 1384 1138 1445 sio
1156 1384 1424 1466 interrogabatur,
1444 1387 1618 1466 inquirente
1640 1406 1736 1449 aecu-

411 1489 528 1555 satore,
551 1499 590 1541 an
610 1479 711 1540 omnia
732 1476 904 1539 secundum
925 1477 1027 1558 legum
1047 1479 1241 1559 praescripta
1262 1481 1457 1557 gesseritis,
1479 1482 1528 1541 oui
1549 1482 1666 1542 crimen
1684 1481 1735 1541 in-

411 1572 608 1654 tendebatur.
648 1573 722 1633 Erat
742 1572 800 1633 alia
819 1581 983 1651 praeterea
1001 1573 1200 1651 interrogatio
1221 1574 1358 1652 testium,
1379 1575 1460 1636 sicut
1478 1576 1602 1656 ipsedl.
1618 1574 1735 1636 Tullius

410 1670 443 1729 P.
463 1668 617 1729 Vatinium
638 1676 748 1728 testem
772 1666 981 1744 interrogavit.
1021 1668 1148 1745 Proprie
1175 1685 1311 1746 namque
1335 1670 1533 1748 interrogatio
1560 1668 1733 1747 dicebatur,

410 1778 471 1841 qua
493 1769 588 1822 testes
608 1759 887 1839 redarguebantur.
927 1760 1027 1821 Tertia
1048 1760 1126 1822 baec
1140 1769 1189 1821 est
1200 1761 1411 1840 interrogandi
1431 1763 1564 1843 species,
1581 1771 1615 1824 ut
1627 1764 1758 1825 Sinnius

411 1856 551 1935 Capitoni
583 1854 724 1932 videtur,
758 1855 918 1934 pertinens
947 1854 988 1915 ad
1020 1854 1154 1916 officium
1186 1864 1218 1915 et
1247 1855 1503 1918 consuetudinem
1536 1857 1732 1918 senatoriam.

410 1950 541 2025 Quando
564 1953 647 2012 euim
666 1950 778 2031 aliquis
798 1951 982 2011 sententiam
1003 1947 1070 2010 loco
1091 1969 1148 2011 suo
1168 1951 1229 2013 iarn
1254 1952 1381 2013 dixerat
1399 1959 1430 2013 et
1449 1952 1527 2013 alius
1554 1958 1662 2030 postea
1683 1951 1733 2010 in·

410 2052 585 2123 terrogatus
599 2044 753 2123 quaedam
768 2042 933 2105 videbatur
952 2044 992 2104 ita
1013 2041 1147 2121 locutus,
1167 2052 1203 2104 ut
1218 2044 1342 2105 refutari
1355 2063 1450 2124 posse
1462 2045 1630 2106 iustissime
1644 2042 1732 2104 vide-

409 2145 528 2215 rentur,
548 2136 730 2217 postulabat
748 2135 810 2212 ille,
832 2137 884 2216 qui
906 2137 966 2197 iam
987 2137 1173 2198 sententiam
1190 2136 1321 2215 dixerat,
1344 2146 1378 2200 ut
1397 2138 1455 2200 sibi
1472 2137 1580 2199 liceret
1598 2140 1733 2199 interro-

408 2249 497 2310 gare,
521 2231 580 2293 boc
601 2240 666 2308 est,
686 2231 772 2292 illum
792 2230 996 2309 redarguere,
1027 2232 1116 2293 cuius
1136 2234 1288 2294 sententia
1305 2234 1337 2293 in
1357 2232 1461 2296 multis
1480 2234 1570 2314 quasi
1598 2232 1770 2294 mendaxio

409 2334 441 2386 et
460 2325 650 2387 calumniosa
677 2325 820 2403 redargui
848 2334 966 2404 posset.
1016 2326 1168 2398 Quoniam
1193 2344 1267 2406 ergo
1291 2325 1412 2391 dixerat
1435 2326 1561 2391 Clodius
1582 2336 1614 2389 et
1632 2327 1732 2388 miuus

409 2420 583 2499 professum
603 2420 685 2482 aeris
704 2418 796 2482 alieni
814 2418 956 2481 llilouem
975 2421 991 2455 ¹*
1010 2421 1059 2457 Η

483 2608 581 2683 (llaec
599 2608 707 2686 oratio,
728 2608 817 2669 cuius
833 2607 951 2670 nullum
966 2627 1098 2689 usquam
1113 2610 1277 2688 vestigium
1291 2627 1475 2691 expressum
1489 2618 1566 2687 erat,
1586 2628 1648 2672 una
1662 2628 1732 2671 oum

409 2700 594 2763 scholiastae
614 2710 796 2781 argumento
820 2704 953 2782 primum
973 2722 990 2764 e
1011 2703 1079 2764 cod.
1130 2704 1335 2767 Ambrosiano
1365 2704 1447 2767 edita
1473 2713 1523 2765 est
1547 2703 1586 2765 ab
1615 2703 1731 2784 Angelo

406 2795 484 2856 llaio
504 2794 665 2857 Mediolani
685 2815 713 2858 a.
736 2797 819 2858 1817.
843 2805 907 2857 tum
928 2799 1043 2859 Romae
1064 2799 1159 2877 1828.)
1741 2805 1770 2851 ⁴⁵

463 2926 486 2986 1.
518 2927 545 2988 1.
566 2928 639 2964 ¹¹⁵*
659 2925 838 2989 adversarii.

483 3020 567 3081 2-4.
598 3019 766 3082 Eiciundus
786 3030 834 3082 est
854 3040 893 3081 ex
913 3021 991 3082 urbe
1012 3022 1089 3083 civis
1107 3031 1215 3085 auctor
1235 3030 1266 3085 et
1286 3031 1392 3085 eustos
1412 3023 1520 3085 salutis
1539 3023 1602 3101 otii,
1630 3021 1732 3102 digni-

409 3113 480 3174 tatis
500 3113 588 3191 fidei;
614 3113 821 3175 includendus
845 3116 925 3178 intra
951 3118 1101 3195 parietes,
1129 3118 1182 3198 qui
1207 3117 1312 3199 populi
1331 3120 1459 3180 Romani
1483 3118 1646 3199 imperium
1670 3137 1731 3179 non

409 3218 561 3273 terrarum
588 3207 786 3286 regionibus,
818 3209 875 3270 sed
900 3209 978 3271 caeli
1002 3211 1143 3290 partibus
1171 3211 1354 3273 terminavit.
1394 3212 1459 3289 (Sic
1480 3212 1558 3273 baec
1575 3213 1732 3292 iungenda

409 3318 479 3361 esse
502 3299 578 3360 vidit
595 3298 765 3360 Franckius
789 3301 936 3359 Verisimit.
959 3301 1035 3373 Sper.
1058 3318 1089 3379 p.
1111 3300 1168 3369 19.)
1741 3310 1770 3357 so

463 3413 499 3473 11.
530 3414 557 3473 1.
579 3413 643 3471 Nec
663 3419 820 3472 veroium
841 3410 1011 3472 timendum
1031 3411 1097 3489 luit,
1121 3430 1191 3474 cum
1212 3413 1375 3473 cessimus.

484 3508 513 3569 2.
543 3503 679 3565 Eosdem
699 3504 740 3566 ad
761 3504 889 3566 caedem
911 3505 1022 3565 civium
1043 3503 1082 3565 de
1103 3506 1264 3586 Apennino
1284 3504 1451 3567 deduxisti.
1528 3560 1533 3570 .

484 3601 510 3659 3.
539 3596 708 3677 Lapidibus
729 3597 790 3659 duo
812 3598 957 3659 consules
978 3597 1169 3660 cecideruut.

483 3693 512 3754 4.
544 3692 603 3766 Qui
623 3690 727 3753 multis
746 3692 996 3772 inspectantibus
1013 3692 1114 3772 kaput
1132 3690 1278 3770 leriebas,
1299 3691 1412 3755 lomina
1431 3692 1613 3775 plangebas.

483 3788 512 3850 5.
542 3784 686 3846 llilber
705 3786 843 3846 animose
864 3785 1034 3847 confidens.
1302 3829 1303 3833 ,
1742 3806 1771 3854 ss

481 3882 509 3941 6.
541 3880 608 3941 Non
629 3878 749 3958 pudet?
787 3877 851 3939 Sed
877 3878 952 3959 quid
978 3880 1097 3960 pudeat
1125 3878 1281 3941 bominem
1307 3898 1371 3943 non
1394 3882 1487 3943 modo
1514 3884 1581 3945 sine
1608 3873 1744 3966 rubore,

408 3992 516 4035 verum
536 3975 659 4035 omnino
681 3975 749 4035 sine
769 3974 843 4035 orei
1634 3978 1635 3981 ’

481 4071 510 4128 7.
542 4067 594 4128 Sic
614 4067 696 4127 enim
708 4067 849 4129 homines
864 4073 993 4146 egentes
1007 4075 1039 4127 et
1052 4065 1213 4130 turbarum
1228 4064 1333 4148 cupidi
1352 4067 1574 4150 loquebantur:
1597 4074 1734 4137 Ovirum

409 4161 576 4239 †usuuml

482 4256 510 4315 8.
541 4252 618 4316 llale
638 4250 743 4313 dicere
764 4260 884 4332 autem,
911 4253 1004 4314 immo
1024 4273 1099 4315 vero
1119 4253 1212 4316 domo
1231 4254 1403 4335 prinoipem
1431 4257 1530 4318 civem
1550 4259 1580 4318 vi
1600 4266 1632 4319 et
1649 4268 1771 4323 metuar

409 4350 576 4411 continere.

463 4442 509 4504 lll.
546 4447 570 4503 1.
595 4443 631 4503 Ut
650 4459 729 4523 quas
748 4441 879 4503 haberet
897 4442 929 4502 in
948 4439 1103 4503 vestibulo
1123 4439 1247 4504 tabulas
1267 4441 1422 4521 refigeret.

483 4538 511 4598 2.
541 4537 661 4599 Etenim
688 4538 763 4612 tria,
792 4545 826 4597 ut
844 4537 970 4616 opinor,
999 4537 1075 4597 haec
1096 4537 1127 4598 in
1147 4535 1263 4597 llilonis
1289 4554 1457 4617 personam
1477 4546 1608 4619 questus
1628 4559 1673 4619 es,
1695 4540 1734 4603 de

408 4651 481 4694 aere
501 4631 614 4709 alieno,
635 4637 667 4689 de
686 4632 727 4709 vi,
750 4629 789 4691 de
809 4630 937 4693 ambitu.
979 4631 1044 4693 Duo
1069 4630 1258 4712 praeteristi:
1286 4629 1360 4692 nibil
1381 4629 1421 4693 de
1444 4631 1646 4713 religionibus
1666 4635 1734 4698 vio-

408 4725 489 4804 latis,
510 4726 583 4788 nihil
604 4724 644 4787 de
662 4727 800 4788 incestus
821 4726 936 4806 stupris
956 4734 1087 4807 questus
1108 4744 1153 4788 es.
1743 4740 1772 4786 aa

482 4823 509 4882 3.
541 4820 598 4882 Est
617 4821 698 4882 enim
719 4837 918 4900 quocumque
937 4822 1022 4882 venit
1041 4828 1072 4881 et
1091 4836 1216 4880 reorum
1237 4818 1354 4880 crimen
1374 4826 1407 4881 et
1423 4819 1570 4884 iudicum.

482 4916 510 4975 4.
541 4914 701 4993 Tuamque
720 4922 899 4993 praeturam
920 4932 982 4975 nou
1002 4921 1054 4976 tuo
1073 4930 1159 4974 more
1186 4911 1320 4975 difleras.

464 5028 512 5089 lV.
545 5028 572 5087 l.
594 5026 658 5087 Nec
678 5026 822 5105 suffragia
842 5025 944 5104 dabis,
965 5026 1081 5107 quibus
1102 5020 1249 5088 ostentas.

483 5122 511 5182 2.
544 5123 608 5183 Nec
628 5139 703 5181 vero
722 5120 805 5183 illam
826 5121 973 5183 nefariam
993 5120 1178 5183 libertatem.

483 5220 510 5277 3.
542 5215 617 5289 Quis
637 5232 700 5275 non
720 5215 894 5276 meminerit
912 5216 1075 5296 pueritiam
1096 5215 1203 5276 tuam?
1741 5227 1770 5276 to

483 5310 511 5370 4.
541 5310 654 5371 lterum
674 5327 691 5370 a
710 5308 818 5387 piratis
839 5308 1045 5390 redemptum.
1086 5311 1155 5383 Quo
1178 5312 1260 5370 enim
1278 5310 1403 5371 nomine
1420 5308 1572 5389 appellem
1592 5328 1658 5388 eos,
1679 5292 1733 5392 qui

409 5413 439 5465 te
459 5404 558 5485 pretio
578 5412 707 5485 accepto
726 5402 961 5467 liberaverunt?

464 5501 500 5560 V.
531 5503 557 5559 1.
579 5499 642 5561 Nisi
663 5485 737 5561 verb
757 5499 941 5561 liniamentis
961 5500 1092 5561 hominis
1113 5516 1225 5560 nomen
1245 5508 1277 5560 et
1295 5499 1401 5578 liguris
1421 5498 1570 5578 positum,
1592 5517 1654 5563 non
1673 5518 1732 5562 na-

409 5594 486 5655 turis
505 5602 607 5676 putas.

474 5767 515 5817 26.
543 5766 642 5831 rubore]
661 5765 747 5818 schol.
767 5769 792 5818 in
810 5768 949 5832 interpret.
963 5768 1060 5830 pudore
1076 5768 1103 5817 iu
1121 5768 1255 5817 contexto.
1274 5792 1300 5801 -
1325 5765 1367 5816 29.
1393 5766 1462 5817 Fort.
1480 5779 1612 5819 murnum
1635 5766 1680 5817 Or.
1698 5793 1731 5804 -

408 5840 449 5893 i3.
476 5841 634 5907 liniamentis]
652 5842 765 5907 Madvig.
785 5842 915 5909 (Append.
934 5855 961 5908 p.
979 5841 1033 5903 27.)
1050 5844 1077 5892 ct
1093 5840 1220 5893 Niebuhr.
1238 5840 1386 5893 liniamento
1402 5838 1468 5892 Cod.
