4342 7459
449 1236 509 1304 ιιι
723 1198 780 1308 ua
801 1242 957 1307 snmus
979 1214 1176 1309 nonoauu
1195 1244 1248 1310 ur
1269 1244 1469 1311 umonuu

445 1420 554 1479 ruatur
586 1418 681 1496 atque
696 1477 698 1479 ,
712 1412 846 1476 intereat
877 1432 1007 1477 neeesse
1033 1420 1091 1478 est.
1133 1415 1173 1478 Et
1198 1434 1292 1498 φιειιι
1325 1415 1364 1478 ad
1389 1415 1517 1479 modum
1545 1416 1763 1498 opportunitas

444 1511 489 1557 -’
508 1509 554 1572 sic
576 1507 660 1570 enim
681 1507 876 1589 appellemus
898 1510 1069 1594 εὐκαιρίαν
1092 1543 1132 1585 ,-
1147 1528 1212 1572 ιιοιι
1227 1506 1261 1573 fit
1276 1509 1378 1572 maior
1391 1508 1599 1593 productione
1613 1511 1763 1593 temporis

444 1603 624 1666 -habent
653 1602 736 1664 enim
763 1621 855 1665 suum
882 1603 1008 1666 modum
1040 1623 1122 1687 quae
1151 1610 1329 1686 opportuna
1350 1603 1496 1665 dicuntur
1517 1637 1572 1679 -,
1606 1606 1651 1668 sic
1678 1614 1764 1670 recta

444 1697 569 1760 ellectio
591 1730 633 1741 —
654 1694 859 1781 κατόρθωσιν
880 1698 963 1761 enim
985 1699 1030 1760 ita
1051 1697 1191 1781 appello,
1213 1697 1365 1781 quoniam
1379 1704 1498 1759 rectum
1512 1696 1628 1762 factum
1644 1698 1764 1783 κατόρ-

420 1796 540 1875 stopa
561 1824 618 1866 -,
639 1798 724 1854 recta
746 1791 841 1873 igitur
856 1792 994 1865 effectio,
1016 1792 1093 1854 item
1108 1791 1341 1864 convenientia,
1363 1790 1500 1873 denique
1515 1790 1618 1874 ipsum
1633 1793 1763 1869 bonum,

444 1885 531 1969 quod
559 1885 592 1947 in
619 1904 657 1948 eo
683 1885 823 1967 positum
853 1894 961 1949 estut
986 1893 1117 1949 naturae
1146 1885 1337 1957 consentiat,
1364 1877 1526 1947 crescendi
1548 1887 1762 1951 accessionem

443 1980 562 2043 nullam
583 1978 688 2042 habet.
730 1975 781 2040 46.
804 1978 843 2042 llt
864 1980 947 2043 enim
971 1980 1190 2064 opportunitas
1213 1978 1281 2053 illa,
1304 1980 1349 2041 sic
1370 1978 1463 2053 haec,
1485 1978 1525 2041 de
1547 1980 1663 2064 quibus
1684 1980 1762 2056 dixi,

443 2095 506 2138 non
527 2073 609 2136 fiunt
630 2073 781 2155 temporis
803 2073 1013 2155 productione
1034 2076 1166 2148 maiora,
1192 2073 1233 2137 ob
1257 2092 1391 2155 eamque
1413 2092 1538 2137 causam
1561 2076 1676 2140 Stoicis
1696 2095 1762 2140 non

442 2168 567 2232 ridetur
594 2167 764 2250 optabilior
793 2187 852 2230 nec
877 2169 976 2251 magis
999 2167 1177 2252 expetenda
1197 2167 1290 2229 beata
1311 2167 1392 2241 vita,
1418 2167 1445 2230 si
1468 2168 1510 2230 sit
1529 2162 1640 2252 longa,
1667 2189 1762 2254 quam

405 2264 469 2327 rosi
490 2262 608 2336 brevis,
636 2268 829 2343 utunturque
851 2261 965 2324 simili:
996 2262 1051 2335 Ut,
1080 2262 1107 2324 si
1130 2261 1275 2324 cothurni
1298 2261 1367 2324 laus
1389 2261 1444 2325 illa
1465 2270 1563 2337 esset,
1585 2264 1625 2326 ad
1648 2264 1763 2347 pedem

441 2365 513 2440 apte
535 2355 718 2429 convenire,
739 2373 845 2438 neque
867 2354 956 2418 multi
979 2354 1125 2418 cothurni
1146 2355 1257 2439 paucis
1272 2363 1540 2438 anteponerentur
1555 2376 1612 2420 nec
1628 2358 1763 2422 maiores

441 2450 631 2524 minoribus,
657 2449 715 2520 sic,
746 2468 879 2530 quorum
906 2467 1001 2511 omne
1029 2448 1150 2512 honum
1171 2449 1389 2513 convenientia
1410 2457 1505 2533 atque
1527 2451 1762 2534 opportunitate

441 2542 562 2619 finitur,
590 2562 649 2606 nec
676 2542 767 2624 plura
789 2542 991 2623 paucioribus
1013 2561 1072 2604 nec
1094 2541 1317 2626 longinquiora
1337 2543 1534 2607 brevioribus
1556 2551 1761 2627 anteponent

441 2636 492 2701 47.
514 2640 579 2701 Nec
601 2655 677 2700 vero
700 2635 776 2698 satis
798 2643 887 2698 acute
908 2635 1033 2699 dicunt:
1055 2636 1088 2698 Si
1110 2636 1191 2700 bona
1213 2636 1361 2706 valetudo
1383 2637 1482 2721 pluris
1505 2638 1700 2702 aestimanda
1721 2640 1763 2703 sit

404 2732 535 2815 solonge
557 2750 652 2815 quam
672 2728 791 2802 brevis,
814 2730 988 2811 sapientiae
1010 2750 1142 2813 quoque
1164 2749 1241 2793 usus
1262 2730 1465 2813 longissimus
1482 2734 1619 2817 quisque
1633 2734 1675 2796 sit
1691 2733 1764 2815 plu·

441 2827 521 2889 rimi.
557 2828 627 2889 Non
649 2823 837 2906 intellegunt
858 2824 1046 2888 valetudinis
1072 2824 1322 2888 aestimationem
1344 2825 1447 2908 spatio
1469 2826 1614 2901 iudicari,
1636 2827 1763 2893 virtutis

441 2920 690 3004 opportunitate,
718 2925 754 2980 ut
775 2916 938 2980 videantur
960 2918 1015 3001 qui
1037 2917 1114 2981 illud
1138 2920 1246 2982 dicunt
1268 2919 1353 2983 idem
1374 2920 1436 2983 hoc
1457 2939 1527 2984 esse
1549 2921 1678 2996 dicturi,
1705 2923 1763 2986 bo-

440 3034 512 3079 nam
545 3021 676 3077 mortem
710 3019 742 3073 et
772 3010 892 3074 honum
919 3020 1042 3093 partum
1069 3013 1234 3075 meliorem
1263 3013 1393 3096 longum
1415 3033 1485 3078 esse
1507 3033 1602 3099 quam
1623 3015 1762 3081 brevem.

440 3111 510 3173 Non
532 3108 642 3172 rident
662 3105 725 3169 alia
745 3105 897 3169 brevitate
918 3105 1018 3189 pluris
1039 3109 1211 3182 aestimari,
1234 3107 1296 3170 alia
1318 3107 1534 3172 diuturnitate.
1577 3105 1627 3171 48.
1649 3111 1762 3195 ltaque

403 3212 688 3269 inconsentaneum
720 3208 769 3263 est
798 3199 863 3274 his,
897 3220 979 3283 quae
1010 3201 1094 3266 dicta
1127 3210 1214 3277 sunt,
1245 3201 1368 3266 ratione
1405 3202 1546 3276 illorum,
1584 3203 1640 3286 qui
1671 3204 1762 3267 illum

439 3297 594 3361 honorum
622 3293 734 3369 finem,
768 3294 855 3377 quod
884 3294 1080 3376 appellamus
1107 3305 1298 3371 extremum,
1326 3295 1412 3379 quod
1438 3297 1598 3372 ultimum,
1620 3317 1762 3362 crescere

439 3399 550 3474 putent
570 3409 679 3473 posse,
701 3387 801 3451 isdem
823 3387 948 3469 placere
971 3408 1040 3451 esse
1060 3389 1158 3452 alium
1173 3390 1236 3453 alio
1252 3390 1346 3453 etiam
1361 3390 1598 3473 sapientiorem,
1620 3392 1761 3475 itemque

439 3486 534 3549 alium
557 3486 654 3567 magis
675 3483 738 3547 alio
762 3480 812 3544 vel
833 3500 964 3564 peccare
985 3482 1036 3544 rel
1059 3491 1143 3546 recte
1164 3482 1287 3559 facere,
1311 3483 1398 3568 quod
1419 3484 1509 3547 nobis
1532 3485 1693 3549 nonlicet
1714 3486 1762 3550 di·

440 3599 527 3654 cere,
556 3579 611 3662 qui
634 3597 776 3641 crescere
797 3574 951 3638 bonorum
972 3572 1067 3639 finem
1089 3597 1154 3639 non
1183 3586 1340 3660 putamus.
1378 3577 1417 3640 Ut
1440 3578 1524 3640 enim
1547 3580 1602 3662 qui
1625 3580 1762 3644 demersi

402 3682 513 3739 nsunt
538 3673 571 3734 in
599 3691 683 3755 aqua
712 3669 814 3733 nihilo
843 3669 943 3751 magis
970 3670 1126 3753 respirare
1151 3680 1300 3755 possunt,
1334 3673 1360 3735 si
1386 3691 1450 3734 non
1479 3672 1572 3756 longe
1598 3673 1714 3737 absunt
1742 3693 1761 3737 a

439 3784 576 3841 summo,
599 3765 716 3828 utiam
738 3764 865 3846 iamque
886 3763 1011 3844 possint
1032 3784 1209 3848 emergere,
1231 3785 1327 3849 quarn
1348 3766 1376 3828 si
1399 3766 1493 3829 etiam
1515 3775 1582 3829 tum
1597 3777 1704 3832 essent
1725 3770 1760 3832 in

438 3860 611 3944 protunda,
632 3878 692 3922 nec
714 3858 836 3920 catulus
858 3857 929 3931 ille,
951 3859 1006 3941 qui
1029 3860 1090 3922 iam
1114 3860 1349 3943 appropinquat
1369 3867 1404 3922 ut
1425 3860 1547 3935 videat,
1568 3861 1641 3943 plus
1661 3864 1762 3927 cernit

439 3973 532 4037 quam
554 3955 597 4029 is,
620 3954 675 4037 qui
697 3952 789 4016 modo
812 3959 858 4015 est
878 3959 985 4027 natus,
1006 3952 1082 4016 item
1104 3955 1161 4037 qui
1182 3955 1335 4036 processit
1354 3954 1552 4037 aliquantum
1574 3956 1615 4019 ad
1635 3956 1759 4021 virtutis

438 4047 580 4111 habitum
601 4046 702 4111 nihilo
724 4046 827 4108 minus
848 4046 883 4108 in
903 4046 1029 4109 miseria
1050 4055 1099 4110 est
1120 4067 1215 4130 quam
1237 4047 1306 4122 ille,
1332 4047 1386 4129 qui
1407 4048 1486 4111 nihil
1508 4051 1672 4131 processit.

401 4161 430 4209 so
520 4143 589 4205 XV.
612 4143 698 4205 llaec
720 4140 875 4204 mirabilia
895 4139 995 4203 rideri
1017 4141 1181 4224 intellego,
1204 4143 1261 4205 sed
1283 4163 1353 4205 cum
1375 4151 1457 4205 certe
1481 4144 1645 4227 superiora
1669 4141 1760 4209 firma

438 4257 475 4301 ac
496 4258 570 4301 vera
591 4238 669 4312 sint,
695 4236 744 4299 bis
771 4243 875 4297 autem
904 4254 942 4298 ea
970 4242 1183 4299 consentanea
1205 4245 1236 4299 et
1258 4236 1499 4319 consequentia,
1521 4257 1562 4300 ne
1584 4239 1759 4303 doliorum

439 4332 567 4417 quidem
590 4339 638 4395 est
658 4325 789 4395 veritate
811 4328 1028 4392 dubitandum.
1065 4330 1127 4392 Sed
1144 4349 1333 4414 quamquam
1350 4338 1466 4413 negant
1480 4351 1540 4394 nec
1554 4332 1686 4398 virtutes
1701 4355 1759 4397 nec

438 4428 514 4491 sitia
543 4445 697 4500 crescere,
730 4432 836 4487 tamen
865 4432 1034 4506 utrumque
1062 4442 1172 4486 eorum
1202 4423 1292 4487 fundi
1321 4424 1460 4507 quodam
1490 4425 1583 4489 modo
1611 4435 1642 4490 et
1667 4429 1760 4512 quasi

439 4520 563 4584 dilatari
584 4527 706 4603 putant.
749 4514 800 4580 49.
822 4518 951 4581 Divitias
973 4523 1078 4580 autem
1100 4519 1257 4601 Diogenes
1280 4525 1387 4581 censet
1407 4539 1472 4581 uon
1494 4538 1563 4583 eam
1585 4523 1679 4585 modo
1693 4523 1759 4585 vim

401 4615 568 4689 asbabere,
593 4622 629 4677 ut
657 4614 748 4698 quasi
775 4613 870 4675 duces
897 4612 961 4674 siut
985 4611 1026 4673 ad
1056 4611 1248 4695 voluptatem
1278 4619 1309 4676 et
1333 4613 1373 4675 ad
1394 4612 1608 4677 valetudinem
1630 4614 1758 4691 honam,

438 4708 495 4773 sed
525 4711 619 4774 etiam
645 4709 693 4771 uti
714 4727 751 4770 ea
772 4707 967 4779 contineant,
996 4725 1061 4768 non
1087 4706 1173 4769 idem
1200 4707 1303 4770 iacere
1329 4727 1382 4771 eas
1404 4709 1437 4769 in
1461 4709 1574 4771 virtute
1596 4728 1702 4792 neque
1723 4711 1758 4772 in

438 4804 551 4867 ceteris
572 4803 705 4877 artibus,
734 4802 775 4865 ad
797 4821 876 4885 quas
898 4820 968 4864 esse
991 4799 1057 4864 dux
1078 4800 1214 4883 pecunia
1234 4808 1354 4885 potest,
1386 4803 1544 4867 continere
1566 4809 1670 4866 autem
1691 4823 1757 4867 nou

503 5133 526 5180 4.
545 5135 625 5194 oport.
643 5131 692 5181 ΑΒ
709 5128 809 5195 ubique
829 5157 856 5167 —
879 5130 904 5180 2.
923 5131 1039 5181 necerlan
1056 5132 1105 5181 ΑΒ
1123 5156 1150 5167 -
1171 5130 1208 5196 fit]
1225 5132 1256 5181 u't
1272 5131 1291 5182 B
1310 5157 1337 5167 -
1356 5130 1381 5181 3.
1400 5144 1464 5194 qaae
1480 5132 1571 5183 ABD:
1591 5146 1720 5196 quaecum
1736 5134 1757 5185 0

439 5230 466 5242 -
486 5204 511 5257 4.
528 5206 679 5256 catordloein
695 5208 729 5263 Α;
748 5206 890 5255 catortosinr
906 5206 926 5255 B
948 5233 971 5242 -
991 5205 1119 5270 quoniam]
1138 5207 1203 5267 qnod
1219 5206 1238 5257 B
1257 5234 1283 5243 -
1301 5207 1456 5257 catorthoma
1472 5208 1521 5258 ΑΒ
1534 5234 1561 5245 -
1580 5209 1605 5259 e.
1621 5212 1685 5273 parnt
1701 5223 1756 5260 om.

436 5282 456 5331 B
475 5282 537 5343 (nou
553 5281 583 5343 Ε)
603 5306 629 5317 -
649 5282 688 5330 40.
706 5281 908 5331 deterruisti
927 5306 955 5316 -
973 5283 995 5338 si
1011 5284 1071 5331 ante
1089 5282 1152 5332 coll.
1171 5294 1224 5332 om.
1243 5282 1291 5333 BE
1309 5308 1336 5318 -
1356 5283 1396 5333 43.
1412 5284 1514 5347 ttnitere
1530 5285 1590 5334 Δ-
1609 5288 1758 5346 anteponent

437 5357 533 5409 stade:
547 5361 728 5419 anteponentur
738 5357 793 5415 Αο;
807 5362 1014 5419 anteponerentur
1024 5357 1065 5406 BE
1076 5354 1151 5408 -44,
1161 5356 1310 5420 SilsedE-
1325 5358 1364 5407 43.
1375 5358 1414 5406 sit.
1427 5358 1530 5407 Plarirrti
1540 5360 1652 5409 nonn-
1665 5359 1758 5421 iloni

435 5432 889 5483 medemena-dicante:
910 5432 1128 5483 dicantllllo-
1147 5432 1284 5482 tamnu:
1303 5432 1521 5492 enormitatem
1538 5434 1630 5483 ΜΟ·
1651 5433 1690 5484 48.
1705 5434 1758 5484 lon·
1837 5478 1840 5487 .

435 5521 560 5571 manem
576 5512 610 5558 A:
628 5519 679 5557 esee
694 5506 795 5571 angam
810 5507 864 5556 ant
882 5531 909 5542 -
928 5507 970 5556 22.
988 5506 1071 5571 etiarn]
1089 5512 1112 5557 et
1128 5506 1176 5556 ΑΒ
1196 5532 1223 5542 -
1243 5520 1290 5570 qne
1306 5520 1359 5558 oro.
1379 5508 1439 5558 E·
1458 5509 1499 5559 27.
1518 5508 1712 5573 appropinquat]
1728 5515 1758 5559 at

432 5585 587 5647 propinquat
602 5582 682 5633 ABE
695 5608 723 5619 -
741 5581 783 5631 29.
800 5581 911 5630 tabam
928 5581 987 5631 cod.
1005 5582 1140 5633 Leidensis
1157 5581 1291 5645 Madvigii:
1312 5584 1409 5632 aditam
1424 5583 1512 5634 ΑΒΟ.
1532 5582 1570 5633 Ct.
1581 5584 1624 5645 lll,
1643 5584 1657 5647 g
1670 5583 1711 5634 37.
1727 5610 1755 5620 -

435 5657 463 5706 ln
478 5658 580 5707 miseria
595 5661 630 5707 est
647 5656 772 5706 om.B·-
791 5656 973 5717 qntomtt-
991 5657 1053 5705 nillil
1069 5660 1157 5707 omn
1175 5682 1203 5692 -
1222 5657 1262 5708 30.
1281 5656 1354 5722 Haec]
1372 5659 1491 5709 nenil-
1510 5660 1575 5721 cans]
1594 5665 1646 5708 tarn
1663 5660 1754 5710 BE-

436 5730 477 5781 33,
490 5732 661 5792 ἀυωωιιάιιιιι,
678 5732 874 5793 sed--potant,
893 5732 993 5781 divitia
1009 5739 1093 5783 amen
1110 5744 1171 5784 cum
1183 5735 1212 5782 G.
1227 5733 1377 5784 Hermanno
1394 5735 1423 5795 0,
1442 5737 1471 5783 ut
1487 5746 1501 5784 a
1518 5733 1608 5783 verbis
1624 5747 1674 5783 non
1690 5734 1756 5783 idern

437 5808 471 5867 (ν.
489 5805 530 5868 36)
550 5806 674 5871 apodesis
691 5806 805 5871 incipiat.
825 5834 853 5844 -
872 5807 912 5857 33.
930 5821 1051 5871 crercm,
1074 5814 1159 5859 tamen
1176 5806 1218 5857 ed.
1237 5807 1337 5859 Veneta
1358 5821 1382 5858 a.
1402 5807 1478 5860 443οι
1501 5820 1611 5859 erexere
1631 5813 1756 5859 ettamen

436 5881 587 5931 ABCO-
603 5883 675 5946 sudi
691 5896 745 5934 om.
764 5885 785 5933 Α
802 5908 830 5933 τ-
849 5881 890 5934 34.
908 5884 1085 5934 nonom.AB
1101 5910 1127 5921 -
1146 5882 1256 5947 333444]
1273 5885 1382 5934 sttA-
1401 5883 1442 5933 36.
1460 5883 1497 5933 uti
1513 5896 1544 5933 ea
1561 5895 1623 5933 nos:
1641 5886 1670 5933 ut
1686 5884 1755 5935 inea

437 5955 500 6014 ΑΒς
517 5960 547 6004 at
560 5970 617 6009 mea
634 5958 667 6020 E;
684 5958 825 6010 atealto.
844 5957 883 6009 Ct.
901 5971 927 6023 p.
946 5958 1003 6020 434,
1021 5959 1063 6009 tl.
1084 5985 1112 5997 -
1129 5970 1208 6022 nepae
1223 5963 1268 6011 cet.
1289 5958 1350 6023 lom.
1367 5958 1402 6022 ln)
1419 5959 1452 6021 B;
1470 5971 1514 6011 nea
1530 5963 1575 6009 cet.
1593 5957 1623 6009 E.
