4342 7459
860 1847 1332 1943 IITUIIIICICERONIS

789 2064 831 2148 Ι]
889 2066 933 2149 Α
990 2063 1130 2149 EI»
1190 2066 1206 2147 Ι
1269 2063 1309 2151 U
1367 2062 1402 2150 S

941 2289 1002 2352 DE
1024 2290 1240 2354 AMICITIA

680 2486 745 2544 EX
766 2484 1139 2546 nucoumulorru
1166 2483 1344 2544 cauom
1366 2484 1511 2543 EAM.

1026 2705 1158 2715 ——-

928 2887 1113 2949 NOTARUM
1130 2886 1260 2949 INDEX.

429 3042 496 3091 B=
512 3008 663 3092 codex'iai.
681 3040 847 3092 Monacensis
870 3039 951 3101 4644,
974 3039 1036 3091 oiim
1059 3039 1338 3098 benedictoburanus.
1363 3052 1435 3090 suec.
1453 3038 1511 3100 xii,
1536 3037 1647 3090 collatus
1669 3039 1705 3090 ab
1727 3041 1760 3091 Α.

558 3125 736 3177 Fleckeieeuo.

853 3210 946 3288 Q

852 3297 870 3347 U
897 3296 945 3346 658
971 3248 1057 3313 (apud
1078 3246 1268 3298 Endiicberum
1289 3260 1362 3298 uum.
1383 3248 1466 3308 Lili),
1499 3258 1570 3298 saec.
1589 3246 1650 3306 XV.
1680 3248 1758 3299 cuius

427 3248 449 3298 b
465 3261 496 3285 =
512 3247 597 3298 codex
614 3248 826 3299 vindobonensis

558 3368 685 3421 lectiones
702 3369 737 3420 ab
754 3370 835 3421 Andr.
849 3372 915 3421 Dan.
929 3372 1051 3433 Iiicbuuy
1069 3370 1215 3433 exscriptas
1232 3367 1346 3420 iiloizius
1363 3382 1387 3419 u.
1402 3367 1465 3419 4833
1482 3367 1634 3433 publicavit.

426 3454 493 3504 E:
509 3453 592 3504 codex
611 3454 784 3513 Eriurteusis.
808 3453 918 3505 collatus
935 3453 970 3503 ab
987 3454 1034 3503 Ed.
1048 3454 1196 3503 Wundero.

426 3540 446 3587 G
462 3561 493 3585 =
509 3536 594 3588 codex
612 3537 747 3587 Gudianus
764 3537 821 3599 335,
841 3551 912 3589 nunc
929 3535 1197 3595 Wolreubuusunus.
1216 3536 1332 3598 saucii,
1350 3535 1460 3588 collatus
1477 3536 1511 3587 ab
1529 3539 1558 3587 Α.
1572 3534 1755 3588 Fleckeiseno.

426 3622 443 3670 S
461 3621 590 3671 :codex
609 3619 654 3671 iat.
673 3621 838 3672 Monacensis
856 3621 951 3683 444964,
969 3619 1031 3671 oiim
1049 3621 1204 3671 monosterii
1220 3619 1428 3685 salisburgensis
1445 3621 1478 3671 ad
1497 3622 1521 3671 S.
1535 3623 1658 3682 Petrum,
1680 3633 1755 3672 auec.

556 3706 603 3767 XI,
627 3704 736 3757 collatus
754 3706 788 3756 ab
806 3705 911 3757 eodem.

427 3828 494 3877 V:
511 3826 596 3878 codex
614 3827 826 3879 Vindobonensis
846 3791 945 3936 ᾧ-ῃξῖὅ
969 3826 1054 3892 (opud
1066 3826 1254 3878 Eudiicberum
1271 3841 1344 3879 uum.
1360 3829 1440 3892 ciii),
1459 3829 1484 3879 in
1503 3831 1623 3879 nostrum
1641 3838 1721 3877 usum
1739 3839 1755 3875 a

556 3952 653 4001 Baiuvo
671 3953 701 4001 G.
714 3950 745 3999 N.
759 3950 795 3999 du
808 3950 872 4000 Rieu
889 3949 1008 4000 collatus.

426 4034 445 4084 C
462 4049 493 4073 =
509 4047 604 4085 omues
622 4033 681 4085 libri
697 4034 858 4098 superiores,

425 4121 445 4170 0
462 4119 587 4169 :editio
604 4116 741 4169 Orelliana.

492 4215 631 4263 Praeierea
650 4213 683 4262 ad
702 4225 796 4262 manus
814 4215 872 4262 erat
888 4211 973 4263 codex
986 4214 1135 4275 Augusteus
1152 4214 1193 4271 bi,
1208 4213 1251 4269 ⁴2.
1271 4209 1332 4261 olim
1351 4210 1531 4270 undecimus,
1549 4223 1564 4259 a
1583 4209 1753 4261 Fleckeiseuo

425 4296 549 4357 collatus,
571 4300 598 4347 ei
615 4297 742 4347 lectiones
760 4296 882 4347 codicum
900 4296 1102 4359 bambergensis
1124 4300 1152 4346 ei
1168 4297 1333 4357 Escberiaui,
1356 4308 1471 4359 quorum
1488 4298 1601 4373 uterque
1619 4298 1661 4345 est
1677 4308 1751 4346 suec.

424 4380 477 4442 XV,
496 4381 531 4431 ab
548 4381 642 4432 Orellio
659 4383 814 4446 exscripiae.

509 4706 533 4767 1.
560 4700 589 4765 i.
616 4703 754 4778 Quintus
776 4704 898 4765 Mucius
921 4723 1021 4785 augur
1042 4702 1142 4764 multa
1165 4719 1292 4762 narrare
1315 4699 1354 4762 de
1378 4699 1411 4762 C.
1427 4698 1534 4762 Laelio
1556 4720 1667 4764 socero
1691 4721 1751 4764 suo

426 4799 605 4861 memoriter
634 4806 665 4859 et
692 4797 829 4859 iucunde
856 4797 977 4859 solebat
1006 4816 1065 4859 nec
1088 4796 1230 4859 dubitare
1253 4796 1339 4857 iilum
1363 4795 1395 4856 iu
1419 4794 1504 4857 omui
1526 4813 1672 4856 sermone
1694 4814 1753 4877 ap-

424 4892 542 4975 pellare
564 4891 748 4974 sapientem.
788 4873 856 4973 Ego
879 4897 982 4952 autem
1005 4910 1024 4951 a
1045 4898 1135 4973 patre
1158 4891 1203 4952 iia
1225 4909 1309 4951 eram
1334 4888 1487 4951 deductus
1509 4887 1547 4950 ad
1565 4888 1752 4951 Scaevolam

424 4995 548 5068 sumpla
577 4984 659 5047 virili
687 4993 777 5066 iuga,
806 4993 857 5058 ut,
889 4984 996 5067 quoad
1024 5005 1151 5066 possem
1180 4993 1211 5046 et
1233 4983 1359 5058 liceret,
1389 4982 1514 5046 aseuis
1536 4981 1635 5042 latere
1657 5000 1752 5042 num·

399 5098 519 5164 uquam
542 5078 747 5142 discederem.
783 5080 894 5161 Itaque
915 5079 1015 5141 mulia
1037 5079 1076 5141 ab
1100 5099 1138 5142 eo
1160 5077 1335 5160 prudenter
1349 5077 1523 5161 disputata,
1539 5075 1634 5139 multa
1651 5076 1750 5139 eiiam

486 5334 623 5382 isscnrrrro
641 5344 712 5381 mum.
740 5332 830 5381 Laurus
846 5345 874 5381 rr.
893 5344 973 5380 rnen
991 5341 1022 5379 .c.
1041 5340 1076 5378 uu
1092 5341 1203 5379 aurcrcra
1221 5340 1294 5378 araba
1310 5341 1406 5378 rucrrrr
1422 5331 1455 5387 G,
1479 5329 1576 5379 lucram
1592 5338 1695 5378 fusurus
1711 5339 1750 5378 uc·

420 5420 531 5457 merem
555 5408 588 5465 B,
614 5420 641 5456 rr.
661 5418 741 5454 arran
757 5403 840 5455 cacia.
859 5406 948 5455 Lurius
965 5417 1000 5454 uu
1015 5416 1127 5453 meacm
1144 5405 1177 5462 S,
1206 5405 1241 5452 Μ.
1262 5403 1287 5452 Τ.
1307 5404 1333 5453 C.
1353 5403 1414 5453 iiber
1430 5404 1459 5453 de
1474 5403 1591 5452 ominoso
1606 5403 1699 5464 Incipit
1714 5403 1746 5464 E,

420 5483 454 5532 44.
474 5494 556 5531 runnu
571 5493 710 5531 crcnaours.
728 5492 822 5531 cumas.
842 5492 876 5528 un
892 5493 1004 5529 rurrrrra
1022 5491 1125 5528 rucrrrr.
1144 5478 1175 5528 V.

486 5558 508 5606 4.
529 5558 636 5618 erurrs
652 5568 741 5606 xrrrrs
763 5555 876 5613 IiGSV;
904 5552 1161 5615 Quintus--xoiebct
1183 5551 1259 5600 afferi
1282 5553 1416 5602 Charisius
1439 5566 1482 5617 pp.
1497 5552 1557 5610 444,
1576 5552 1624 5601 205
1646 5553 1675 5600 ei
1697 5550 1748 5602 234

419 5629 462 5677 ed.
477 5628 540 5678 Keil.
557 5654 592 5666 -
615 5643 700 5692 ceper
715 5630 813 5679 sceuom
831 5629 865 5684 E.
890 5630 916 5679 in
933 5632 949 5679 S
966 5628 1064 5678 scerwio
1085 5640 1121 5676 m.
1142 5638 1195 5676 rec.
1215 5626 1275 5678 add.
1301 5655 1327 5664 -
1355 5627 1392 5690 C.]
1410 5629 1487 5692 popio
1504 5628 1539 5687 V,
1565 5640 1596 5676 ex
1614 5626 1692 5686 Gqu,
1717 5629 1748 5675 ui

418 5701 500 5752 hebet
519 5704 653 5754 Charisius
672 5718 696 5768 p.
711 5703 759 5753 444
776 5731 809 5740 -
831 5706 855 5754 2.
875 5717 905 5751 uc
923 5705 943 5751 V
962 5729 988 5738 -
1014 5704 1118 5751 iocunde
1135 5704 1178 5751 GS
1198 5729 1224 5738 -
1250 5703 1378 5751 dubitabat
1395 5706 1416 5752 1)
1435 5727 1462 5738 —
1486 5703 1557 5751 {uum
1575 5714 1628 5751 om.
1642 5703 1676 5759 G,
1695 5700 1747 5751 sed

418 5780 443 5828 iu
463 5792 545 5842 marg.
565 5779 639 5837 add,
657 5793 714 5828 eum
730 5792 865 5843 suprascr.
878 5778 921 5826 ali.
936 5791 971 5827 m.
993 5804 1020 5814 -
1045 5778 1068 5827 3.
1088 5778 1206 5826 deductus
1223 5790 1293 5825 mom
1310 5780 1329 5826 G
1351 5803 1377 5811 -
1396 5778 1430 5826 ad
1446 5777 1573 5825 scoceium
1589 5775 1621 5831 B.
1641 5777 1671 5823 ui
1688 5775 1746 5825 iere

417 5863 569 5917 semper·
586 5854 812 5905 commouens
831 5877 858 5888 -
877 5852 1040 5904 weomulto
1054 5852 1165 5903 44844-
1185 5852 1335 5915 dirpprud.
1350 5851 1410 5901 V·
1429 5851 1554 5901 nieme:
1574 5846 1670 5914 [edom]
1684 5849 1715 5900 0.
