4342 7459
447 1254 510 1323 2tl
778 1263 1099 1329 TUSCULANABUM
1118 1267 1450 1332 DlSPU'l'A'l'IONUhl

446 1422 642 1498 mihicrede,
656 1443 749 1487 nemo
764 1444 814 1487 me
826 1432 975 1500 vestrum,
990 1446 1060 1488 cum
1075 1428 1148 1490 hinc
1160 1446 1338 1502 excessero,
1350 1434 1592 1511 consequetur.»
1610 1422 1773 1488 Praeclare

446 1522 480 1585 id
503 1520 648 1604 quidem,
672 1518 725 1600 qui
747 1526 779 1581 et
800 1518 903 1581 amico
926 1519 1105 1601 permiserit
1126 1530 1158 1584 et
1178 1542 1212 1585 se
1235 1521 1410 1585 ostenderit
1431 1521 1470 1584 de
1493 1519 1552 1584 hoc
1573 1526 1642 1582 toto
1657 1537 1772 1601 genere

446 1615 528 1679 nihil
552 1613 705 1677 laborare.
750 1607 821 1673 tol.
844 1614 960 1676 Durior
980 1613 1156 1695 Diogenes,
1180 1623 1212 1679 et
1231 1617 1259 1679 is
1282 1615 1412 1699 quidem
1437 1616 1516 1677 idem
1536 1614 1694 1688 sentiens,
1717 1611 1773 1675 sed

445 1718 482 1774 ut
504 1709 640 1792 Cynicus
661 1706 819 1787 seperius,
842 1706 940 1789 proici
963 1726 997 1768 se
1019 1703 1340 1774 iussil'inhumatum.
1373 1711 1452 1772 Tum
1475 1708 1588 1772 amici:
1611 1706 1777 1769 «Volucri-

422 1803 547 1866 ehusna
563 1811 595 1865 et
609 1797 725 1864 ieristo
745 1800 892 1863 chlinime
903 1821 1008 1874 44444
1025 1801 1147 1886 inquit3
1164 1803 1239 1865 «sed
1255 1803 1403 1866 hacillnm
1420 1811 1553 1885 propter
1566 1819 1693 1883 meque
1708 1799 1776 1863 ahi-

446 1915 515 1980 qam
531 1896 704 1979 ponitotem
730 1892 812 1968 «Qui
828 1894 986 1975 poteris‘le
1012 1895 1077 1969 illi3
1097 1916 1178 1958 rnon
1193 1897 1278 1959 enim
1293 1896 1442 1964 senties.»
1469 1894 1572 1971 «Quid
1587 1895 1685 1979 igitur
1697 1893 1773 1957 mihi

445 1989 580 2055 ferarum
596 1988 733 2053 laniatus
755 1986 859 2051 cherit
880 1987 958 2050 nihil
980 1988 1169 2051 sentienliie
1193 1989 1354 2053 Praeclare
1371 1987 1589 2071 Anaxagoras,
1612 1989 1681 2072 qui,
1703 2007 1775 2050 cum

444 2082 610 2167 Lampsaci
640 2091 833 2155 moreretur,
862 2083 1087 2165 quaerentibus
1116 2084 1225 2146 amicis
1248 2083 1385 2147 velletne
1408 2083 1612 2147 Clazomenas
1644 2079 1691 2166 [in
1719 2101 1777 2167 pa-

444 2172 567 2260 triam],
589 2176 617 2240 si
639 2175 716 2259 quid
731 2175 912 2249 accidisset,
935 2175 1069 2239 auferri:
1094 2176 1197 2239 «Nihil
1212 2196 1341 2240 necesse
1357 2185 1440 2251 est,e
1464 2177 1586 2261 inquit3
1614 2174 1775 2258 «undique

406 2284 435 2331 to
445 2270 528 2336 enim
557 2271 597 2334 ad
626 2269 745 2333 inferos
767 2270 952 2332 tantundem
974 2272 1147 2333 4144444.»
1189 2272 1333 2353 Totaque
1363 2271 1402 2333 de
1430 2271 1552 2334 ratione
1579 2268 1775 2332 humationis

444 2387 542 2429 unum
562 2364 735 2428 tenendum
751 2371 800 2427 ast
817 2363 859 2426 ad
877 2382 988 2446 corpus
1011 2363 1096 2427 illam
1119 2364 1286 2448 pertinere,
1309 2364 1376 2427 sive
1391 2365 1542 2428 occiderit
1562 2364 1685 2425 animus
1707 2363 1775 2426 sive

442 2461 556 2543 vigeat.
597 2460 634 2521 ln
656 2477 788 2541 corpore
809 2464 915 2519 autem
937 2458 1138 2541 perspicuum
1160 2468 1208 2522 est
1228 2458 1279 2521 rel
1301 2458 1441 2522 extincto
1463 2460 1569 2521 animo
1592 2457 1641 2520 rel
1663 2456 1774 2539 elapso

438 2553 566 2617 nullum
587 2551 727 2615 residere
749 2571 888 2614 sensum.

528 2648 638 2710 XLIV.
661 2642 732 2707 l05.
762 2644 824 2708 Sed
853 2646 946 2727 plena
976 2665 1117 2709 errorum
1147 2655 1220 2709 sunl
1249 2647 1364 2710 omnia.
1404 2646 1513 2709 Trahit
1540 2645 1710 2708 Hectorem
1731 2644 1772 2708 ed

405 2753 569 2805 4444444444
590 2740 758 2822 religatum
780 2738 936 2802 Achilles:
957 2738 1089 2803 lacerari
1112 2761 1183 2802 cum
1207 2750 1239 2804 et
1260 2740 1394 2815 sentire,
1418 2740 1530 2813 credo,
1551 2747 1651 2821 putat.
1688 2740 1772 2821 Ergo

441 2836 494 2900 hic
523 2834 702 2908 ulciscitur,
733 2840 767 2896 ut
795 2832 924 2915 quidem
951 2833 1011 2897 sihi
1032 2834 1176 2909 videtur;
1208 2841 1240 2896 at
1269 2834 1323 2896 illa
1346 2834 1429 2897 sicut
1449 2832 1683 2897 acerbissimam
1704 2853 1773 2896 rem

442 2936 580 2993 maeret·
652 3011 902 3083 Vidividere
925 3022 1028 3103 quod
1051 3042 1104 3084 me
1127 3041 1246 3105 passe
1266 3040 1518 3103 aegerrume,

651 3116 869 3178 Hectorem
892 3135 1009 3178 curru
1032 3114 1278 3197 quadriiugo
1301 3118 1517 3197 raptarier.

403 3214 543 3289 tanem
574 3213 740 3275 Hectorem
766 3218 821 3272 aut
848 3229 941 3293 quam
971 3211 1026 3273 diu
1057 3209 1111 3272 ille
1142 3211 1202 3273 erit
1222 3210 1360 3272 Hectori
1389 3209 1503 3274 Melius
1525 3208 1637 3271 Accius
1660 3215 1693 3271 et
1714 3207 1773 3272 ali·

441 3306 569 3391 quando
592 3306 715 3388 sapiens
737 3304 890 3366 Achilles:

483 3402 599 3464 lmmo
621 3400 826 3462 enimvero
849 3417 994 3478 corpus
1017 3398 1171 3462 Priamo
1189 3397 1364 3472 reddidi,
1386 3398 1771 3462 Hectoremahstuli.

439 3493 517 3556 Non.
533 3492 630 3574 igitur
650 3492 788 3555 Hectora
809 3492 948 3565 traxisti,
971 3489 1027 3553 sed
1047 3512 1162 3573 corpus
1185 3493 1269 3575 quod
1294 3491 1396 3555 iuerat
1410 3491 1566 3555 Hectoris.
1601 3487 1673 3555 106.
1687 3493 1771 3556 Ecce

440 3586 523 3650 elius
545 3587 686 3649 exoritur
708 3606 726 3648 e
749 3594 847 3659 terra,
869 3586 921 3668 qui
943 3592 1075 3647 matrem
1098 3586 1234 3648 dormire
1256 3606 1320 3649 non
1342 3586 1444 3649 sinat:

401 3691 431 3740 44
481 3680 614 3751 Mater,
635 3685 672 3742 ta
694 3677 869 3763 appello,
892 3686 939 3751 lu,
957 3696 1054 3761 quae
1077 3698 1208 3741 curam
1231 3698 1369 3742 somno
1392 3678 1770 3761 snspensamleras,

482 3774 620 3855 Neque
642 3780 681 3835 te
702 3773 781 3834 mei
803 3771 987 3834 miseret:
1011 3791 1129 3854 surge
1152 3780 1189 3834 el
1210 3772 1338 3855 sepeli
1363 3782 1496 3836 natum
1518 3781 1629 3836 44444444.

438 3899 482 3912 -
502 3867 589 3930 llaec
617 3886 689 3929 cum
717 3864 834 3949 pressis
866 3872 896 3927 et
924 3863 1081 3927 ssehilihus
1103 3866 1221 3941 modis,
1251 3867 1306 3950 qui
1330 3867 1404 3930 totis
1426 3866 1558 3930 theatris
1579 3864 1769 3930 maestitiam

440 4158 475 4207 414
490 4157 632 4213 videtum
649 4155 691 4204 sed
702 4180 739 4190 -·
750 4153 859 4216 depellet.
887 4154 1007 4212 frustm
1026 4154 1062 4204 ihi
1080 4155 1153 4205 enim
1171 4168 1203 4205 444
1219 4154 1488 4218 4141444414441144-
1499 4156 1535 4204 -i
1552 4154 1768 4218 intelligiturnon

436 4233 525 4296 sacto,
544 4231 592 4282 sed
603 4230 645 4291 {ac
660 4231 757 4294 (nunc).
777 4229 815 4280 Ci.
828 4230 844 4291 s
857 4229 902 4278 26:
921 4229 1048 4292 Expone
1064 4232 1152 4294 iqitar,
1170 4231 1357 4281 risimolertam
1371 4236 1429 4293 est,
1444 4233 1567 4294 4444444444,
1583 4232 1605 4279 ei
1619 4236 1769 4293 potes-·,·

437 4311 502 4367 rme,
525 4304 547 4355 si
568 4306 652 4354 minas
671 4306 697 4354 id
722 4304 936 4364 obtinehien,
963 4306 1088 4355 docebis
1109 4308 1161 4356 cel.
1185 4307 1244 4364 (Ait.
1263 4307 1317 4365 1114,
1336 4307 1367 4356 30
1388 4307 1568 4368 41--44411444,
1593 4307 1642 4356 aiei
1658 4306 1769 4356 4144444444

434 4380 581 4443 petalis,
599 4380 782 4444 ohiarqoto)
799 4381 815 4442 s
833 4380 981 4443 4044441444,
1000 4380 1119 4442 sipoter,·
1137 4380 1153 4443 s
1171 4381 1201 4428 41
1219 4392 1259 4440 44,
1279 4393 1343 4441 qaae
1358 4382 1407 4430 aie
1424 4382 1448 4441 (i.
1463 4394 1486 4430 e.
1501 4384 1526 4431 le
1539 4379 1606 4431 velle
1619 4382 1672 4431 iam
1684 4382 1769 4443 signi-

437 4455 545 4518 ficasti),
564 4460 592 4503 at
611 4460 736 4517 potero,
755 4454 952 4517 marcion.
972 4459 1002 4506 Α.
1023 4455 1057 4504 Ta
1073 4455 1158 4518 (soc),
1178 4459 1206 4503 at
1221 4455 1348 4504 videtur
1365 4456 1403 4517 (=
1414 4455 1445 4514 V,
1457 4456 1507 4516 st).
1527 4456 1569 4514 lll,
1588 4454 1620 4506 84
1637 4456 1768 4516 eaorteer·

435 4544 541 4593 osusque
556 4531 684 4591 coletis,
703 4557 739 4567 ·-
752 4535 833 4580 444444.
859 4530 901 4589 lli,
921 4530 1023 4580 BBicat
1035 4529 1138 4592 (nunc),
1156 4530 1245 4592 siquis
1255 4529 1328 4579 vall.
1343 4527 1431 4579 Famil.
1450 4530 1516 4587 14111,
1529 4531 1561 4580 40
1572 4530 1679 4581 milicem
1690 4532 1767 4593 (con-

436 4602 530 4666 iicito),
553 4618 611 4654 cem
632 4606 775 4655 Metrodoro
796 4604 944 4655 ludmila·
973 4605 1035 4655 Cum
1051 4604 1139 4654 olitore
1156 4604 1236 4665 (agel,
1258 4608 1286 4652 at
1301 4603 1434 4652 oidelae.
1448 4628 1487 4640 --
1501 4604 1589 4653 1444444
1606 4605 1654 4667 (sc.
1672 4605 1766 4666 444444·

377 4697 380 4701 “
436 4678 539 4730 dictum
555 4682 627 4729 enim
644 4684 701 4730 erat
718 4680 751 4730 de
770 4680 856 4730 tuturo
874 4680 991 4742 quodem
1009 4684 1144 4743 tempore:
1171 4679 1288 4741 Tarpetes
1304 4678 1458 4729 Kalendis
1473 4684 1586 4742 spectare
1600 4680 1765 4745 qlodiatoree,

433 4754 552 4815 postridie
568 4754 674 4818 redire),
693 4761 721 4810 at
737 4755 906 4805 ridebitur.
934 4755 972 4804 De
995 4756 1092 4804 omissa
1114 4752 1216 4816 syllaba
1236 4754 1261 4802 hi
1277 4755 1367 4804 eiusve
1386 4757 1447 4803 nota
1465 4754 1497 4804 41.
1517 4754 1548 4815 41,
1567 4755 1592 4805 2.
1610 4755 1653 4815 111,
1674 4754 1714 4804 43.
1733 4752 1767 4804 'il

436 4827 624 4893 (mediocritas).
650 4831 691 4891 141,
710 4832 742 4881 27
759 4829 944 4894 (inhospitalis).
974 4828 1006 4880 34
1024 4831 1125 4891 (virias,
1145 4833 1174 4879 ut
1190 4831 1207 4893 s
1224 4831 1264 4880 64.
1284 4830 1314 4888 V,
1332 4829 1365 4890 s).
1398 4831 1425 4879 44
1444 4827 1564 4893 Epistolis
1582 4841 1635 4879 non
1653 4840 1715 4877 raro
1733 4840 1766 4877 ex

435 4903 560 4953 uidebiteer
582 4917 673 4955 errore
696 4905 795 4956 lactum
817 4908 858 4955 est
874 4906 980 4963 44444444,
1005 4908 1034 4953 44
1050 4907 1102 4954 All.
1121 4905 1174 4963 1111,
1194 4905 1224 4955 48
1241 4918 1266 4965 4,
1285 4905 1310 4954 2.
1334 4903 1380 4953 uhi
1398 4904 1532 4955 1444114444
1549 4906 1637 4954 recte:
1656 4904 1709 4953 Boc
1725 4928 1767 4941 ·-

435 4978 569 5040 tractatis,
591 4985 619 5028 at
635 4979 679 5029 tihi
695 4980 881 5030 videditur·
899 4979 941 5029 W.
964 5003 990 5015 -
1013 4981 1039 5029 3.
1057 4981 1123 5029 idern
1140 4979 1263 5043 Bentley:
1289 4993 1342 5030 444.
1362 4980 1381 5029 C
1402 5006 1429 5015 -
1451 4982 1475 5030 5.
1495 4980 1561 5041 qaod
1576 4978 1715 5042 4049444411
1735 5004 1763 5014 -

435 5052 460 5101 a.
479 5054 539 5114 qaid
558 5054 652 5114 poteris
673 5056 736 5111 Glt;
762 5055 805 5116 qai
826 5055 852 5102 id
870 5054 963 5116 poteris
986 5054 1135 5116 Tregdcrus
1154 5069 1202 5104 rex
1219 5055 1372 5105 coniectura
1390 5054 1543 5117 leodegarii
1564 5065 1617 5103 non
1634 5050 1704 5102 mala
1722 5050 1765 5102 1114

435 5125 545 5189 quidem
563 5126 604 5188 (cl.
622 5129 639 5191 s
657 5129 714 5188 416,
733 5127 779 5178 uhi
796 5128 964 5192 Archetypus
981 5130 1093 5190 quiden,
1113 5130 1261 5193 Tregderus
1279 5142 1311 5179 cx
1329 5129 1424 5178 Davisii
1443 5130 1594 5179 coniectura
1612 5131 1701 5177 recte:
1720 5127 1766 5191 qai

433 5203 501 5262 144444,
520 5204 547 5252 44
563 5203 597 5252 (14
614 5203 640 5252 id
657 5204 676 5263 1,
694 5204 734 5255 43.
754 5204 796 5264 lV,
815 5203 869 5265 441,
888 5204 936 5254 scd
955 5218 1041 5267 neque
1059 5205 1212 5254 necessaria
1229 5216 1316 5267 neque
1335 5205 1416 5253 certa.
1447 5205 1540 5267 Neque
1557 5204 1643 5262 enim,
1668 5204 1698 5253 ul
1713 5201 1764 5253 illie

434 5275 544 5341 aliisque
561 5276 640 5337 locis,
663 5280 701 5328 sic
720 5280 771 5330 hoc
788 5292 855 5343 opus
873 5279 920 5329 luit
936 5293 996 5329 cum
1015 5280 1116 5329 maiore
1134 5279 1250 5343 quadam
1267 5279 1293 5328 vl
1310 5278 1336 5327 id
1354 5277 1417 5338 ltere
1428 5279 1495 5327 =id
1506 5279 1615 5343 quidem)
1632 5278 1709 5336 addi;
1727 5277 1761 5328 cl.

433 5351 507 5416 911.
527 5352 650 5411 1441411,
669 5351 710 5411 40,
728 5354 752 5402 2.
771 5354 853 5403 44441.
873 5354 904 5411 ll,
924 5355 979 5404 400.
1007 5356 1060 5404 Flu.
1079 5356 1110 5414 V,
1130 5354 1170 5405 81,
1189 5355 1295 5404 Terent.
1315 5353 1395 5403 Andr.
1414 5355 1444 5413 11,
1463 5355 1487 5414 4,
1506 5354 1530 5404 2.
1561 5356 1599 5405 Be
1616 5354 1762 5405 verborum

433 5426 476 5487 qui
493 5428 520 5476 et
536 5426 598 5486 qaid
614 5425 768 5477 contusione
787 5426 863 5489 (14.1,
882 5428 927 5478 ubi
945 5431 1065 5493 sequitur
1082 5428 1174 5480 similis
1192 5428 1276 5479 littere
1290 5443 1318 5489 p,
1337 5426 1466 5488 4444114444,
1485 5431 1515 5478 ut
1531 5429 1585 5480 Fin.
1604 5430 1636 5490 V,
1654 5431 1696 5482 48.
1715 5426 1761 5479 uhi

433 5500 493 5551 ood.
513 5498 695 5563 Erlangenels,
713 5500 755 5551 alii
772 5503 846 5565 qaid
861 5507 941 5564 potest
958 5518 1005 5567 pro
1023 5507 1075 5565 qai
1091 5504 1177 5567 potest)
1196 5503 1227 5554 41.
1243 5504 1310 5567 stt.
1335 5504 1363 5553 ld
1380 5504 1457 5566 igitm
1473 5504 1548 5554 uncis
1565 5504 1676 5568 quidem
1688 5506 1761 5555 certo

433 5573 530 5625 includi
547 5578 688 5640 oportuit.»
706 5576 749 5627 W.
771 5604 795 5613 -
815 5578 839 5627 8.
858 5579 962 5628 laruam
978 5585 1090 5629 moretur
1107 5582 1156 5631 044
1175 5605 1202 5614 -
1221 5579 1248 5627 ie
1263 5578 1376 5639 patriam
1392 5576 1443 5628 del.
1463 5578 1533 5628 Bake
1552 5577 1568 5630 1.
1588 5578 1604 5629 1.
1624 5593 1650 5643 p.
1670 5580 1710 5629 80.
1731 5603 1758 5615 ·-

432 5649 473 5701 tt.
491 5651 668 5700 4444441011-
689 5652 728 5702 48.
741 5653 807 5714 qaod
823 5666 878 5701 eam
892 5667 969 5716 possa
987 5654 1112 5705 1111444414.
1128 5681 1154 5689 -
1171 5655 1210 5704 49.
1224 5654 1363 5703 haectorem
1377 5666 1452 5702 carro
1464 5655 1512 5703 011
1526 5677 1555 5691 -
1573 5656 1635 5705 Post
1647 5652 1760 5703 verhum

431 5726 561 5786 raptarier
578 5729 686 5789 propter
702 5724 815 5776 similem
834 5727 932 5778 exitum
951 5729 1069 5781 14444444
1087 5729 1217 5780 excidisse
1235 5730 1309 5791 putet
1320 5739 1428 5777 versum
1442 5729 1628 5791 sequentema
1642 5727 1759 5776 Varrone

432 5802 569 5850 servelmu
581 5801 608 5850 1..
622 5799 651 5849 l..
664 5801 695 5859 x,
708 5801 754 5851 to:
774 5801 884 5851 Hectoris
899 5809 988 5852 rotam
1005 5805 1034 5854 de
1050 5817 1124 5853 maro
1135 5804 1263 5854 iactarier.
1280 5827 1306 5838 —
1326 5803 1366 5852 20.
1379 5804 1460 5852 ditias
1476 5803 1536 5852 0-
1555 5803 1596 5851 25.
1610 5806 1638 5851 tu
1649 5802 1684 5852 C:
1702 5812 1757 5851 om.

432 5871 497 5919 0-
522 5885 668 5935 cumessam
685 5875 831 5939 Porphyrio
849 5876 896 5939 (ad
916 5878 1004 5928 Horat.
1024 5880 1078 5928 Sat.
1099 5880 1123 5939 2,
1143 5878 1181 5940 Bi:
1199 5879 1352 5941 respersae
1374 5904 1399 5913 -
1425 5876 1708 5928 48444444114441444.
1729 5899 1756 5911 ·-

432 5946 565 5998 4414444444
582 5947 701 6013 Bentley.
723 5977 750 5988 -
775 5956 846 6001 4444444
863 5950 986 6016 Bentley:
1011 5965 1065 6003 om.
1086 5954 1136 6004 CO
1156 5979 1182 5991 -
1201 5953 1242 6003 st.
1261 5965 1318 6003 cren
1331 5953 1460 6015 4444414444
1474 5950 1596 6017 motem
1613 5950 1673 6000 aa.
