4342 7459
781 1203 903 1309 unu.
932 1243 1160 1309 amu-111.
1187 1241 1352 1330 §ss-s.
1666 1243 1729 1310 ess

411 1413 475 1479 est,
503 1410 539 1469 ut
559 1423 579 1467 a
599 1399 762 1468 veteribus
783 1403 982 1488 philosophis
1004 1402 1167 1469 delinitum
1191 1413 1255 1480 est,
1283 1425 1386 1468 rernm
1413 1404 1591 1468 divinarum
1616 1412 1649 1469 et
1668 1404 1729 1470 hu·
1753 1420 1756 1427 '

410 1519 574 1562 manarum
595 1517 835 1581 causarumque,
857 1496 974 1581 quibus
996 1519 1051 1563 eae
1073 1518 1125 1562 res
1147 1501 1362 1574 eontinentur,
1384 1499 1532 1573 scientia,
1554 1500 1642 1562 cuius
1662 1506 1729 1562 stu·

410 1592 498 1657 dium
528 1592 583 1675 qui
613 1593 771 1676 vituperat
797 1592 883 1655 haud
912 1613 988 1656 sane
1018 1594 1169 1674 intellego
1191 1593 1341 1677 quidnam
1362 1594 1408 1657 sit
1428 1592 1514 1676 quod
1536 1591 1729 1655 laudandum

409 1694 510 1770 putet.
562 1684 593 1748 6.
627 1689 705 1749 Nam
736 1688 803 1750 sive
832 1686 1000 1750 oblectatio
1032 1687 1196 1770 quaeritur
1223 1687 1319 1750 animi
1351 1686 1543 1770 requiesque
1573 1705 1729 1760 curarum,

409 1802 492 1865 quae
513 1780 649 1845 conferri
682 1801 752 1844 cum
779 1800 886 1845 eorum
909 1780 1023 1844 studiis
1044 1789 1163 1865 potest,
1191 1781 1246 1865 qui
1260 1800 1394 1863 semper
1413 1779 1535 1861 aliquid
1558 1781 1747 1863 anquirunta

410 1875 496 1960 quod
524 1882 645 1959 spectet
672 1879 704 1937 et
731 1873 836 1937 valeat
864 1874 904 1937 ad
933 1874 1013 1937 bene
1041 1875 1197 1956 beateque
1226 1874 1418 1938 vivendum?
1451 1874 1518 1937 sive
1544 1875 1625 1938 ratio
1653 1894 1730 1939 con·

409 1970 545 2033 suntiae
574 1969 766 2050 virtutisque
795 1968 938 2041 ducitur,
966 1975 1021 2032 ant
1046 1967 1126 2030 haee
1153 1986 1206 2031 ars
1233 1974 1283 2031 est
1309 1976 1365 2031 aut
1386 1967 1473 2031 nulla
1496 1969 1644 2042 omnino,
1673 1987 1731 2051 per

409 2083 504 2148 quarn
534 2082 589 2127 eas
616 2080 833 2145 assequamur.
883 2060 1009 2125 Nullam
1030 2062 1136 2125 dicere
1157 2080 1373 2125 maxumarum
1395 2078 1502 2125 rerum
1528 2069 1628 2125 artam
1649 2082 1731 2138 esse,

408 2176 481 2220 cum
509 2155 709 2219 minimarum
739 2155 808 2218 aine
835 2157 902 2219 arte
930 2148 1017 2218 nulla¹
1046 2156 1104 2229 sit,
1134 2154 1299 2218 hominum
1328 2162 1378 2218 est
1399 2175 1509 2238 pamm
1531 2155 1730 2221 concideram

408 2250 606 2333 loquentium
635 2256 730 2332 atque
758 2250 791 2311 in
819 2248 974 2312 maxumis
1003 2249 1099 2312 rebus
1128 2248 1308 2312 errantium.
1360 2248 1393 2312 Si
1421 2256 1527 2313 autem
1554 2257 1603 2313 est
1621 2250 1767 2334 aliquast

408 2344 579 2427 disciplina
594 2343 734 2418 virtutis,
755 2339 812 2404 ubi
834 2362 872 2405 ea
894 2350 1078 2425 quaeretur,
1101 2362 1172 2405 cum
1194 2341 1233 2405 ab
1249 2343 1309 2405 hoe
1323 2341 1466 2406 discendi
1480 2362 1597 2425 genere
1611 2343 1731 2407 discss-

408 2439 510 2502 serist
539 2435 601 2500 Sed
622 2436 712 2511 haec,
734 2455 803 2500 cum
826 2434 865 2498 ad
888 2435 1123 2519 philosophiam
1145 2436 1358 2510 cohortamur,
1378 2437 1554 2500 accuratim
1576 2436 1730 2519 disputari

296 2540 299 2549 '
409 2531 530 2605 solent,
561 2528 648 2615 qnod
675 2529 740 2592 alio
769 2528 907 2612 quodam
939 2529 1021 2593 libro
1041 2529 1185 2593 lecimus.
1228 2529 1296 2593 lloc
1317 2537 1423 2593 autem
1444 2536 1589 2614 tempore
1609 2537 1730 2596 tautum

409 2624 502 2689 nobis
524 2623 749 2688 declarandum
770 2622 848 2696 tuit,
877 2642 935 2686 cur
956 2623 1057 2686 orbati
1079 2623 1124 2685 rei
1147 2623 1293 2706 publicae
1317 2623 1498 2688 muneribus
1526 2624 1650 2689 adhoc
1671 2645 1730 2689 nos

410 2718 549 2782 studium
571 2717 769 2800 potissimum
792 2715 1047 2779 contulissemus.
1090 2714 1121 2779 7.
1144 2716 1329 2780 Occurritur
1348 2725 1455 2781 autem
1477 2718 1585 2792 nobis,
1607 2726 1640 2782 et
1660 2719 1769 2802 qui-sa

411 2812 482 2875 dem
505 2829 524 2874 a
546 2810 648 2874 doctis
669 2818 702 2873 et
723 2809 856 2874 eruditis
878 2810 1121 2891 quaerentibus,
1151 2811 1268 2873 satisne
1296 2817 1477 2873 constanter
1498 2810 1602 2875 iacere
1624 2812 1732 2876 ridea-

410 2924 496 2978 mur,
527 2903 600 2986 qui,
631 2923 703 2967 cum
731 2901 852 2986 percipi
880 2901 960 2964 nihil
989 2923 1084 2985 posse
1114 2903 1272 2977 dicamus,
1303 2910 1408 2968 umen
1430 2911 1462 2967 et
1482 2903 1555 2968 aliis
1576 2906 1615 2980 de
1636 2908 1731 2972 rebus

410 2997 568 3062 disserere
589 2997 748 3062 soleamus
776 3003 808 3059 et
834 2995 895 3058 hoe
922 2996 993 3078 ipso
1018 3004 1160 3079 tempore
1181 3006 1352 3079 praecepta
1374 2994 1471 3061 otlieii
1491 3017 1731 3082 persequamur.

410 3091 535 3167 Quibus
565 3090 680 3155 vellem
710 3091 787 3154 satis
816 3091 942 3172 cognita
969 3097 1055 3154 esset
1085 3097 1194 3153 nostra
1214 3091 1381 3155 sententia.
1422 3092 1494 3153 Non
1516 3092 1601 3156 enim
1623 3112 1731 3159 sumus

409 3185 451 3260 ii,
480 3206 613 3269 quorum
642 3192 775 3267 vagetur
804 3184 927 3247 animus
958 3203 1064 3246 errore
1087 3203 1145 3246 nec
1167 3183 1281 3248 habeat
1300 3203 1449 3267 umquam
1471 3186 1548 3268 qnid
1570 3194 1770 3270 aequaturus

410 3278 501 3354 Quae
522 3280 607 3342 enim
630 3285 715 3342 esset
736 3279 796 3342 ista
817 3296 907 3341 mens
927 3277 986 3339 rel·
1001 3295 1082 3360 quae
1104 3276 1170 3340 rita
1190 3278 1314 3358 potius,
1335 3297 1399 3342 nou
1421 3278 1517 3342 modo
1538 3278 1732 3365 disputandi,

408 3372 467 3438 aed
488 3372 584 3435 etiam
605 3371 732 3435 vivendi
753 3372 876 3435 ratione
898 3366 1041 3433 sublata?
1073 3368 1144 3434 Noa
1165 3376 1286 3443 autem,
1308 3377 1343 3433 ut
1364 3372 1461 3435 ceteri
1475 3372 1540 3437 alia
1555 3383 1656 3449 certa,
1670 3376 1733 3440 alia

410 3466 531 3531 incerta
552 3486 624 3530 esse
646 3464 771 3540 dicunt,
793 3466 839 3528 sic
860 3464 901 3527 ab
922 3464 972 3526 bis
994 3462 1218 3527 dissentientes
1238 3464 1300 3528 alia
1321 3461 1516 3548 probabilia,
1539 3476 1648 3532 contra
1668 3469 1732 3534 alia

411 3560 556 3629 dicimus,
598 3557 630 3622 8.
652 3558 737 3633 Quid
760 3567 809 3623 est
828 3558 923 3641 igitur
946 3555 1031 3640 quod
1055 3577 1105 3619 me
1126 3555 1277 3640 impediat
1298 3577 1346 3631 ea,
1368 3579 1450 3643 quae
1466 3562 1640 3643 probabilia
1655 3559 1731 3626 mibi

410 3651 594 3727 videantur,
618 3652 729 3735 sequi,
751 3672 834 3736 quae
856 3658 982 3723 contra,
1004 3650 1173 3732 inprobare
1194 3659 1291 3735 atque
1312 3652 1500 3718 adfirmandi
1521 3656 1770 3738 arrogantiam

411 3748 561 3811 muntem
584 3745 694 3829 lugere
716 3747 937 3819 temeritatem,
953 3763 1035 3827 quae
1049 3763 1069 3806 a
1083 3744 1240 3827 sapientia
1254 3746 1386 3810 dissidet
1400 3748 1591 3830 plurimum?
1614 3749 1733 3814 Contra

413 3847 518 3904 autem
547 3841 656 3905 omnia
685 3839 863 3924 disputatur
890 3859 909 3903 a
936 3838 1068 3912 uostris,
1098 3836 1185 3921 quod
1211 3838 1273 3903 boe
1294 3840 1398 3923 ipsum
1420 3842 1585 3924 probabile
1606 3843 1732 3907 elucere

411 3954 475 3999 nou
496 3941 623 4017 posset,
650 3934 713 3997 nisi
736 3954 777 3997 ex
797 3941 931 4017 utraque
954 3938 1043 4014 parte
1064 3950 1230 3996 causarum
1251 3941 1336 3997 esset
1356 3934 1437 3998 taeta
1457 3938 1625 4002 contentio.
1670 3936 1733 4001 Sed

410 4028 490 4092 baec
511 4027 679 4111 explanata
702 4027 829 4090 suntin
851 4025 1049 4089 Academicis
1070 4025 1189 4088 nostris
1211 4027 1303 4100 satis,
1324 4035 1360 4091 ut
1381 4028 1532 4105 arbitror,
1554 4031 1732 4115 diligenter.

411 4123 482 4186 'libi
505 4131 629 4194 autem,
652 4121 694 4182 mi
719 4121 846 4195 Cicero,
868 4136 1060 4202 quamquam
1082 4117 1116 4179 in
1138 4119 1360 4201 antiquissima
1379 4121 1641 4210 nobilissimaque
1661 4126 1770 4209 phi-so

410 4214 556 4298 losophia
578 4215 728 4297 Cratippo
750 4223 878 4278 auctore
900 4212 1052 4284 versaris,
1073 4212 1114 4274 iis
1136 4212 1313 4287 simillimo,
1335 4216 1390 4298 qui
1412 4216 1475 4280 ista
1496 4220 1657 4300 praeclara
1678 4238 1735 4303 pe-

411 4316 577 4392 pererunt,
606 4316 716 4371 tamen·
733 4308 811 4371 haec
833 4314 956 4379 nostra,
986 4301 1130 4368 finituma
1151 4307 1280 4381 vestris,
1306 4308 1415 4390 ignota
1437 4329 1507 4374 esse
1529 4311 1625 4376 nolui.
1668 4312 1731 4376 Sed

412 4403 474 4464 iam
496 4402 535 4464 ad
558 4403 698 4465 instituta
720 4421 897 4486 pergamus.
1180 4472 1184 4481 ,

495 4495 549 4556 ΙΙΙ.
571 4493 602 4557 9.
625 4495 776 4578 Quinque
799 4496 896 4577 igitur
916 4492 1093 4556 rationibus
1116 4494 1287 4576 propositis
1300 4490 1397 4557 officii
1413 4499 1639 4581 persequendi,
1655 4520 1733 4583 qua·

411 4609 480 4652 rum
504 4587 587 4652 duae
608 4589 648 4652 ad
671 4590 767 4652 decus
790 4588 1052 4670 honestatemque
1074 4588 1279 4670 pertinerent,
1302 4589 1383 4652 duae
1405 4591 1445 4654 ad
1460 4593 1624 4657 commoda
1637 4595 1721 4658 ritae
1741 4615 1770 4663 aa

413 4682 530 4766 copias,
553 4701 642 4765 opes,
664 4682 839 4757 facultates,
863 4682 972 4765 quinta
994 4680 1034 4743 ad
1057 4682 1193 4764 eligendi
1215 4682 1376 4758 iudicium,
1398 4685 1426 4747 si
1441 4686 1569 4768 qnando
1584 4706 1635 4763 ea,
1649 4709 1732 4773 quae

412 4776 494 4853 dixi,
523 4795 663 4860 pugnare
691 4777 773 4841 inter
800 4776 1060 4855 assiderentur,
1090 4774 1265 4840 honestatis
1287 4796 1360 4861 pars
1382 4778 1524 4843 contecta
1546 4789 1608 4857 est,
1637 4803 1731 4867 wem

477 5045 647 5096 t.atom.b
678 5070 703 5084 -
735 5044 857 5096 blesa
885 5072 912 5083 -
941 5047 1274 5110 meatorum
1309 5046 1733 5117 Namstobleetstionbsntequs

409 5118 559 5169 modun?
583 5119 605 5168 st
625 5131 685 5169 aare
705 5121 774 5169 ratio
789 5142 829 5156 ··
846 5118 879 5168 ab
894 5120 942 5170 oo
958 5123 1066 5173 werdt
1085 5135 1176 5187 panaro
1196 5124 1353 5174 ducem?
1377 5126 1527 5178 Lactantius
1548 5129 1632 5179 instit.
1650 5130 1730 5183 dtvln.

410 5194 508 5254 utta.
536 5219 563 5231 -
594 5195 617 5244 3.
636 5194 757 5243 mutus
781 5218 809 5229 -
839 5192 864 5244 l.
881 5196 1152 5260 repraesentassent
1176 5225 1203 5235 -
1230 5199 1254 5249 b.
1273 5201 1732 5265 ΜωωῘΜ--ΜΜῩΝΜΜ

411 5269 552 5333 path·
578 5270 808 5330 toqstmtao-
835 5269 1344 5324 oedmmssoesmtuescma-
1370 5277 1730 5344 mammislusads'p-

411 5344 986 5407 8.esrssqunmarb-dicareom.b-
1011 5349 1550 5410 t0.ndqsell-l2.eoortcmurn-
1578 5354 1734 5408 tadum

411 5431 493 5469 ome
519 5446 546 5457 -
574 5420 1198 5487 tt.ncaoc--cosrstsassesuontnsp.aoa.
1222 5449 1248 5461 -
1277 5425 1566 5488 tb.aobisequtdesaa
1593 5455 1620 5466 -
1648 5432 1688 5481 tt.
1709 5437 1733 5484 at

411 5495 672 5546 mutuomffl-
701 5497 935 5559 ilpractpic-
958 5499 1318 5562 ittltiadsiillMc-
1344 5502 1665 5567 uaoqucmltaqucsac-
1688 5509 1730 5561 il.

411 5571 1239 5635 mactandum-23.ttsBa:httsll,iiab,eiac-
1263 5576 1734 5641 sticprobcbtticsttctmprobcbtttc

412 5646 558 5705 dicimusm
580 5646 1350 5713 nlioprobsbillcecatrcets'saoaprobcbittcdietsausp.
1380 5650 1560 5702 Ci.deFlnlb.
1579 5652 1731 5716 tilm-

412 5720 653 5783 atomum
679 5747 707 5760 -
735 5724 989 5787 anemonae
1013 5752 1045 5762 -
1071 5724 1208 5776 asom·
1231 5750 1258 5761 -
1280 5725 1731 5789 tapemteerponttuflno-

413 5793 647 5858 adnuatque
672 5824 699 5835 -
723 5796 1004 5852 32asdetiusasdll
1028 5827 1054 5836 -
1083 5801 1302 5863 tepescentis
1325 5824 1352 5839 -
1377 5801 1733 5865 ts.taautesse,qssstsnd

413 5868 1733 5941 demurmurans-qumanan-ar.soseresupmesupstset,emutt

413 5943 1362 6016 musculosanartionluapdtb-toasatctitmpsnc.
