4342 7459
444 1224 512 1292 nto
842 1274 846 1282 ·
985 1228 1039 1298 DE
1056 1228 1234 1295 'otricus

435 1389 590 1454 tissimus
617 1388 678 1452 rite
705 1386 816 1454 heberi
839 1384 929 1451 solet.
973 1386 1130 1463 Quocirca
1151 1388 1228 1454 huic
1248 1392 1344 1475 quasi
1366 1391 1517 1466 materia,
1541 1411 1644 1476 qn-
1660 1398 1779 1458 Mt

439 1491 483 1548 =et
503 1483 621 1565 inqua
642 1490 796 1555 versetur,
819 1481 961 1548 subiecta
982 1489 1032 1544 est
1053 1484 1180 1547 veritas.
1223 1480 1274 1547 dl.
1297 1484 1440 1567 Reliquis
1461 1494 1567 1549 autem
1587 1486 1691 1551 tribue
1712 1486 1779 1552 vir·

446 1577 569 1644 tactibus
585 1576 792 1640 necessitates
809 1574 990 1659 propositae
1006 1584 1088 1639 sunt
1104 1577 1147 1641 ed
1171 1591 1225 1641 ees
1247 1598 1297 1642 res
1309 1579 1469 1661 parendus
1480 1578 1778 1663 tuendasque-qni·

447 1671 509 1736 bes
530 1672 613 1734 actio
631 1672 719 1733 ¹nitas
734 1669 926 1742 condantur,
941 1677 978 1731 ut
993 1678 1026 1732 et
1038 1671 1175 1736 societas
1191 1669 1355 1736 hominnm
1368 1673 1621 1756 concessisque
1634 1682 1779 1739 navem

418 1774 482 1829 eet
502 1766 598 1829 animi
616 1763 805 1829 excellentia
820 1762 1072 1846 magnitudoque
1085 1781 1161 1828 cun
1176 1764 1209 1827 in
1224 1765 1379 1847 agendis
1390 1765 1509 1847 apibus
1524 1764 1779 1849 nitttsttbnsqss

448 1868 485 1928 et
504 1861 568 1926 sibi
591 1868 623 1924 et
643 1858 712 1923 sais
734 1856 972 1941 comparandis,
1000 1866 1066 1920 tun
1089 1858 1188 1922 multo
1211 1860 1310 1942 magis
1338 1859 1371 1921 in
1393 1859 1444 1923 his
1466 1860 1544 1943 ipsis
1561 1860 1778 1941 despiciendis

449 1956 584 2022 eluceat.
628 1953 715 2017 Orda
737 1953 813 2016 item
835 1960 866 2015 et
884 1953 1063 2016 constantia
1084 1962 1118 2015 et
1139 1953 1316 2018 moderatio
1336 1961 1370 2017 et
1392 1973 1439 2027 ea,
1461 1973 1546 2037 quse
1569 1961 1644 2020 suet
1664 1953 1717 2020 his
1737 1953 1779 2018 si·

441 2049 552 2124 emilia,
582 2054 749 2112 vereantur
776 2048 808 2109 in
836 2066 874 2111 eo
895 2066 1029 2128 genere,
1059 2046 1099 2110 ad
1123 2048 1210 2130 quod
1232 2056 1280 2112 est
1300 2048 1482 2112 adhibenda
1500 2048 1587 2112 endo
1603 2047 1778 2131 quaem,

441 2158 511 2208 ntia
530 2143 636 2208 solum
659 2141 774 2205 mentis
796 2141 937 2223 agitatio.
981 2140 1024 2204 lis
1047 2141 1131 2203 euim
1154 2142 1259 2216 rebus,
1281 2162 1363 2224 qnae
1386 2142 1607 2208 assumaris
1622 2142 1779 2215 νὶων-

401 2246 437 2295 to
449 2238 524 2303 dean
546 2236 706 2318 quendam
729 2242 761 2296 et
774 2234 918 2298 ordinem
934 2234 1120 2299 adhibentes
1134 2234 1333 2299 honestatem
1346 2246 1381 2300 et
1395 2238 1493 2300 decus
1507 2237 1778 2302 conwrvehinns.

463 2373 465 2377 -
532 2330 586 2392 vt.
614 2325 664 2391 t8.
686 2328 736 2392 Ex
758 2336 907 2411 quattuor
927 2336 1033 2391 eutem
1056 2329 1153 2403 lonis,
1176 2331 1209 2392 in
1232 2350 1313 2413 quos
1335 2330 1461 2393 honesti
1483 2339 1626 2394 naturam
1648 2332 1778 2415 vimque

442 2423 624 2497 divisimus,
647 2424 766 2505 primus
788 2423 853 2497 ille,
876 2424 985 2506 quiin
1008 2425 1075 2487 veri
1098 2426 1278 2505 cognitione
1302 2423 1458 2497 consistit,
1481 2424 1618 2488 maxia
1631 2434 1778 2489 netem

439 2517 575 2599 attingit
594 2516 777 2581 humanam.
821 2516 940 2581 Omnes
963 2518 1045 2581 enirn
1068 2518 1223 2581 trahimur
1245 2526 1277 2581 et
1297 2518 1443 2581 ducimur
1464 2516 1505 2580 ed
1529 2518 1724 2601 cognitionis
1746 2525 1779 2581 et

446 2611 600 2675 scientiae
621 2610 845 2693 cupiditatem,
873 2611 907 2673 in
930 2632 995 2694 qne
1018 2612 1174 2675 excellere
1197 2610 1363 2693 pulchrum
1386 2617 1552 2693 muman,
1573 2612 1637 2676 lehi
1658 2620 1777 2685 autem,

401 2721 567 2778 atemere,
595 2706 735 2779 nescire,
762 2705 870 2788 decipi
898 2713 929 2768 et
956 2704 1073 2767 malum
1097 2713 1129 2768 et
1149 2712 1243 2787 turpe
1265 2705 1420 2768 ducimus.
1464 2706 1500 2765 ln
1521 2702 1584 2767 hoc
1606 2721 1725 2786 genere
1745 2712 1778 2769 et

441 2798 582 2861 naturali
612 2807 645 2861 et
673 2799 810 2863 honesto
841 2799 905 2863 dno
934 2800 1010 2862 vitia
1037 2800 1166 2862 vitanda
1195 2805 1286 2862 sant:
1321 2818 1436 2870 unum,
1464 2814 1506 2861 ue
1535 2797 1698 2879 incognite
1717 2817 1776 2881 pro

442 2893 582 2975 nequitis
603 2893 776 2956 habeamus
796 2893 901 2977 iisque
924 2901 1043 2956 temere
1064 2894 1291 2966 assentiemur3
1313 2892 1401 2974 quod
1424 2892 1536 2956 vitium
1559 2892 1701 2973 elingere
1715 2892 1777 2975 qni

447 2985 534 3050 solet
559 3018 602 3034 —
631 3007 741 3051 omnes
762 2995 867 3050 antem
890 2987 973 3051 vella
996 2988 1113 3049 debent
1141 3019 1182 3033 -
1211 2985 1372 3049 adhibebit
1393 2984 1433 3047 ed
1451 2985 1705 3050 considerandas
1723 3004 1776 3050 ces

445 3088 479 3144 et
497 3088 625 3163 tempus
648 3089 680 3144 et
702 3080 908 3163 diligentiam.
953 3077 1003 3144 tt.
1033 3081 1175 3143 Alterum
1198 3087 1247 3143 ast
1270 3079 1395 3151 vitiam,
1417 3077 1506 3161 quod
1530 3078 1660 3162 quidem
1682 3079 1777 3144 uinis

402 3192 594 3255 mmeqnnm
623 3175 765 3237 studium
796 3175 991 3259 multamque
1024 3193 1151 3258 operam
1181 3176 1214 3237 in
1243 3195 1294 3237 res
1317 3175 1475 3239 obscurae
1501 3183 1600 3258 atque
1629 3173 1776 3241 dil'liniln

443 3268 613 3333 conserent
633 3268 825 3351 eaedemque
851 3290 916 3333 noa
943 3269 1147 3333 necessarias.
1188 3269 1316 3344 Quibus
1340 3269 1424 3332 vitiis
1441 3269 1612 3332 declinetis
1633 3269 1721 3354 qued
1742 3270 1777 3332 in

441 3362 540 3425 rebus
567 3363 710 3428 honestis
739 3373 772 3428 et
800 3365 981 3446 cognitione
1010 3364 1117 3447 dignis
1146 3383 1264 3446 operae
1283 3382 1447 3445 curaeque
1469 3371 1623 3447 ponetur,
1651 3364 1686 3427 id
1708 3366 1776 3428 inse

441 3454 641 3531 laudabitur,
670 3466 706 3520 ut
726 3458 761 3520 in
783 3458 954 3539 astrologia
978 3458 1011 3521 C.
1028 3459 1204 3540 Sulpicium
1227 3456 1426 3530 andivimus,
1448 3458 1482 3520 ia
1504 3458 1681 3538 geometris
1703 3457 1774 3520 Sex.

443 3550 629 3632 Pompeium
651 3551 715 3633 ipsi
736 3554 960 3633 cognevimus,
984 3552 1101 3615 multos
1124 3552 1157 3614 in
1176 3552 1372 3625 dialecticis,
1392 3551 1503 3633 plnres
1525 3551 1559 3613 iu
1582 3552 1652 3614 iare
1674 3550 1775 3614 cicili:

402 3660 528 3725 atquae
550 3663 661 3708 earnes
683 3654 767 3709 artes
789 3646 822 3710 in
845 3647 910 3708 veri
935 3646 1176 3727 investigatione
1198 3652 1375 3718 versentur,
1397 3646 1489 3708 cuius
1511 3644 1618 3708 studio
1636 3663 1659 3707 a
1682 3643 1774 3708 rebus

444 3737 592 3818 gerendis
614 3738 730 3801 abduci
753 3747 862 3802 contra
884 3740 1023 3803 cilicium
1047 3749 1106 3801 est.
1151 3739 1282 3801 Virtutis
1302 3739 1383 3800 enim
1401 3738 1469 3801 laus
1485 3739 1588 3801 omnis
1602 3740 1635 3803 in
1650 3740 1775 3803 actione

440 3831 606 3906 consistit,
634 3851 739 3916 aqna
757 3841 865 3896 temen
895 3834 931 3898 lit
956 3834 1150 3897 intermissio
1173 3852 1269 3913 saepe
1292 3834 1447 3916 multique
1469 3831 1586 3895 dentur
1607 3831 1646 3895 td
1668 3832 1775 3896 studia

443 3925 581 4001 reditus3
606 3934 677 3990 tum
700 3927 828 4007 agitatio
852 3927 983 3999 mentis,
1007 3946 1090 4009 quae
1113 3947 1285 4008 numquam
1306 3927 1504 4009 adquiescit,
1534 3935 1640 4008 potest
1662 3947 1722 3991 nes
1742 3929 1774 3991 in

442 4018 558 4084 stadiis
586 4020 778 4102 cognitionis
808 4022 902 4084 etism
933 4023 1001 4084 sine
1030 4041 1129 4103 opera
1158 4031 1265 4084 nostra
1296 4023 1469 4085 continere.
1525 4022 1639 4085 Omnis
1666 4030 1775 4085 entem

402 4115 594 4196 eoooqitatio
617 4122 786 4199 motusque
808 4115 904 4179 animi
927 4125 982 4179 aut
1004 4117 1036 4178 in
1060 4116 1202 4178 consiliis
1225 4117 1388 4197 capiendis
1409 4116 1451 4178 de
1473 4117 1567 4179 rebus
1587 4115 1730 4179 honestis
1744 4124 1776 4179 et

440 4209 673 4288 pertinentibus
695 4211 734 4272 ad
755 4207 840 4272 bene
864 4212 1020 4292 beateque
1042 4211 1214 4272 visendum
1238 4218 1293 4271 eut
1316 4210 1348 4270 in
1371 4211 1485 4272 studiis
1500 4210 1651 4273 scientiae
1668 4213 1775 4293 cogni·

440 4300 608 4383 tionisque
631 4304 817 4367 versabitur.
860 4305 905 4367 de
927 4304 966 4365 de
990 4302 1242 4385 primoquidem
1266 4301 1362 4365 officii
1387 4303 1474 4367 fonte
1498 4303 1648 4367 diximus.

532 4395 596 4457 Vll.
625 4393 676 4458 20.
699 4399 745 4461 De
763 4398 868 4461 tribus
890 4407 995 4460 antem
1019 4397 1151 4479 reliquis
1176 4398 1328 4459 latissime
1351 4406 1438 4479 patet
1460 4418 1496 4461 ea
1521 4398 1616 4469 ratio,
1639 4415 1704 4480 que
1726 4417 1777 4461 se·

439 4488 542 4551 nieles
564 4489 726 4554 hominum
749 4492 832 4555 inter
854 4494 940 4576 ipsos
961 4500 995 4555 et
1015 4481 1100 4553 vitae
1123 4490 1213 4572 qnasi
1238 4491 1447 4552 communitas
1468 4491 1661 4563 continetur,
1680 4492 1776 4555 euius

402 4592 550 4665 &partes
572 4582 654 4648 duae
677 4593 766 4648 sunt:
789 4587 920 4658 iustitia,
942 4586 973 4648 in
996 4604 1059 4667 que
1081 4584 1207 4646 virtutis
1231 4590 1279 4645 est
1300 4584 1451 4665 splendor
1470 4586 1641 4657 maximus,
1656 4603 1697 4647 ex
1712 4606 1776 4670 qua

442 4677 597 4740 nisibeni
621 4680 839 4751 nominentur,
863 4686 895 4741 et
916 4679 989 4740 hnic
1010 4678 1179 4741 corrinneta
1203 4673 1426 4749 beneficentia,
1450 4697 1544 4759 qnam
1566 4677 1701 4741 eandem
1725 4679 1774 4742 sel

443 4770 671 4850 benignitatem
695 4772 744 4834 vel
767 4772 988 4834 liberalitatem
1010 4771 1165 4853 appellari
1189 4771 1271 4832 licet.
1315 4770 1377 4832 Sed
1395 4771 1535 4833 iustitiae
1550 4773 1689 4852 primum
1704 4793 1775 4835 rau·

441 4884 504 4928 nus
527 4872 590 4936 eet,
620 4872 655 4927 ut
674 4885 716 4928 ne
740 4867 788 4928 cui
813 4868 883 4948 quis
906 4876 1017 4928 noceat
1035 4865 1100 4927 nisi
1125 4865 1291 4926 lacessitus
1315 4865 1447 4937 iniuria,
1477 4863 1611 4938 deinde,
1633 4875 1668 4929 at
1690 4884 1776 4928 eom-

444 4958 593 5022 rnunibus
616 4978 673 5040 pro
697 4961 914 5023 communibus
937 4968 1053 5032 utatur,
1077 4960 1207 5041 privetis
1229 4968 1263 5020 ut
1283 4959 1359 5021 suis.
1404 4954 1455 5019 dl.
1479 4959 1560 5021 Sunt
1581 4968 1688 5023 autem
1711 4960 1777 5042 pri·

511 5193 535 5241 t.
554 5193 602 5240 rite
619 5192 644 5240 in
661 5204 752 5241 rasura
771 5190 888 5241 habetB
915 5219 947 5228 —
972 5193 996 5242 t.
1015 5193 1211 5253 mnqnitndoque
1227 5199 1350 5243 seruetur.
1370 5198 1453 5241 temo
1474 5218 1500 5228 -
1528 5205 1586 5242 cnm
1603 5191 1774 5245 A¹B¹llthz

445 5270 498 5315 tum
515 5262 607 5316 a²u²s
627 5293 653 5301 -
673 5265 697 5314 6.
711 5266 813 5315 iniisb
833 5293 859 5301 -
878 5266 902 5315 7.
915 5269 974 5316 item
992 5270 1106 5317 Pearce:
1126 5274 1209 5318 anum
1227 5270 1281 5318 Co.
1311 5267 1349 5317 Cl.
1364 5267 1428 5330 stt.
1450 5294 1477 5302 -
1502 5267 1526 5317 8.
1545 5271 1580 5315 est
1597 5266 1776 5318 adbibendnC

445 5342 534 5404 (etiam
552 5342 588 5400 hl:
614 5340 753 5390 adhibenda
769 5345 803 5390 est
825 5353 839 5389 n
868 5367 895 5377 -
924 5342 948 5391 9.
967 5344 1003 5391 bis
1020 5344 1161 5402 Atiliab,
1185 5345 1232 5403 hijs
1249 5355 1280 5398 ος
1310 5345 1372 5392 item
1391 5357 1416 5392 v.
1431 5343 1470 5392 tt.
1492 5368 1518 5379 -
1546 5344 1620 5392 rebus
1637 5355 1692 5392 om.
1711 5354 1726 5392 n
1746 5368 1776 5381 -

444 5418 485 5467 lb.
499 5418 612 5467 ducimus
628 5430 659 5466 n:
678 5418 782 5466 dicimus
798 5417 920 5468 Alilleb
940 5444 967 5453 -
994 5419 1033 5468 ⁴7.
1048 5422 1212 5468 assentiamus
1229 5430 1244 5468 n
1264 5446 1288 5453 -
1312 5420 1349 5468 t8.
1369 5419 1487 5468 deheim
1504 5430 1519 5467 n
1538 5442 1565 5454 -
1585 5419 1626 5468 tt.
1644 5417 1778 5479 conte-essct

443 5497 520 5556 etque
537 5492 685 5553 difficilest
712 5517 739 5528 —
764 5492 805 5540 2².
824 5504 897 5552 opere
918 5494 982 5543 ebe
1010 5520 1037 5529 -
1064 5494 1105 5543 2³.
1126 5496 1269 5542 audiuimus
1285 5495 1398 5543 hebo:
1426 5495 1542 5542 andimus
1559 5492 1665 5552 Bllt‘llo
1686 5515 1712 5529 ·
1732 5492 1775 5542 25.

444 5569 472 5616 in
487 5568 543 5616 neri
558 5568 722 5629 destinatione
738 5566 869 5616 Alilleb
888 5566 976 5629 (iidem
994 5571 1067 5619 recte
1084 5569 1111 5617 in
1126 5570 1182 5618 neri
1199 5568 1391 5630 inuestiqntione
1407 5567 1471 5630 §282
1490 5581 1524 5630 p;
1541 5569 1569 5616 tn
1585 5567 1778 5628 bsmstiqetione

444 5644 500 5693 sen
517 5654 533 5692 e
553 5670 580 5680 -
602 5642 644 5691 tt.
662 5643 765 5705 noemia
781 5642 828 5692 ab
846 5644 966 5704 qqerendis
983 5644 1009 5694 in
1028 5644 1121 5706 marg.)
1143 5671 1167 5679 -
1188 5644 1229 5693 27.
1249 5644 1428 5692 intennissione
1444 5644 1538 5693 Alleb
1557 5641 1595 5703 (in
1609 5642 1660 5690 All
1678 5640 1726 5690 litt.
1745 5656 1778 5692 ne

446 5717 550 5767 deletes
568 5719 653 5779 sunt);
675 5720 739 5782 tunt
756 5718 946 5766 intermissiones
963 5717 1089 5767 Halmius.
1105 5743 1132 5753 -
1151 5718 1192 5767 28.
1211 5718 1305 5766 reditus
1322 5729 1403 5766 nnnc
1425 5743 1450 5752 —
1470 5719 1608 5777 aqitmione
1624 5715 1729 5779 (litteris
1745 5731 1778 5768 ne

446 5795 633 5857 expuncttsta
658 5820 685 5830 -
712 5794 846 5855 qeinetn
873 5818 901 5829 —
929 5793 968 5842 29.
988 5793 1136 5855 coercitionis
1152 5794 1188 5842 A:
1210 5793 1369 5855 capitationis
1385 5792 1508 5842 Bttsbe
1537 5818 1564 5828 -
1591 5791 1633 5842 34.
1650 5792 1777 5855 coquine-

446 5868 532 5930 nisque
549 5868 640 5920 lille:
663 5869 810 5933 eopniticnis
826 5879 855 5924 oz
872 5869 1079 5931 coniunctisque
1096 5868 1139 5918 Ab
1158 5893 1184 5901 -
1205 5868 1244 5917 35.
1258 5872 1314 5915 sant
1331 5880 1362 5917 o:
1382 5880 1436 5917 om.
1451 5867 1596 5926 thilen,
1615 5866 1690 5931 [nst]
1707 5878 1724 5917 o
1740 5893 1777 5906 ·-

446 5942 561 6005 sptendcn
576 5949 612 5995 eet
626 5943 672 5996 Be
690 5968 718 5980 -
740 5942 976 5996 insenuerant
992 5942 1070 6006 unet.
1088 5953 1104 5993 ο
1123 5968 1150 5979 -
1169 5942 1336 6008 mdeimtin
1353 5942 1372 5994 C
1393 5967 1421 5979 -
1439 5941 1481 5993 38.
1499 5942 1596 5993 iniuria
1612 5953 1667 5994 om.
1679 5954 1706 6006 p.
