4342 7459
801 1265 870 1331 sn.
884 1266 908 1331 1.
939 1266 1169 1333 amn-m.
1199 1262 1362 1351 §gs-s.
1683 1257 1747 1325 sor

419 1427 541 1511 patriae
564 1424 679 1489 debere
700 1422 763 1488 boc
784 1444 910 1499 munus,
931 1432 967 1490 ut
988 1446 1036 1502 ea,
1059 1447 1142 1511 quae
1165 1427 1252 1492 salva
1273 1434 1384 1511 perte
1406 1432 1464 1502 est,
1486 1446 1544 1511 per
1564 1434 1597 1491 te
1611 1424 1746 1489 eundem

421 1523 463 1585 sit
485 1527 617 1596 amatu
651 1516 741 1583 abest
768 1520 853 1583 enim
881 1519 1014 1585 historia
1041 1521 1155 1586 litieris
1182 1524 1314 1597 nostris,
1342 1531 1379 1587 ut
1399 1531 1431 1586 et
1451 1522 1521 1605 ipse
1542 1520 1693 1604 intellego
1716 1526 1749 1581 ei

421 1634 462 1678 ex
484 1624 515 1678 te
536 1632 689 1698 persaepe
711 1611 815 1677 audio.
848 1615 943 1678 Potes
964 1624 1069 1679 autem
1092 1625 1126 1680 tu
1148 1616 1289 1700 proiecto
1303 1621 1379 1681 satis
1393 1616 1499 1680 iacere
1514 1617 1546 1680 in
1562 1633 1610 1688 ea,
1626 1614 1746 1697 qnippe

420 1727 493 1772 cum
516 1710 558 1772 sit
579 1728 671 1791 opus,
694 1715 731 1770 ui
752 1707 807 1769 tibi
830 1707 960 1791 quidem
982 1708 1082 1774 videri
1105 1709 1196 1784 solet,
1218 1730 1317 1774 unum
1335 1710 1395 1775 hoc
1411 1710 1583 1774 oratorium
1599 1707 1747 1770 maxime.

419 1800 451 1865 b.
474 1802 575 1878 Quam
598 1801 639 1865 ob
661 1821 727 1864 rem
749 1801 933 1883 adgredere,
956 1823 1167 1887 quaesumus,
1189 1814 1222 1869 et
1243 1826 1333 1870 sume
1355 1808 1394 1870 ad
1416 1810 1499 1870 banc
1519 1823 1587 1868 rem
1610 1805 1771 1882 tempus,⁸

420 1916 502 1980 quae
524 1902 571 1959 est
592 1914 611 1959 ι
632 1895 749 1958 nostris
770 1893 952 1960 bominibus
975 1897 1079 1962 adbuc
1101 1907 1155 1962 sut
1176 1900 1318 1982 ignorata
1340 1909 1396 1964 ant
1417 1900 1537 1963 relicta.
1573 1899 1652 1960 Nam
1674 1900 1748 1976 post

419 1991 550 2054 annales
572 1989 759 2072 pontificum
782 1990 1000 2065 maximorum,
1023 1993 1139 2076 quibus
1160 1994 1239 2056 nibil
1262 2002 1460 2077 potestesse
1482 1989 1700 2064 iniucundius,
1719 1989 1746 2050 si
1818 2056 1821 2059 ,

419 2084 536 2149 autad
559 2083 690 2147 Fabium
711 2091 766 2147 aut
787 2083 827 2147 ad
850 2104 939 2159 eum,
969 2088 1024 2170 qui
1052 2088 1109 2150 tibi
1139 2108 1265 2170 semper
1291 2090 1324 2151 in
1348 2109 1403 2152 ors
1425 2095 1489 2161 est,
1519 2086 1669 2150 Catonem
1691 2089 1748 2145 ani

418 2180 459 2243 ad
480 2179 628 2243 Pisonem
650 2186 706 2240 aut
727 2177 766 2240 ad
790 2179 944 2242 Fannium
966 2189 1021 2243 aut
1042 2182 1082 2244 ad
1106 2182 1307 2245 Vennonium
1336 2182 1463 2255 venias,
1492 2198 1682 2265 quamquam
1706 2195 1746 2238 ex

417 2272 467 2336 bis
489 2270 569 2336 alius
591 2271 654 2335 aiio
677 2271 748 2353 plus
770 2269 866 2334 babet
887 2273 1011 2347 vinum,
1034 2282 1141 2339 tamen
1163 2275 1240 2359 quid
1256 2285 1319 2339 tarn
1335 2277 1419 2340 exile
1435 2295 1529 2359 quam
1545 2274 1598 2336 isti
1615 2274 1746 2334 amnesi
1756 2278 1784 2324 tc

418 2366 531 2429 Fannii
564 2374 670 2429 auiem
699 2373 802 2428 aetate
831 2367 1018 2431 coniunctus
1047 2368 1214 2450 Antipater
1245 2370 1341 2452 paulo
1373 2370 1497 2433 inflavit
1527 2364 1746 2430 vehementius

417 2459 592 2543 habuitque
624 2460 709 2521 vires
738 2460 872 2539 agrestis
904 2461 959 2523 ille
988 2462 1116 2545 quidem
1149 2471 1246 2545 atque
1275 2462 1436 2537 horridas,
1472 2463 1542 2527 sine
1574 2460 1677 2523 nitore
1710 2476 1747 2521 ac

416 2552 592 2638 palaestra,
621 2552 677 2614 sed
699 2559 806 2616 nmen
828 2554 998 2618 admonere
1021 2556 1162 2639 reliquos
1184 2558 1288 2638 potuit
1310 2567 1345 2622 ui
1365 2558 1540 2621 accuratius
1563 2554 1746 2617 scriberent.

417 2647 498 2710 lices
520 2654 627 2710 autem
649 2665 832 2710 successere
855 2646 927 2712 huic
949 2648 1088 2724 Gellius,
1113 2650 1258 2724 Clodius,
1281 2651 1418 2725 Asellio,
1439 2650 1518 2714 nibil
1541 2649 1581 2713 ad
1605 2648 1745 2711 Caelium

417 2738 474 2803 sed
516 2741 620 2825 potius
658 2740 699 2803 ad
740 2743 943 2824 antiquorum
981 2743 1165 2827 languorem
1204 2752 1236 2806 et
1276 2745 1443 2809 inscitiam.
1497 2742 1527 2807 7.
1560 2744 1640 2805 Nam
1668 2739 1783 2823 quino

417 2836 558 2898 blacrnm
581 2837 768 2898 numerem?
801 2836 891 2898 euius
920 2835 1097 2920 loquacitas
1125 2837 1221 2901 habet
1249 2838 1369 2922 aliquid
1392 2840 1603 2923 argutiarum,
1632 2853 1692 2897 nec
1712 2831 1746 2895 id

417 2935 522 2991 tamen
553 2927 671 2990 exilia
694 2927 817 2992 erudiia
839 2928 1033 2994 Graecorum
1055 2932 1166 3015 copia,
1196 2931 1251 2994 sed
1280 2950 1320 2995 ex
1350 2932 1519 2997 librariolis
1541 2928 1681 2999 Latinis,
1711 2927 1744 2988 in

416 3021 614 3086 orationibus
635 3029 741 3085 autem
753 3022 777 3103 †
788 3022 903 3086 multas
925 3026 1052 3107 ineptus
1068 3025 1154 3089 datio
1171 3046 1325 3090 summam
1340 3026 1570 3110 inpudentiam.
1601 3023 1745 3094 Sisenna,

416 3117 483 3179 eius
505 3115 636 3189 amicus,
658 3134 767 3179 omnes
789 3115 892 3180 adbuc
914 3127 1038 3183 nostros
1061 3120 1242 3202 scriptores,
1265 3121 1325 3183 nisi
1347 3122 1401 3204 qui
1424 3120 1505 3184 iorie
1520 3116 1662 3183 nondum
1678 3114 1745 3177 edi·

415 3211 540 3284 derunt,
562 3209 602 3272 de
624 3209 743 3291 quibus
763 3212 947 3275 existimare
969 3233 1034 3276 non
1056 3233 1238 3298 possumus,
1260 3213 1353 3277 facile
1376 3214 1548 3297 superarit.
1585 3212 1615 3274 ls
1638 3218 1781 3272 amenio

414 3323 522 3387 neque
543 3310 649 3366 orator
670 3303 704 3365 in
726 3324 859 3368 numero
883 3314 988 3369 vestro
1012 3326 1162 3391 umquam
1185 3316 1233 3371 est
1253 3308 1380 3370 babitus
1402 3309 1488 3371 etin
1510 3304 1644 3369 historia
1667 3320 1745 3385 pue·

414 3398 473 3461 riis
496 3396 646 3479 quiddam
669 3406 885 3473 consectatur,
916 3408 950 3462 ut
972 3422 1068 3465 unum
1092 3401 1283 3465 Clitarcbum
1312 3422 1417 3485 neque
1446 3409 1610 3483 praeterea
1633 3416 1745 3479 quem·

414 3510 510 3577 quam
534 3491 574 3554 do
596 3490 724 3555 Graecis
746 3491 862 3574 legisse
883 3493 1045 3569 videatur,
1076 3515 1149 3558 eum
1172 3504 1277 3558 umen
1301 3496 1381 3559 velie
1405 3495 1478 3558 dum
1502 3501 1589 3557 taxru
1611 3491 1744 3555 imiiari:

414 3603 509 3669 quem
531 3585 558 3648 si
579 3585 714 3668 adsequi
736 3594 861 3668 posset,
888 3587 1085 3670 aliquantum
1112 3586 1153 3651 ab
1175 3597 1305 3672 optumo
1328 3597 1433 3652 nmen
1455 3588 1592 3652 abesset.
1639 3587 1744 3661 Quare

414 3686 503 3742 tuum
526 3686 575 3742 est
596 3698 711 3742 munus
732 3680 811 3753 hoc,
834 3700 852 3743 a
873 3690 905 3744 te
927 3690 1142 3767 exspectatur,
1170 3682 1232 3745 nisi
1253 3683 1331 3765 quid
1354 3683 1473 3758 Quinto
1494 3682 1619 3744 videtur
1640 3686 1782 3744 secasti

498 3772 553 3835 lli.
582 3770 613 3835 8.
645 3772 682 3850 Q.
705 3773 782 3836 blibi
805 3794 880 3837 vero
904 3775 1000 3850 nihil,
1022 3785 1054 3839 et
1076 3795 1171 3860 saepe
1194 3775 1234 3839 de
1255 3778 1318 3839 isio
1342 3776 1503 3839 conlocuti
1526 3795 1651 3838 sumus:
1686 3770 1742 3834 sed

414 3875 464 3930 est
485 3866 642 3950 quaedam
666 3868 830 3931 internos
853 3889 948 3951 parva
971 3870 1138 3933 dissensio.
1175 3870 1236 3932 Ati.
1260 3870 1350 3945 Quae
1372 3868 1526 3932 tandem?
1565 3867 1602 3945 Q.
1623 3870 1649 3929 Δ
1673 3864 1745 3949 qui·

413 3959 474 4024 bus
495 3960 691 4045 temporibus
714 3961 871 4025 scribendi
894 3966 1038 4046 capiatur
1059 3963 1237 4026 exordium.
1268 3965 1336 4046 Ego
1360 3965 1445 4026 enim
1467 3963 1507 4026 ab
1529 3962 1650 4025 ultimis
1671 3980 1744 4023 cen·

413 4075 478 4129 seo,
502 4054 655 4137 quoniam
677 4054 732 4117 iila
754 4055 800 4117 sic
823 4055 938 4139 scripta
961 4065 1051 4130 sunt,
1079 4065 1116 4119 ut
1137 4076 1177 4119 ne
1199 4057 1344 4141 legantur
1367 4056 1514 4140 quidem,
1546 4058 1615 4138 ipse
1637 4061 1742 4118 autem

413 4148 579 4233 aequalem
612 4150 724 4212 aetatis
747 4168 823 4213 suae
846 4151 1030 4213 memoriam
1053 4149 1214 4233 deposcit,
1246 4159 1280 4214 ui
1302 4170 1340 4213 ea
1362 4152 1595 4234 conplectatur,
1625 4144 1781 4231 quibusso

477 4326 502 4376 i.
521 4325 599 4391 obest}
616 4331 644 4376 ni
659 4325 674 4376 ὅ
690 4327 713 4377 Α
730 4325 788 4390 ised
806 4332 816 4377 t
832 4329 858 4377 in
877 4327 949 4389 ras),
968 4329 1015 4377 odi
1034 4329 1065 4388 ll,
1084 4324 1158 4378 atili
1182 4353 1215 4365 -
1237 4341 1255 4377 o
1270 4327 1360 4378 litmis
1377 4328 1495 4378 crearer
1521 4352 1548 4363 -
1575 4325 1600 4376 3.
1617 4324 1742 4387 poloni

413 4429 440 4440 -
459 4404 484 4453 b.
502 4403 639 4467 oggi-edm
656 4403 707 4453 iio
736 4430 764 4441 -
792 4403 816 4454 6.
834 4405 969 4467 ignoratas
986 4404 1017 4453 li¹
1035 4428 1063 4439 -
1082 4404 1108 4454 7.
1127 4402 1227 4452 mosiis
1245 4403 1272 4461 a,
1291 4403 1414 4452 animales
1431 4403 1462 4453 li¹
1482 4429 1508 4438 -
1527 4402 1654 4450 muciusos
1671 4398 1740 4448 coni.

412 4478 500 4528 lioser
524 4502 551 4514 -
579 4478 738 4528 iniucundius
755 4480 864 4529 Davies:
882 4481 1016 4529 iucundius
1034 4479 1064 4538 C,
1082 4478 1190 4528 idonius
1206 4478 1315 4530 Ursinus
1332 4475 1410 4542 prob.
1424 4474 1567 4527 Niebuhrio
1584 4476 1646 4525 hist.
1665 4474 1740 4523 liorn.

412 4551 432 4612 l,
445 4552 494 4602 278
511 4550 554 4601 ed.
568 4552 592 4609 3,
610 4554 741 4603 iscomtios
758 4553 840 4603 altera
858 4555 953 4604 Davisii
971 4567 1044 4618 susp.
1075 4554 1229 4603 Lectionem
1248 4550 1376 4601 librorum
1394 4553 1461 4601 tueri
1479 4552 1591 4601 conatur
1608 4549 1636 4599 E.
1650 4544 1738 4597 iiueb·

412 4640 461 4679 ner
477 4628 504 4678 in
522 4625 614 4677 annal.
635 4626 723 4691 philol.
743 4627 794 4678 vol.
807 4629 848 4687 19,
867 4643 894 4693 p.
907 4628 965 4680 iia.
998 4654 1025 4666 —
1056 4629 1113 4678 siud
1134 4631 1193 4690 (aas
1210 4627 1331 4691 primitus
1349 4630 1379 4676 ui
1394 4626 1512 4687 videtur]
1534 4626 1632 4689 lobioen
1653 4623 1688 4679 11;
1715 4624 1741 4671 in

411 4715 495 4764 marg.
515 4700 576 4751 add.
595 4708 641 4752 arsi
658 4727 685 4739 -
705 4703 730 4753 9.
748 4706 901 4754 moenium
918 4705 955 4755 C:
979 4704 1113 4755 Voconium
1130 4703 1150 4753 0
1169 4728 1197 4739 -
1216 4704 1257 4752 ii.
1274 4702 1347 4764 [onai
1364 4704 1398 4762 B,
1417 4701 1515 4752 Fannio
1532 4714 1557 4751 a.
1577 4702 1659 4749 oeteis
1675 4698 1742 4746 Tur-

411 4774 508 4835 nebus,
526 4777 617 4827 i'oooii
634 4791 660 4828 o.
678 4780 757 4828 usati
775 4779 876 4839 bamb..
896 4792 1011 4843 quorum
1028 4779 1184 4829 alterutrum
1203 4779 1387 4827 necessarium
1405 4776 1517 4827 videtur.
1542 4802 1569 4812 ·-
1596 4775 1743 4823 coniunctus

409 4852 521 4915 patere
542 4876 568 4889 ·
589 4854 629 4902 li.
648 4860 757 4917 agrestas
774 4853 835 4905 li¹0
853 4880 880 4891 ·-
901 4855 941 4905 13.
958 4856 1071 4917 palestra
1089 4856 1137 4905 111
1156 4880 1182 4890 -
1204 4866 1346 4903 ammonere
1363 4853 1384 4903 H
1404 4878 1431 4890 -
1452 4851 1492 4903 il.
1510 4852 1567 4900 laic
1584 4849 1605 4899 li
1623 4860 1681 4911 sup.
1695 4844 1739 4894 lin.

410 4924 460 4977 sed
477 4940 491 4974 a
510 4938 551 4990 pr.
569 4940 606 4977 m.
627 4953 653 4963 -
675 4929 768 4978 Gellius
784 4930 963 4980 Passeratius:
983 4929 1039 4980 belli
1056 4930 1075 4978 C
1095 4929 1174 4991 (bale
1191 4930 1307 4992 erravit),
1326 4929 1387 4979 bello
1405 4929 1451 4984 ii’:
1471 4942 1524 4979 orn.
1538 4927 1630 4978 Geliim
1647 4922 1739 4973 bamb.

410 5004 438 5052 et
454 5002 609 5066 Nipperdey
626 5004 652 5054 in
670 5002 761 5054 Philol.
780 5004 898 5065 111,133;
924 5004 997 5054 Gellii
1014 5001 1159 5053 Guilelmus
1176 5006 1203 5053 ct
1220 5004 1240 5053 0
1260 5030 1286 5040 -
1311 5004 1410 5067 clodius
1427 5005 1446 5054 C
1464 5004 1574 5068 (gladius
1591 5002 1629 5061 1³¹,
1647 4999 1743 5049 clodius

411 5075 450 5139 il¹l
470 5102 497 5112 -
517 5077 626 5129 csilioc
656 5104 680 5115 -
711 5080 752 5128 lb.
771 5080 900 5143 longorem
917 5077 979 5129 A¹li
1000 5105 1025 5114 -
1045 5081 1069 5127 st
1086 5078 1120 5128 C:
1140 5083 1216 5140 nique
1234 5079 1254 5128 li
1272 5078 1298 5128 in
1315 5091 1399 5142 marg.
1419 5079 1483 5129 elo
1510 5104 1538 5115 -
1566 5079 1606 5127 lb.
1626 5077 1742 5125 binorum

410 5154 545 5216 Sigonius:
570 5155 697 5205 cerame
723 5180 750 5192 -
778 5156 817 5205 ii.
836 5168 869 5205 ατ
886 5154 999 5204 liberalia
1015 5152 1109 5215 linguis
1126 5152 1212 5202 hassis
1229 5153 1265 5213 ii,
1283 5153 1332 5204 sed
1351 5156 1377 5204 in
1394 5166 1477 5216 marg.
1496 5152 1632 5201 librariolis
1649 5173 1676 5183 -
1699 5146 1738 5195 ⁴8.

409 5228 502 5277 mouns
519 5228 619 5289 (malim
634 5235 658 5280 si
674 5232 753 5290 corr.)
771 5232 868 5293 ineptus
884 5232 953 5280 datio
970 5226 1068 5278 mmmd
1084 5224 1233 5291 superantii
1251 5229 1270 5277 C
1294 5230 1404 5289 (umore
1421 5227 1460 5289 A2,
1484 5226 1631 5290 inpudentia
1647 5220 1679 5273 li¹
1686 5219 1738 5279 8²1:

408 5303 495 5352 multis
510 5308 535 5353 st
550 5305 639 5366 ineptis
653 5305 729 5355 elatio
746 5318 870 5355 summam
887 5305 1065 5367 impudentiam
1088 5302 1244 5368 Feldbilgel‚
1268 5306 1362 5353 mallos
1377 5305 1485 5367 ineptias
1501 5304 1535 5351 od
1551 5309 1675 5350 summam
1690 5297 1740 5343 im·

407 5378 467 5439 pud.
487 5379 617 5428 bianuiius
635 5382 661 5429 et
673 5380 816 5430 Lambinus
834 5380 891 5443 ised
905 5378 946 5429 ille
957 5380 1179 5441 sumentium),
1204 5380 1299 5428 mullos
1313 5380 1428 5442 ineptias,
1447 5379 1521 5428 etalio
1537 5387 1661 5427 murem
1676 5374 1737 5432 imp.

409 5453 438 5503 Ρ.
457 5452 588 5503 Victorius
610 5456 637 5502 et
658 5454 679 5503 0
705 5457 745 5515 iet
764 5456 803 5504 sic
825 5458 944 5505 Goereoz
967 5459 994 5504 et
1010 5455 1121 5513 Sebiitz,
1145 5453 1195 5505 sed
1211 5454 1349 5516 imprudl,
1376 5455 1470 5504 multm
1485 5459 1508 5503 sl
1524 5454 1621 5513 ineptos
1636 5452 1660 5497 st
1676 5447 1739 5495 adso

408 5540 507 5576 summo
523 5528 679 5589 mantio
696 5531 725 5579 Α.
736 5529 778 5579 W.
792 5532 896 5594 Zumpt,
913 5530 1006 5580 multae
1022 5535 1044 5579 st
1060 5532 1158 5592 inspius
1174 5534 1217 5591 ssi,
1236 5530 1360 5579 clamator
1375 5543 1473 5580 summo
1483 5527 1637 5591 impudentia
1653 5522 1737 5576 liskez

409 5602 495 5652 menis
510 5608 534 5651 st
550 5604 640 5664 ineptis
656 5604 719 5652 odeo
735 5616 858 5653 mom
874 5605 1054 5666 impudentium
1071 5603 1160 5662 Klotz,
1187 5605 1244 5670 lpse
1262 5606 1374 5655 tentavi:
1392 5606 1474 5653 multu
1490 5609 1547 5653 sunt
1562 5605 1647 5664 inepto
1662 5608 1740 5657 usquo

409 5679 444 5728 ad
460 5690 584 5726 manem
600 5679 786 5740 inprudentium
805 5707 838 5717 -
861 5680 900 5730 ⁴9.
919 5682 1101 5731 marcomirus
1118 5681 1252 5731 Corradus
1276 5706 1305 5718 -
1334 5682 1376 5730 ai.
1394 5682 1421 5729 io
1437 5682 1517 5730 storia
1534 5676 1563 5730 11ι
1583 5706 1609 5715 -
1631 5676 1672 5726 21.
1692 5674 1739 5722 cti-

409 5758 509 5802 torcum
525 5757 555 5811 Α,
574 5753 737 5802 clitborelsum
754 5755 783 5813 B,
802 5755 941 5803 ditarer-om
958 5757 990 5806 li¹
1009 5783 1036 5793 -
1060 5756 1102 5808 ai.
1121 5757 1219 5818 assequi
1237 5756 1284 5807 110
1304 5779 1331 5793 -
1351 5755 1483 5805 cdobtumo
1500 5758 1519 5806 B
1539 5780 1566 5790 ·-
1585 5754 1626 5802 25.
1638 5762 1738 5807 mames,

408 5827 454 5877 ios
470 5841 488 5878 a
504 5832 528 5877 ts
544 5828 578 5880 0:
598 5827 794 5879 distinctionem
812 5831 923 5880 mumvit
941 5833 1010 5883 iiaise
1031 5860 1058 5870 -
1076 5833 1118 5883 28.
1136 5833 1255 5895 commas·
1272 5846 1321 5897 per
1337 5832 1526 5895 compendium
1545 5829 1611 5894 [syll.
1631 5835 1658 5880 ci
1675 5842 1737 5879 cum

409 5901 521 5968 virgula)
538 5901 651 5955 as²il²z
670 5907 755 5968 cupiat
772 5904 801 5955 11Ι
811 5904 843 5955 111
861 5930 888 5942 -
908 5907 948 5958 2⁹.
966 5913 995 5958 at
1011 5909 1176 5973 neglegantur
1191 5906 1223 5960 11ι
1241 5931 1268 5945 -
1293 5908 1335 5959 30.
1353 5908 1444 5958 aalma
1459 5919 1522 5958 sade
1537 5908 1619 5958 etiam
1636 5906 1657 5956 11
1675 5907 1738 5969 (non

408 5977 1045 6047 mm.)-msrrortoisfl¹-sospl.fl0.
1528 6005 1532 6013 ·
