4342 7459
732 1260 801 1325 na
822 1258 847 1323 1.
876 1258 952 1325 cr».
973 1259 1177 1325 xix-xx.
1201 1256 1248 1345 §p
1269 1255 1413 1325 ca-cr.
1691 1253 1733 1322 oo

407 1433 463 1518 qui
484 1430 603 1495 tollunt
624 1437 655 1494 et
675 1430 756 1495 nihii
777 1450 872 1515 posse
893 1429 1014 1515 percipi
1031 1429 1156 1505 dicunt,
1178 1429 1201 1493 ii
1215 1429 1347 1494 remotis
1361 1426 1508 1493 sensibus
1522 1447 1564 1491 ne
1578 1426 1611 1491 id
1626 1428 1733 1511 ipsum

407 1524 537 1611 quidem
558 1524 708 1610 expedire
729 1531 877 1609 possunt,
906 1526 994 1609 quod
1016 1523 1184 1588 disserunt.
1219 1526 1386 1588 Praeterea
1407 1522 1530 1588 sublata
1551 1522 1734 1604 cognitione

407 1628 440 1684 et
460 1620 594 1684 scientia
622 1620 744 1685 tollitur
765 1621 868 1684 omnis
890 1621 970 1685 ratio
992 1628 1024 1684 et
1044 1621 1128 1684 vitae
1150 1617 1313 1702 degendae
1335 1626 1368 1680 et
1388 1636 1492 1681 rerum
1515 1615 1734 1698 gerendarum.

407 1714 459 1777 Sic
481 1734 499 1777 e
519 1714 661 1798 physicis
683 1721 714 1777 et
743 1713 897 1777 fortitudo
924 1716 1059 1777 sumitur
1080 1720 1188 1778 contra
1210 1713 1318 1776 mortis
1339 1712 1484 1776 timorem
1507 1717 1538 1774 et
1559 1712 1736 1774 constantia

406 1815 514 1871 contra
547 1817 665 1871 metum
698 1808 861 1891 religionis
896 1816 927 1871 et
958 1808 1079 1872 sedatio
1106 1808 1204 1871 animi
1237 1806 1377 1871 omnium
1406 1826 1512 1869 rerum
1540 1805 1759 1869 occultamus
1832 1888 1835 1895 ,

406 1902 604 1985 ignoratione
625 1903 750 1968 sublata
772 1912 803 1967 et
824 1903 999 1968 moderatio
1021 1908 1134 1965 natura
1154 1901 1363 1985 cupiditatum
1378 1899 1611 1984 generibusque
1627 1919 1735 1963 earnm

407 1997 575 2080 expiicatis
597 2005 643 2074 et,
665 2005 702 2062 ut
723 1996 818 2062 modo
841 1998 951 2071 docui,
973 1995 1164 2079 cognitionis
1185 1994 1296 2078 regula
1311 2000 1344 2057 et
1357 1993 1476 2057 iudicio
1492 1990 1533 2057 ab
1552 1993 1665 2058 eodem
1679 1993 1736 2057 iiio

407 2092 581 2155 constituto
602 2092 669 2155 veri
692 2111 712 2155 a
732 2091 813 2155 salso
837 2091 998 2154 distinctio
1020 2089 1164 2152 traditur.

489 2186 563 2247 XX
585 2182 637 2248 65.
663 2187 773 2249 Restat
800 2185 890 2248 iocus
918 2184 992 2248 huic
1014 2183 1223 2269 disputationi
1246 2182 1295 2247 vel
1318 2183 1455 2247 maxime
1477 2183 1674 2247 necessarius
1696 2180 1736 2246 de

406 2279 555 2354 amicitia,
577 2301 688 2364 quam,
711 2280 738 2342 si
754 2279 900 2362 voluptas
915 2299 1074 2342 summum
1090 2280 1132 2342 sit
1145 2278 1274 2351 honum,
1296 2276 1458 2341 affirmatis
1472 2277 1592 2341 nuliam
1607 2275 1736 2340 omnino
1746 2285 1775 2330 ⁴⁰

407 2371 493 2446 iore3
516 2371 556 2435 de
578 2392 642 2456 qua
664 2372 817 2457 Epicurus
840 2372 968 2455 quidem
991 2372 1035 2434 ita
1057 2371 1151 2447 dicit,
1180 2371 1320 2437 omnium
1342 2391 1461 2447 rerum,
1483 2391 1562 2456 quas
1583 2372 1623 2435 ad
1645 2370 1737 2434 beate

407 2466 578 2530 vivendum
594 2466 749 2551 sapientia
764 2466 1010 2549 comparaverit,
1033 2464 1113 2527 nihil
1129 2485 1199 2530 esse
1214 2466 1315 2529 maius
1329 2466 1481 2540 amicitia,
1503 2465 1583 2529 nihii
1597 2464 1738 2537 uberius,

407 2559 488 2622 nihil
510 2557 690 2624 iucundius.
733 2561 798 2622 Neo
820 2579 895 2622 vero
919 2558 981 2620 hoc
1003 2559 1147 2622 oratione
1170 2560 1287 2633 solum,
1310 2560 1365 2623 sed
1387 2559 1489 2623 multo
1512 2560 1612 2642 magis
1627 2558 1692 2624 vita
1706 2570 1739 2626 et

407 2652 499 2716 iactis
521 2661 553 2717 et
574 2655 714 2717 moribus
736 2653 961 2737 comprobarit.
998 2653 1092 2729 Quod
1116 2674 1210 2738 quam
1232 2674 1381 2736 magnum
1403 2654 1460 2728 sit,
1485 2651 1575 2718 fictae
1596 2662 1737 2720 veterum

407 2745 532 2810 fabulae
561 2749 738 2824 declarant,
766 2749 799 2810 in
829 2747 943 2831 quibus
972 2755 1036 2810 tam
1064 2748 1173 2811 multis
1199 2755 1328 2832 tamque
1349 2748 1444 2812 variis
1466 2749 1506 2813 ab
1526 2750 1637 2816 ultima
1658 2750 1776 2814 anti-⁴⁵

408 2841 528 2923 quitate
562 2843 705 2925 repetitis
739 2842 800 2904 tria
828 2842 883 2904 vix
910 2840 1082 2905 amicorum
1111 2843 1200 2924 paria
1227 2843 1443 2926 reperiuntur,
1474 2851 1511 2906 ut
1530 2844 1570 2907 ad
1593 2844 1738 2907 Orestem

407 2934 575 3017 pervenias
604 2935 765 3019 profectus
796 2956 814 2998 a
843 2934 979 2998 Theseo.
1022 2938 1062 2997 At
1089 2955 1164 2998 vero
1192 2936 1345 3019 Epicurus
1367 2956 1432 2999 una
1453 2936 1487 2999 in
1509 2938 1618 3012 domo,
1648 2944 1680 3000 st
1700 2957 1739 3001 ea

408 3028 541 3110 quidem
563 3038 712 3111 angusta,
735 3049 830 3114 quam
852 3048 983 3112 magnos
1007 3036 1189 3112 quantaque
1212 3030 1327 3092 amoris
1349 3030 1585 3113 conspiratione
1606 3051 1740 3096 consen·

408 3124 524 3186 tientes
545 3124 647 3186 tenuit
669 3123 840 3187 amicorum
863 3122 995 3206 greges!
1019 3122 1105 3206 quod
1127 3120 1162 3185 fit
1183 3124 1277 3186 etiam
1299 3143 1383 3187 nunc
1404 3124 1444 3186 ab
1465 3125 1639 3207 Epicureis.
1676 3125 1739 3189 Sed

408 3216 448 3279 ad
470 3237 539 3281 rem
560 3218 747 3280 redeamus:
770 3218 809 3280 de
831 3216 1014 3281 hominibus
1037 3216 1101 3279 dici
1122 3236 1186 3279 non
1207 3236 1339 3280 necesse
1354 3225 1411 3280 est.
1448 3216 1499 3281 66.
1515 3220 1629 3282 Tribus
1646 3219 1777 3302 igitur²⁰

411 3311 514 3375 modis
542 3311 637 3375 video
665 3331 735 3375 esse
763 3331 783 3375 a
808 3311 925 3374 nostris
957 3311 996 3373 de
1018 3310 1156 3373 amicitia
1177 3309 1379 3394 disputatum.
1414 3310 1495 3387 Alii,
1517 3332 1588 3375 cum
1611 3331 1664 3378 eas
1686 3334 1741 3377 vo·

410 3404 563 3487 luptates,
593 3425 675 3487 quae
705 3403 744 3467 ad
772 3405 890 3468 amicos
918 3403 1130 3486 pertinerent,
1158 3410 1310 3487 negarent
1339 3424 1408 3468 esse
1435 3424 1492 3487 per
1514 3424 1548 3469 se
1570 3407 1655 3488 ipsas
1676 3413 1741 3469 tam

411 3498 622 3582 expetendas,
652 3518 747 3582 quam
781 3506 904 3561 nostras
938 3506 1176 3580 expeteremus,
1206 3517 1270 3580 quo
1301 3496 1371 3561 ioco
1397 3498 1522 3562 videtur
1550 3497 1740 3582 quibusdam

411 3593 568 3655 stabilitas
591 3593 747 3656 amicitiae
769 3592 929 3667 vacillare,
956 3599 1084 3655 tuentur
1105 3600 1210 3655 tamen
1232 3610 1305 3653 enm
1326 3590 1432 3656 iocum
1453 3611 1551 3675 seque
1573 3592 1685 3669 facile,
1705 3600 1741 3655 ut

411 3685 488 3748 mihi
509 3685 652 3760 videtur,
681 3686 864 3768 expediunt
906 3686 945 3748 Ut
967 3685 1051 3748 enim
1073 3685 1220 3760 virtutes,
1246 3684 1286 3746 de
1309 3685 1422 3769 quibus
1444 3693 1517 3749 ante
1540 3686 1658 3750 dictum
1682 3690 1777 3760 ostii

411 3779 456 3842 aie
478 3778 649 3842 amicitiam
670 3787 789 3860 negant
810 3800 904 3862 posse
926 3798 943 3841 a
966 3778 1128 3862 voluptate
1149 3778 1323 3842 discedere.
1360 3781 1438 3842 Nam
1460 3799 1532 3843 cum
1554 3779 1694 3845 solitudo
1709 3788 1742 3843 et

411 3872 475 3935 rita
498 3872 568 3935 sine
591 3871 700 3935 amicis
722 3871 909 3935 insidiarum
932 3878 964 3935 et
985 3880 1088 3935 metus
1110 3872 1206 3955 plena
1226 3872 1283 3947 sit,
1311 3872 1393 3936 ratio
1415 3873 1486 3956 ipsa
1506 3879 1614 3937 monet
1634 3873 1742 3937 amici·

411 3966 470 4028 tias
493 3984 691 4049 comparare,
717 3966 835 4051 quibus
857 3966 955 4049 partis
977 3963 1181 4029 confirmatur
1202 3965 1325 4029 animus
1348 3972 1380 4029 et
1400 3984 1421 4029 a
1441 3986 1497 4050 spe
1518 3966 1742 4050 pariendarum

411 4059 612 4142 voluptatum
638 4060 762 4142 seiungi
791 4080 857 4122 non
885 4066 998 4143 potest.
1042 4056 1093 4123 67.
1115 4060 1220 4142 Atque
1241 4065 1278 4121 ut
1299 4057 1388 4133 odia,
1415 4057 1569 4136 invidiae,
1598 4059 1741 4144 despica-

413 4152 517 4215 tiones
547 4152 754 4217 adversantur
776 4153 1005 4237 voluptatibus,
1034 4154 1080 4216 sic
1110 4153 1266 4216 amicitiae
1287 4173 1353 4215 non
1375 4152 1469 4217 modo
1491 4153 1641 4217 fautrices
1662 4151 1778 4217 fide-³⁰

413 4247 570 4321 lissimae,
603 4249 658 4310 sed
686 4249 781 4311 etiam
810 4249 983 4311 effectrices
1013 4255 1088 4310 sunt
1117 4247 1312 4331 voluptatum
1334 4254 1398 4310 tam
1419 4247 1528 4310 amicis
1552 4268 1647 4332 quam
1669 4246 1751 4324 sihi,

413 4340 530 4424 quibus
559 4360 624 4402 non
648 4341 750 4404 solum
777 4342 994 4424 praesentibus
1016 4341 1180 4415 fruuntur,
1208 4340 1265 4404 sed
1287 4342 1380 4405 etiam
1402 4361 1458 4424 spe
1481 4343 1645 4424 erigcmtur
1665 4361 1742 4406 con-

414 4433 576 4517 sequentis
599 4453 634 4497 ac
657 4435 776 4517 posteri
799 4436 959 4517 temporis.
998 4436 1091 4510 Quod
1115 4436 1190 4519 quia
1211 4435 1300 4497 nulio
1322 4436 1418 4498 modo
1441 4437 1510 4499 sine
1532 4436 1670 4500 amicitia
1690 4434 1743 4499 fir·

415 4547 496 4590 mam
530 4535 562 4590 et
593 4535 777 4612 perpetuam
811 4528 1038 4592 iucunditatem
1071 4530 1155 4592 vitae
1183 4537 1291 4592 tenere
1319 4550 1506 4612 possumus,
1538 4551 1643 4616 neque
1666 4550 1741 4594 vero

415 4622 514 4705 ipsam
549 4624 717 4685 amicitiam
750 4624 849 4697 tueri,
883 4623 943 4685 uisi
973 4643 1074 4706 aeque
1103 4622 1224 4686 amicos
1251 4631 1282 4686 et
1309 4626 1541 4706 nosmetipsos
1564 4623 1779 4708 diligamus,3⁵

415 4715 531 4778 idcirco
562 4723 593 4778 et
617 4715 678 4778 hoc
700 4717 804 4800 ipsum
827 4715 962 4780 efficitur
983 4718 1016 4779 in
1038 4717 1176 4779 amicitia
1198 4724 1231 4779 et
1251 4716 1390 4780 amicitia
1413 4738 1483 4781 cum
1506 4718 1667 4801 voluptate
1689 4738 1743 4781 co·

414 4812 564 4887 nectitur3
588 4830 660 4873 uam
683 4819 714 4874 et
736 4812 890 4874 laetamur
904 4810 1074 4874 amicorum
1090 4810 1210 4874 laetitia
1224 4830 1328 4894 aeque
1345 4819 1442 4895 atque
1456 4818 1564 4877 nostra
1580 4818 1612 4875 et
1623 4811 1743 4896 pariter

481 5130 505 5181 4.
521 5139 592 5194 porte
610 5130 707 5193 percipi
726 5131 761 5179 A:
784 5128 879 5192 percipi
898 5142 968 5192 posse
990 5127 1044 5180 nu
1062 5153 1090 5164 —
1113 5127 1132 5177 ii
1148 5128 1257 5194 remotis]
1279 5127 1406 5179 tremotis
1422 5123 1466 5190 A¹;
1485 5127 1511 5178 iu'
1527 5130 1628 5181 remotis
1642 5126 1687 5191 A²;
1711 5131 1744 5191 ip

416 5205 516 5255 renuetis
532 5207 551 5256 Β
565 5232 592 5240 -
611 5207 636 5254 2.
650 5205 712 5255 tubi.
725 5203 871 5268 cognitione]
889 5209 998 5268 copnoto
1014 5204 1113 5253 motato
1129 5204 1271 5267 cogniciono
1283 5203 1301 5253 Β
1316 5204 1376 5265 (non
1388 5204 1417 5266 E)
1432 5230 1459 5240 -
1479 5202 1503 5255 4.
1517 5203 1538 5268 ο]
1550 5220 1568 5256 o
1584 5208 1643 5257 E-
1662 5210 1687 5258 s.
1700 5220 1745 5255 oc-

417 5283 543 5330 cultarum
554 5281 639 5330 om.B
654 5306 682 5317 -
701 5280 724 5328 6.
738 5281 853 5329 eorumB
869 5306 896 5316 -
915 5280 939 5329 7.
953 5280 1110 5328 docuimusss
1127 5305 1150 5315 -
1171 5279 1255 5328 eodeni
1270 5278 1312 5327 itio
1323 5277 1456 5342 (Epicuro)
1469 5279 1624 5345 Madvigius:
1646 5295 1677 5332 eo
1688 5280 1745 5331 dun

418 5357 461 5405 rua
478 5351 522 5413 A¹;
547 5358 633 5406 eudem
652 5355 696 5404 iliu
713 5352 801 5404 A²sso
820 5380 847 5390 -
873 5356 897 5405 9,
916 5354 1078 5417 disputationi
1094 5352 1140 5418 uei]
1158 5353 1364 5415 disputationibus
1379 5350 1411 5403 A¹
1430 5380 1457 5390 -
1483 5355 1523 5403 tt.
1542 5353 1746 5418 comemmorans

420 5432 484 5480 Β-
509 5431 548 5482 43.
566 5432 688 5481 iucundus
704 5432 725 5480 A
744 5455 771 5465 -
790 5443 835 5479 nec
850 5432 914 5481 AB:
932 5442 1010 5493 neque
1026 5430 1080 5479 MO
1100 5455 1126 5466 -
1146 5428 1199 5493 hoc]
1217 5429 1260 5478 ios
1275 5426 1364 5479 A¹BE
1382 5453 1410 5463 -
1430 5426 1471 5478 tt.
1489 5430 1665 5492 comprobatur
1681 5429 1743 5477 Β-

420 5508 489 5568 Quod
505 5505 591 5570 quam]
610 5508 769 5567 Quamquam
789 5508 807 5556 Β
828 5532 855 5541 -
879 5507 918 5555 ts.
938 5506 1046 5566 tumque]
1069 5510 1122 5553 tom
1139 5503 1158 5553 E
1178 5532 1206 5542 -
1231 5503 1270 5554 46.
1288 5504 1465 5566 repperiuntur
1486 5505 1506 5555 A
1527 5531 1554 5541 -
1579 5504 1619 5555 48.
1637 5502 1745 5568 quidun]

420 5584 484 5645 quod
500 5584 519 5632 Β
538 5607 565 5617 -
584 5582 625 5632 20.
645 5583 730 5645 ipitur]
749 5594 808 5645 erpo
825 5582 844 5631 Β
865 5605 891 5616 -
910 5582 952 5631 34.
971 5593 1021 5631 esse
1037 5594 1055 5630 o
1071 5579 1162 5628 nostris
1173 5581 1194 5629 A
1204 5580 1239 5628 D:
1259 5592 1276 5628 o
1291 5579 1384 5629 nostris
1398 5591 1448 5629 erte
1465 5579 1483 5629 Β
1495 5580 1564 5630 444-
1580 5579 1621 5627 22.
1639 5579 1705 5641 ipsos
1714 5580 1746 5628 A¹

422 5681 449 5693 ·-
466 5660 506 5707 25.
525 5658 607 5706 uirtus
623 5656 683 5705 E-
703 5661 778 5706 anua
795 5657 813 5705 Β
834 5683 861 5692 -
880 5657 921 5705 27.
938 5660 1022 5705 monet
1039 5655 1084 5705 BE
1098 5680 1125 5690 -
1144 5653 1185 5704 28.
1204 5657 1365 5718 continuetur
1380 5655 1429 5705 AB
1444 5682 1470 5690 -
1489 5659 1513 5705 ot
1529 5669 1546 5704 a
1562 5654 1611 5719 spe]
1630 5654 1664 5703 ud
1679 5666 1747 5716 sporn

420 5737 442 5782 et
458 5733 507 5782 AB
533 5758 560 5769 -·
585 5732 626 5781 29.
645 5737 720 5794 utque
740 5738 769 5781 ut
789 5731 855 5796 odio]
879 5737 954 5793 atoue
969 5733 1031 5781 udio
1047 5728 1092 5790 A¹;
1117 5736 1191 5793 utque
1213 5731 1271 5779 odio
1290 5724 1322 5780 A²
1340 5755 1367 5765 -
1391 5729 1489 5778 inuidia
1507 5729 1540 5788 E3
1563 5725 1661 5778 iuuidid
1678 5730 1696 5778 Β
1716 5754 1744 5766 -

421 5808 596 5869 ἀίφίεασίοηοε
611 5809 631 5857 Β
649 5810 710 5870 (non
728 5808 755 5871 Et
775 5835 802 5844 -
827 5809 867 5858 34.
887 5808 1032 5872 aspiratricct
1050 5807 1113 5855 Β-
1130 5807 1171 5856 32.
1189 5805 1268 5855 sotum
1282 5817 1330 5867 pro
1345 5803 1498 5866 presentibus
1514 5804 1534 5853 Β
1552 5829 1580 5840 -
1599 5804 1639 5856 34.
1658 5804 1709 5853 uite
1724 5808 1748 5854 ta

421 5882 561 5933 tonereBE
582 5908 608 5918 -
625 5883 747 5944 possimus
764 5884 782 5931 Β
801 5883 863 5946 (non
881 5882 909 5945 Ε)
930 5909 956 5918 -
975 5896 1053 5945 neque
1068 5883 1133 5931 AB:
1151 5894 1195 5932 nec
1211 5881 1232 5931 0
1250 5906 1277 5916 -
1300 5880 1340 5929 35.
1358 5879 1415 5943 nisi]
1432 5878 1479 5943 ipsi
1495 5880 1517 5931 A
1535 5904 1563 5918 -
1582 5879 1624 5931 36.
1641 5884 1664 5932 et
1680 5879 1747 5929 onu-

420 5956 478 6007 etto
495 5970 550 6009 om.
569 5958 605 6022 A,
623 5956 672 6011 sed
691 5959 717 6010 in
734 5970 817 6024 marg.
836 5956 956 6010 additum
972 5960 1014 6011 est
1029 5957 1147 6009 animno
1164 5983 1192 5996 -
1210 5955 1252 6008 et.
1269 5955 1348 6024 4444449
1361 5944 1403 6006 A¹.
