4342 7459
443 1241 505 1308 tna
728 1242 960 1307 annuamus
982 1239 1177 1306 Bonorum
1198 1241 1250 1304 ET
1272 1239 1472 1306 MALORUM

442 1414 578 1500 quadam
604 1412 698 1476 laude
726 1420 957 1496 anteponerent
983 1413 1122 1496 corpori,
1152 1412 1284 1476 virtutes
1306 1431 1433 1496 quoque
1461 1411 1556 1473 animi
1577 1412 1670 1474 bonis
1692 1431 1761 1475 cor-

442 1507 528 1591 poris
556 1506 800 1588 anteponebant.
843 1502 894 1569 47.
918 1504 980 1569 Sed
1008 1528 1077 1570 cum
1109 1506 1294 1590 sapientiam
1321 1505 1415 1569 totius
1436 1505 1575 1568 bominis
1597 1505 1760 1568 custodem

442 1610 474 1665 et
494 1600 737 1685 procuratricem
760 1620 829 1664 esse
850 1600 984 1675 vellent,
1007 1620 1089 1684 quae
1111 1607 1195 1664 esset
1216 1608 1346 1662 naturae
1362 1619 1466 1663 comes
1481 1608 1515 1664 et
1531 1599 1678 1673 adiutrix,
1700 1598 1762 1661 boc

442 1692 615 1778 sapientiae
638 1713 752 1756 munus
774 1713 845 1757 esse
867 1693 1025 1769 dicebant,
1047 1703 1096 1769 ut,
1118 1714 1186 1757 cnm
1207 1713 1277 1757 eum
1300 1702 1455 1768 tueretur,
1478 1695 1532 1777 qui
1546 1700 1706 1756 constaret
1720 1684 1766 1756 ex'

419 1790 547 1854 oanimu
569 1795 601 1850 et
623 1806 773 1870 corpore,
803 1788 837 1850 in
859 1797 999 1872 unoque
1020 1788 1143 1852 iuvaret
1165 1808 1235 1851 eum
1258 1807 1295 1850 ac
1317 1789 1502 1851 contineret.
1537 1788 1641 1870 Atque
1663 1786 1706 1849 ita
1728 1806 1762 1849 re

441 1883 627 1968 simpliciter
643 1882 747 1964 primo
769 1881 937 1957 collocata,
960 1869 1084 1967 r'eliqua
1099 1881 1244 1945 subtilius
1259 1889 1501 1965 persequentes,
1523 1883 1664 1964 corporis
1678 1880 1763 1943 bona

441 1978 566 2042 facilem
588 1974 746 2060 quandam
768 1977 921 2040 rationem
942 1977 1060 2040 babere
1082 1976 1269 2039 censebant:
1292 1975 1332 2039 de
1354 1975 1450 2038 animi
1472 1975 1565 2038 bonis
1586 1974 1762 2038 accuratius

442 2070 711 2156 exquirebantin
738 2071 909 2156 primisque
931 2070 1132 2154 reperiebant
1158 2089 1227 2132 esse
1256 2070 1289 2131 in
1311 2069 1351 2132 iis
1372 2069 1511 2132 iustitiae
1533 2069 1669 2143 semina,
1698 2069 1762 2152 pri·

442 2167 548 2250 mique
577 2184 618 2229 ex
647 2164 793 2227 omnibus
820 2163 1019 2249 pbilosophis
1047 2171 1160 2225 natura
1188 2163 1338 2226 tributum
1361 2181 1430 2225 esse
1453 2161 1629 2226 docuerunt
1661 2169 1696 2225 nt
1722 2162 1761 2236 ii,

405 2260 495 2346 aequi
518 2258 674 2342 procreati
696 2266 818 2334 essent,
839 2278 858 2321 a
879 2257 1133 2340 procreatoribus
1155 2265 1335 2320 amarentur
1356 2264 1404 2329 et,
1425 2255 1459 2318 id
1476 2256 1561 2340 quod
1583 2266 1761 2338 temporum

441 2355 553 2417 ordine
583 2351 747 2436 antiquius
774 2360 838 2427 est,
867 2360 902 2415 ut
923 2352 1069 2436 coniugia
1091 2352 1228 2416 virorum
1253 2359 1283 2415 et
1304 2369 1441 2413 uxorum
1464 2359 1575 2413 natura
1596 2349 1762 2412 coniuncta

441 2467 511 2513 esse
533 2447 691 2521 dicerent,
714 2465 776 2530 qua
798 2465 839 2509 ox
860 2448 957 2530 stirpe
979 2447 1138 2510 orirentur
1157 2445 1314 2509 amicitiae
1336 2444 1569 2527 cognationum.
1603 2445 1705 2528 Atque
1721 2443 1761 2507 ab

440 2543 492 2605 his
512 2540 610 2606 initiis
632 2539 765 2621 proiecti
793 2540 935 2604 omnium
965 2541 1112 2604 virtutum
1135 2548 1167 2603 et
1189 2539 1341 2621 originem
1365 2547 1397 2602 et
1417 2537 1668 2621 progressionem
1691 2557 1762 2619 per·

441 2635 541 2700 secuti
569 2642 652 2696 sunt.
700 2634 749 2695 lix
777 2654 841 2718 quo
870 2633 1053 2716 magnitudo
1082 2654 1211 2717 quoque
1237 2633 1334 2697 animi
1363 2634 1550 2707 exsistebat,
1579 2653 1642 2716 qua
1670 2631 1762 2696 facile

404 2734 550 2812 capesset
571 2727 738 2809 repugnari
760 2726 937 2809 obsistique
957 2727 1120 2800 fortunae,
1143 2728 1228 2811 quod
1251 2727 1405 2790 maximae
1423 2746 1474 2789 res
1489 2734 1596 2790 essent
1617 2726 1651 2789 in
1672 2731 1763 2809 pote·

441 2830 521 2886 state
552 2820 714 2903 sapientis.
763 2820 935 2883 Varietates
968 2830 1073 2885 autem
1103 2821 1299 2904 iniuriasque
1327 2821 1472 2885 fortunae
1499 2821 1592 2885 facile
1621 2828 1762 2884 vetemm

441 2915 703 3003 pbilosophorum
730 2916 908 2998 praeceptis
929 2916 1071 2979 instituta
1093 2915 1156 2978 vita
1178 2915 1354 2999 superabat.
1398 2911 1449 2977 48.
1471 2913 1637 2998 Principiis
1658 2920 1762 2977 autem

440 3031 460 3076 a
480 3017 592 3074 natura
614 3007 695 3071 datis
717 3009 941 3092 amplitudines
957 3010 1114 3094 quaedam
1134 3010 1291 3072 bonorum
1307 3009 1541 3084 excitabantur,
1563 3008 1676 3092 partim
1691 3027 1764 3090 pro·

439 3104 542 3169 fectae
563 3122 583 3165 a
604 3103 869 3185 contemplatione
891 3122 996 3166 rerum
1018 3104 1229 3176 occultarum,
1260 3102 1346 3185 quod
1370 3111 1437 3166 erat
1457 3103 1570 3166 insitus
1592 3100 1687 3164 menti
1710 3119 1763 3163 co·

402 3194 590 3280 uguitionis
612 3214 709 3270 amor,
732 3215 833 3279 equo
855 3197 949 3259 etiam
969 3197 1100 3260 rationis
1122 3197 1330 3278 explicandae
1350 3196 1591 3280 disserendique
1605 3195 1762 3277 cupiditas

441 3288 708 3373 consequebatur,
740 3291 890 3373 quodque
918 3289 980 3352 boc
1005 3290 1106 3354 solum
1128 3290 1244 3352 animal
1266 3298 1375 3353 natum
1397 3297 1446 3354 est
1467 3290 1595 3373 pudoris
1617 3310 1654 3353 ao
1674 3308 1763 3352 vere·

441 3384 575 3450 cundiae
604 3383 763 3467 particeps
793 3391 1011 3468 appetensque
1033 3385 1212 3447 convictum
1233 3384 1397 3446 hominum
1419 3403 1456 3447 ao
1479 3386 1673 3458 societatem,
1695 3382 1763 3446 ani·

440 3477 703 3561 madvertensque
731 3476 765 3538 in
795 3477 940 3540 omnibus
960 3477 1073 3551 rebus,
1101 3497 1179 3561 quas
1201 3485 1308 3558 ageret
1327 3485 1382 3540 aut
1404 3477 1537 3551 diceret,
1564 3485 1660 3541 utne
1683 3474 1760 3561 quid

439 3573 479 3636 ab
501 3589 540 3634 eo
562 3565 651 3632 fieret
672 3569 734 3632 nisi
755 3569 889 3633 honeste
911 3589 948 3632 ac
970 3571 1101 3645 decore,
1123 3571 1173 3632 his
1195 3570 1293 3634 initiis
1315 3580 1358 3645 et,
1380 3580 1415 3635 ut
1436 3580 1509 3635 ante
1528 3571 1612 3647 dixi,
1634 3570 1761 3635 semini·
1793 3610 1797 3619 ·

401 3665 498 3733 asbus
526 3683 546 3726 a
572 3669 685 3725 natura
715 3661 797 3725 datis
826 3664 1049 3745 temperantia,
1078 3663 1250 3738 modestia,
1276 3665 1395 3729 iustitia
1421 3673 1453 3729 et
1482 3665 1586 3728 omnis
1611 3664 1760 3728 honestas

438 3756 575 3844 perfecte
596 3753 739 3819 absoluta
761 3761 819 3819 est.

522 3850 605 3913 Vlll.
628 3843 679 3910 49.
700 3848 825 3925 Habes,
846 3849 992 3932 inquam,
1016 3849 1107 3924 Cato,
1128 3850 1260 3914 sormam
1283 3871 1411 3926 eorum,
1435 3852 1476 3915 de
1498 3853 1613 3937 quibus
1634 3852 1761 3938 loquor,

439 3944 708 4030 pbilosophorum.
745 3943 817 4019 Qua
838 3944 985 4026 exposita
1006 3944 1086 4006 scire
1108 3944 1216 4025 cupio,
1239 3963 1322 4026 quae
1344 3963 1439 4007 causa
1461 3946 1517 4020 sit,
1540 3966 1596 4010 cur
1616 3951 1700 4010 Zeno
1720 3945 1759 4009 ab

438 4039 498 4103 bac
520 4037 649 4122 antiqua
670 4038 896 4101 constitutione
919 4037 1098 4112 desciverit,
1120 4037 1271 4119 quidnam
1292 4038 1405 4101 horum
1426 4039 1465 4101 ab
1480 4059 1518 4103 eo
1542 4060 1606 4103 non
1627 4041 1668 4104 sit
1689 4060 1762 4123 pro·

401 4133 561 4199 nostum:
590 4128 718 4214 quodne
746 4150 871 4194 omnem
901 4139 1043 4194 naturam
1066 4132 1328 4194 conservatricem
1354 4132 1404 4194 sui
1426 4132 1580 4210 dixerint,
1610 4155 1650 4197 au
1673 4132 1759 4217 quod

439 4244 533 4289 omne
554 4222 670 4286 animal
691 4224 796 4306 ipsum
817 4225 876 4288 sibi
898 4225 1162 4299 commendatum,
1184 4233 1220 4287 ut
1241 4245 1276 4288 se
1298 4225 1419 4288 salvum
1440 4227 1474 4288 in
1497 4248 1553 4292 suo
1575 4249 1689 4311 genere
1711 4228 1760 4291 in·

438 4316 625 4400 oolumeque
651 4314 769 4379 vellet?
801 4337 842 4379 an
869 4319 963 4399 quod,
992 4340 1062 4382 cum
1092 4320 1234 4381 omnium
1263 4320 1376 4382 artium
1399 4317 1519 4385 liniris
1542 4331 1641 4397 esset,
1664 4341 1758 4407 quem

438 4418 549 4475 natura
576 4409 714 4473 maxime
742 4418 925 4493 quaereret,
953 4410 1037 4475 idem
1064 4413 1158 4476 statui
1180 4413 1297 4476 debere
1319 4414 1359 4476 de
1382 4416 1477 4477 totius
1499 4422 1566 4478 arte
1587 4415 1688 4489 vitae,
1717 4437 1758 4479 an

439 4504 544 4587 quod,
574 4523 645 4567 cum
674 4523 716 4568 ex
744 4506 850 4568 animo
879 4512 1096 4570 constaremus
1118 4512 1151 4569 et
1173 4526 1320 4591 corpore,
1349 4508 1481 4572 ethaeo
1503 4510 1574 4592 ipsa
1595 4518 1627 4574 et
1649 4528 1759 4574 eorum

436 4796 471 4845 B:
490 4795 600 4857 quom
615 4792 715 4857 infinite
730 4793 750 4842 0
764 4818 792 4828 -
810 4790 835 4845 l.
853 4805 911 4842 man
928 4793 1086 4856 Madvigius:
1106 4806 1159 4844 om.
1179 4793 1257 4845 codd.
1276 4797 1303 4844 et
1319 4797 1339 4845 0
1353 4820 1380 4832 -
1400 4798 1423 4847 o.
1442 4799 1556 4861 utroque]
1572 4804 1679 4863 utroque
1693 4804 1759 4853 enim

437 4872 457 4923 E
475 4898 502 4908 -
521 4871 621 4920 iuuurot
636 4880 693 4917 suan
708 4866 787 4917 codd.
800 4879 894 4917 omnes
907 4869 996 4929 (etiam
1007 4869 1050 4930 Ei:
1069 4882 1126 4919 eun
1142 4870 1242 4927 iuuaret
1257 4871 1282 4920 M
1296 4894 1324 4907 -
1343 4884 1374 4920 nc
1390 4873 1450 4922 BG:
1470 4886 1523 4923 om.
1541 4874 1573 4932 Ε;
1592 4881 1667 4939 utque
1678 4877 1757 4928 codd.

436 4944 502 4997 dett.
521 4948 549 4995 et
565 4944 598 5003 0,
616 4947 639 4992 ct
656 4944 800 4995 Goerenzio
818 4945 926 4993 auctore
943 4944 977 4994 M.
1002 4944 1041 4995 Ct.
1060 4944 1217 5005 adtolli,
1236 4959 1262 5009 p.
1276 4944 1332 5005 496,
1344 4946 1376 4996 29
1393 4946 1438 4996 ubi
1456 4947 1539 4999 adde:
1559 4949 1624 5014 Epp.
1636 4952 1672 5001 ad
1686 4953 1757 5003 Fam.

435 5020 471 5079 Χ,
484 5017 530 5078 ai,
544 5018 571 5067 t:
591 5029 623 5066 uo
638 5023 728 5068 contro
745 5044 772 5054 -
792 5019 816 5068 6.
833 5018 978 5080 simpliciter
990 5019 1075 5081 primo
1092 5021 1125 5070 B:
1144 5021 1229 5082 primo
1246 5020 1389 5081 anptninr
1405 5022 1465 5070 0-
1484 5023 1508 5073 8.
1527 5036 1576 5073 csse
1592 5026 1619 5074 in
1634 5027 1679 5088 bus
1694 5027 1756 5085 96,

434 5094 512 5144 innan
527 5092 554 5142 in
569 5092 607 5141 bis
622 5092 643 5142 0
657 5120 684 5130 -
703 5093 728 5144 9.
745 5098 841 5143 notura
857 5094 916 5143 BG:
935 5106 953 5143 u
968 5099 1064 5143 nutum
1080 5094 1109 5144 0.
1129 5093 1167 5144 Ct.
1180 5095 1215 5155 11,
1234 5092 1249 5157 5
1266 5094 1307 5143 33.
1326 5096 1373 5155 441,
1393 5093 1462 5158 566.
1480 5096 1512 5156 V,
1525 5096 1540 5160 5
1554 5100 1578 5147 i.
1598 5098 1631 5149 de
1645 5102 1722 5163 Legg.
1736 5101 1756 5161 l,

436 5167 452 5231 5
470 5167 510 5218 46.
530 5193 558 5203 ·-
575 5164 603 5229 ii]
619 5166 651 5227 bu
667 5167 687 5217 B
706 5192 735 5203 -
754 5167 794 5218 49.
812 5167 967 5217 cenulam
983 5168 1049 5218 DG:
1067 5168 1219 5217 senmurum
1236 5169 1269 5227 n;
1288 5169 1449 5218 oomnioraon
1466 5170 1524 5220 CO.
1544 5169 1620 5233 Ctl,
1639 5173 1707 5237 564.
1724 5173 1756 5234 V,

436 5240 451 5304 5
470 5241 509 5291 46.
528 5238 611 5290 acad.
630 5241 655 5301 l,
678 5239 693 5304 5
711 5242 751 5291 ao.
772 5268 798 5279 -
821 5242 864 5293 20.
882 5255 968 5303 aanor,
989 5254 1003 5292 o
1019 5256 1067 5304 quo
1084 5255 1148 5293 nos:
1171 5256 1257 5292 umore
1279 5256 1327 5305 que
1343 5243 1406 5300 BE:
1431 5258 1518 5306 omer,
1540 5258 1573 5296 eu
1589 5262 1638 5310 quo
1654 5250 1709 5300 MO
1728 5275 1756 5286 -

434 5315 599 5380 anticaudae
618 5315 724 5366 reticens
744 5317 766 5365 D
786 5342 813 5352 -
836 5317 877 5366 96.
895 5318 1035 5367 conuiciann
1055 5317 1200 5380 Madvigius
1218 5316 1289 5377 (coll.
1308 5318 1342 5369 de
1360 5319 1434 5370 Oltic.
1452 5321 1498 5381 lll,
1517 5320 1532 5384 5
1550 5322 1595 5371 it:
1620 5323 1682 5372 toltit
1697 5336 1758 5372 con-

433 5392 525 5441 uictaon
541 5390 678 5440 bununum
693 5395 717 5439 at
732 5391 895 5452 sociotutetnl:
910 5392 1078 5442 coniunctium
1094 5393 1158 5450 BE;
1176 5393 1371 5444 coniunctionem
1387 5395 1408 5445 0
1428 5420 1454 5431 -
1473 5394 1512 5460 uc]
1530 5400 1554 5445 et
1570 5398 1589 5447 B
1607 5398 1668 5460 (non
1680 5398 1707 5461 El
1730 5424 1754 5435 -

434 5464 735 5516 mvnudueruuninn
759 5490 786 5500 -
810 5464 1033 5529 23.out]ntBE
1053 5494 1080 5505 -
1105 5468 1173 5531 quid]
1192 5470 1369 5531 quodBE-
1391 5468 1433 5520 at.
1453 5471 1535 5521 ucB:
1556 5472 1615 5522 cto
1635 5472 1759 5521 -initiis

434 5546 466 5602 ct,
482 5545 512 5590 ut
527 5544 586 5590 unte
601 5539 665 5601 dici,
683 5538 814 5589 ”mindun
824 5538 968 5602 Madvigius
980 5542 1015 5603 (in
1028 5541 1183 5605 addendisi:
1202 5544 1280 5594 initiis
1296 5550 1323 5593 ut
1340 5549 1399 5594 unte
1415 5545 1470 5594 dimi
1482 5545 1614 5595 nminibin
1630 5547 1687 5605 um
1705 5546 1758 5596 ini-

434 5614 485 5675 tiis,
503 5619 531 5664 ut
547 5619 605 5665 unte
620 5614 985 5676 decimumnonum
1001 5618 1026 5668 M
1035 5618 1055 5668 0
1071 5642 1097 5655 -
1116 5618 1156 5668 27.
1175 5630 1261 5669 aarum
1276 5618 1311 5667 B:
1330 5619 1431 5669 itionum
1441 5621 1583 5670 omninno
1598 5648 1625 5659 -
1642 5621 1683 5671 99.
1696 5634 1757 5671 con·

433 5690 559 5740 stitutione
574 5690 607 5740 B:
625 5690 776 5741 nudatione
792 5690 855 5741 M0.
875 5689 913 5740 Cl.
932 5690 989 5753 53;
1007 5692 1132 5755 eleganter
1147 5692 1260 5742 beonnae
1274 5695 1433 5744 conutitutum
1446 5696 1611 5757 disciplinam.
1631 5720 1658 5730 ·-
1678 5696 1759 5757 quod·

433 5776 495 5813 nona
510 5763 560 5813 BE
578 5788 605 5799 -
624 5762 665 5814 34.
683 5765 781 5815 sulcum
797 5762 955 5815 Lambinus:
974 5770 997 5815 et
1012 5767 1110 5816 autumn
1127 5766 1205 5817 codd.
1219 5769 1246 5817 et
1262 5769 1322 5819 MO.
1343 5768 1381 5818 Ct.
1396 5770 1432 5825 11,
1452 5768 1518 5833 533.
1533 5794 1560 5805 -
1579 5768 1756 5831 incolunaequc]

434 5838 556 5889 incdoeni
573 5836 606 5898 B;
625 5838 659 5891 ct.
671 5840 744 5905 adp.
758 5839 815 5901 469,
828 5840 869 5890 ae.
881 5862 909 5877 -
928 5839 969 5890 ³2.
987 5842 1198 5903 quodDavisius:
1217 5855 1270 5893 om.
1284 5842 1362 5894 codd.
1376 5844 1434 5895 eto
1447 5868 1475 5881 -
1493 5856 1567 5908 quens
1581 5843 1646 5894 BD:
1664 5842 1755 5906 quido

437 5911 656 5967 —Maoltuz
675 5913 1027 5978 omo-nucusque.
