4342 7459
439 1226 502 1304 838
766 1230 1089 1299 Tusculanarum
1110 1231 1440 1302 discursatorem

440 1416 536 1462 aum
558 1394 639 1460 elate
662 1399 694 1458 et
715 1392 819 1476 ample
847 1391 951 1476 loqui,
979 1413 1051 1457 eum
1076 1392 1241 1457 humiliter
1260 1392 1462 1475 demisseque
1484 1391 1625 1456 sentiret
1663 1390 1771 1468 Quen

439 1492 537 1564 hene,
560 1508 623 1552 non
647 1488 829 1572 quaeritur3
852 1494 1035 1550 constanter
1055 1486 1186 1571 quidem
1207 1493 1301 1552 certe.
1333 1487 1442 1570 ltaque
1465 1485 1541 1550 mihi
1562 1486 1689 1569 placere
1703 1506 1772 1554 non

439 1586 519 1651 solet
540 1581 769 1665 consequentia
790 1579 1039 1663 reprehendere,
1062 1601 1134 1643 cum
1157 1580 1259 1664 prima
1279 1580 1481 1644 concesseris.
1511 1579 1570 1646 Hic
1585 1587 1691 1644 sutem
1706 1579 1773 1643 ele-

439 1677 640 1761 gantissimus
669 1676 808 1738 omnium
837 1674 1100 1756 philosophorum
1128 1683 1159 1737 et
1189 1674 1422 1738 eruditissimus
1447 1693 1511 1737 non
1537 1692 1652 1757 magno
1674 1693 1774 1758 opere

413 1770 696 1856 treprehenditur,
719 1788 791 1833 cum
814 1768 874 1831 tria
895 1786 1011 1849 genera
1034 1767 1113 1831 dicit
1134 1769 1307 1842 honorum
1329 1775 1464 1831 vexatur
1484 1773 1591 1831 autem
1613 1767 1654 1831 ah
1669 1768 1774 1831 omui·

439 1866 514 1939 hus,
543 1863 678 1947 primum
707 1862 740 1928 iu
770 1883 808 1925 eo
837 1861 934 1935 libro,
965 1881 1058 1943 quem
1089 1861 1214 1947 scripsit
1240 1861 1280 1925 de
1304 1863 1367 1926 sita
1395 1861 1501 1935 beata,
1530 1862 1563 1926 in
1586 1881 1653 1946 quo
1675 1860 1775 1925 multu

439 1958 593 2041 disputat,
616 1975 711 2040 quam
734 1956 775 2018 oh
798 1976 862 2017 rem
885 1955 928 2028 is,
952 1955 1005 2037 qui
1019 1962 1212 2038 torquentur,
1235 1957 1290 2039 qui
1305 1955 1471 2029 crucietur,
1493 1955 1606 2020 uentus
1620 1975 1693 2020 esse
1707 1974 1775 2019 unu

437 2053 554 2136 possit;
577 2052 610 2114 in
632 2069 671 2113 eo
693 2048 787 2113 etiam
811 2056 940 2132 putatur
954 2047 1071 2121 dicere,
1093 2048 1124 2110 in
1143 2057 1245 2113 rotem
1260 2048 1383 2113 beatem
1398 2049 1494 2114 sitam
1509 2068 1574 2111 uon
1591 2049 1774 2114 escendere.

438 2147 508 2209 Non
541 2163 676 2228 usquam
710 2141 743 2205 id
774 2141 905 2223 quidem
938 2140 1014 2204 dicit
1045 2142 1193 2215 omnino,
1224 2142 1280 2204 sed
1310 2162 1392 2225 quae
1420 2142 1512 2216 dicit,
1542 2141 1628 2208 idem
1655 2142 1773 2206 rulant.

401 2238 489 2304 scih.
519 2240 650 2303 Possum
676 2237 795 2318 igitur,
815 2236 866 2299 oui
895 2236 1103 2298 concesserim
1132 2237 1166 2298 in
1197 2235 1287 2298 malis
1312 2255 1384 2299 esse
1406 2234 1532 2302 dolores
1555 2235 1715 2318 corporis,
1738 2235 1773 2297 in

437 2333 529 2398 malis
552 2330 718 2412 nausregia
738 2328 899 2402 fortunae,
923 2328 996 2392 huic
1017 2346 1204 2395 suscensere
1227 2327 1343 2392 dicenti
1365 2349 1429 2392 non
1451 2329 1554 2393 omnis
1575 2329 1678 2393 honos
1700 2349 1773 2394 esse

437 2427 564 2500 heatos,
587 2444 658 2488 cnm
682 2423 714 2484 in
737 2423 840 2494 omnis
863 2422 964 2485 honos
987 2441 1038 2495 ea,
1061 2443 1144 2505 qnee
1164 2422 1219 2486 ille
1234 2423 1266 2485 in
1282 2422 1372 2485 malis
1387 2432 1548 2498 numerat,
1570 2423 1684 2487 eadere
1698 2443 1774 2506 pos·

438 2521 522 2585 sinti
551 2520 692 2586 Versatur
720 2516 805 2579 idem
833 2515 1071 2597 Theophrastus
1099 2525 1130 2579 et
1158 2516 1250 2580 libris
1271 2525 1303 2579 et
1324 2514 1442 2579 scholis
1464 2517 1607 2582 omnium
1628 2516 1773 2601 philoso-

438 2614 587 2699 phorum,
608 2610 694 2695 quod
719 2610 751 2671 in
775 2608 968 2682 Callisthene
990 2629 1049 2672 suo
1071 2610 1209 2674 laudarit
1228 2609 1316 2672 illam
1338 2610 1543 2675 sententiam:

400 2720 428 2766 ta
681 2704 804 2767 Vitam
827 2704 933 2785 regit
952 2702 1136 2778 fortuna,
1157 2724 1231 2770 non
1254 2704 1472 2787 sapientia.

437 2803 560 2883 Negant
586 2798 626 2862 ah
656 2797 723 2862 nllo
754 2794 944 2880 philosopho
967 2798 1136 2880 quicquam
1159 2797 1280 2862 dictum
1303 2817 1373 2862 esse
1395 2797 1588 2880 languidius.
1621 2799 1717 2862 Recte
1739 2797 1773 2862 id

438 2894 581 2980 quidem,
606 2891 664 2957 sed
693 2890 772 2955 nihil
795 2889 946 2972 intellego
969 2890 1032 2954 dici
1054 2892 1196 2973 potuisse
1218 2892 1426 2954 constantius.
1464 2891 1498 2955 Si
1522 2893 1606 2955 eninr
1628 2900 1676 2956 tot
1696 2898 1773 2956 suut

437 2990 471 3052 in
493 3006 625 3071 corpore
646 2984 743 3058 hona,
766 2991 813 3046 tot
835 2992 925 3047 extra
947 3003 1063 3066 corpus
1087 2986 1119 3048 in
1143 3004 1218 3049 casu
1233 2992 1329 3068 atque
1347 2984 1490 3058 fortuna,
1512 3005 1619 3050 nonne
1634 3005 1773 3052 conun-

438 3093 563 3149 tsneum
587 3088 636 3143 eet
657 3078 729 3163 plus
749 3077 923 3152 fortunam,
951 3097 1033 3160 quae
1056 3078 1184 3141 domina
1205 3099 1311 3143 rerum
1334 3082 1375 3144 sit
1397 3091 1430 3144 ct
1451 3089 1652 3144 externarum
1675 3079 1773 3144 etad

359 3232 365 3239 .
401 3189 553 3260 ttcorpus
575 3174 815 3257 pertinentium,
838 3191 933 3253 quum
951 3170 1116 3235 consilium
1133 3172 1261 3236 valeret
1297 3171 1347 3236 26.
1364 3175 1413 3236 dn
1428 3175 1583 3239 malumus
1597 3173 1772 3258 Epicurum

437 3270 575 3336 imitari?
609 3267 665 3351 qui
698 3267 795 3336 multa
825 3265 985 3348 praeclare
1011 3285 1109 3348 seepe
1138 3267 1234 3341 dicit;
1269 3287 1364 3350 quam
1393 3269 1475 3331 enim
1505 3268 1565 3333 sihi
1588 3277 1773 3335 constanter

438 3364 729 3445 convenienterque
751 3361 850 3435 dicat,
873 3380 936 3422 non
959 3358 1089 3422 laboret
1127 3360 1248 3423 Lsudsu
1271 3369 1398 3424 tenuem
1419 3361 1555 3426 rictum:
1584 3361 1771 3447 philosophi

438 3458 470 3523 id
491 3456 637 3542 quidem,
663 3454 719 3518 sed
747 3456 774 3518 si
800 3454 945 3517 Socrates
967 3460 1021 3517 aut
1042 3453 1247 3517 Antisthenes
1269 3455 1404 3529 diceret,
1432 3475 1497 3519 uon
1521 3457 1563 3528 ie,
1592 3458 1648 3540 qni
1672 3454 1768 3523 finem

437 3554 595 3618 honorum
619 3549 809 3633 voluptatem
825 3568 897 3614 esse
911 3547 1038 3610 dixerit.
1067 3548 1167 3627 Negat
1180 3568 1373 3631 quemquem
1389 3548 1526 3613 iucunde
1541 3570 1636 3632 posse
1652 3551 1770 3630 risere,

400 3648 499 3721 suist
521 3643 605 3708 idem
627 3643 774 3716 honeste,
805 3641 964 3724 sapienter
987 3641 1134 3723 iusteque
1157 3641 1259 3704 vivat:
1290 3642 1370 3705 nihil
1393 3644 1534 3726 gravius,
1561 3644 1642 3710 nihil
1663 3645 1772 3729 philo·

438 3739 552 3824 sophia
573 3738 711 3819 dignius,
734 3735 794 3800 nisi
816 3735 901 3799 idem
924 3732 983 3798 hoc
1001 3736 1106 3818 ipsum
1120 3734 1264 3809 honeste,
1279 3736 1450 3819 supienter,
1471 3738 1608 3804 instead
1624 3739 1772 3824 volupta-

402 3890 407 3903 .
439 3844 501 3902 tem
524 3831 665 3896 referret.
699 3828 784 3904 Quid
806 3827 918 3901 melius
942 3846 1040 3911 quam
1061 3826 1220 3893 fortunam
1236 3830 1383 3911 exiguam
1404 3831 1595 3896 intervenire
1609 3834 1770 3916 sapienti?

439 3928 494 3994 sed
517 3926 578 3992 hoc
599 3925 668 3990 isne
689 3922 780 3995 dicit,
806 3922 956 4005 quicum
979 3921 1122 3984 dolorem
1145 3941 1209 3984 non
1233 3923 1328 3988 modo
1351 3944 1533 3989 maxumum
1556 3927 1689 4004 melun,
1711 3929 1771 3996 sed

438 4022 542 4088 solum
564 4019 680 4083 malum
703 4017 797 4082 etism
820 4016 948 4090 dixerit,
972 4022 1038 4078 toto
1060 4035 1195 4099 corpore
1217 4018 1352 4100 opprimi
1375 4018 1477 4100 possit
1495 4017 1659 4085 dolorihus
1682 4042 1770 4088 seer·

402 4116 537 4182 strumis
566 4121 646 4186 tum,
676 4131 746 4173 oum
775 4110 911 4173 maxime
937 4119 1046 4173 contre
1073 4108 1229 4173 fortunam
1259 4111 1434 4191 glorietur?
1478 4109 1527 4174 27.
1556 4113 1651 4189 Quod
1681 4113 1767 4178 idern

439 4208 623 4276 melioribus
645 4206 739 4270 etiam
762 4204 866 4270 verbis
887 4203 1101 4268 Metrodorus:
1126 4205 1327 4287 Occupavi
1355 4213 1407 4278 te,
1435 4207 1555 4289 inquit,
1578 4208 1770 4283 Fortuna,

438 4314 558 4388 etque
580 4300 663 4383 cepi
687 4300 892 4380 omnisque
914 4299 1048 4363 editus
1071 4307 1160 4363 tuos
1181 4300 1415 4372 interclusi,
1438 4309 1479 4364 ut
1500 4303 1542 4365 nd
1566 4321 1621 4364 nre
1642 4301 1771 4385 adspi-

439 4418 532 4465 rare
561 4415 639 4459 non
668 4412 822 4476 posses.
862 4393 1038 4467 Praeclare,
1068 4395 1095 4456 si
1124 4395 1228 4457 Aristo
1260 4393 1355 4457 Chius
1385 4403 1439 4457 eut
1460 4394 1486 4457 si
1511 4395 1637 4458 Stoicus
1659 4398 1770 4460 Zenon

439 4490 572 4564 diceret,
595 4489 650 4571 qui
674 4489 734 4549 nisi
757 4486 843 4571 quod
866 4496 957 4570 turpe
980 4494 1064 4549 esset
1078 4487 1158 4550 nihil
1174 4487 1290 4550 malum
1308 4486 1461 4551 duceret(
1480 4491 1527 4553 Tu
1543 4510 1628 4563 sera,
1651 4491 1771 4556 lletrn·

401 4585 530 4657 ttdore,
553 4583 608 4667 qui
629 4602 723 4647 omne
747 4582 862 4646 honum
886 4583 917 4645 in
941 4581 1115 4645 visceribus
1137 4582 1351 4665 medullisque
1368 4582 1547 4648 condideris
1562 4592 1593 4647 et
1608 4581 1769 4648 delinieris

439 4698 596 4756 summum
622 4677 740 4740 honum
767 4673 855 4738 firma
877 4675 1021 4758 corporis
1046 4674 1225 4740 adlectione
1251 4678 1477 4760 explorataque
1501 4680 1564 4741 eno
1586 4700 1643 4762 spe
1669 4681 1772 4744 conti·

439 4773 522 4845 aeri,
544 4772 701 4834 Fortunae
724 4768 827 4835 aditus
849 4768 1075 4833 interclusistii
1105 4768 1175 4844 Quo
1198 4771 1316 4834 modo‘l
1339 4773 1400 4836 isto
1423 4774 1509 4836 enim
1530 4773 1616 4836 hono
1635 4774 1697 4838 iam
1712 4793 1771 4836 ex·

439 4865 552 4949 poliari
575 4872 676 4947 potes.

502 5180 527 5234 l.
545 5192 695 5243 mopsopere
715 5180 735 5229 C
759 5203 785 5215 -
814 5180 838 5229 d.
857 5180 906 5229 dici
927 5180 975 5229 GR
1000 5206 1023 5215 -
1049 5181 1073 5231 8.
1093 5179 1185 5244 rotam]
1206 5186 1290 5231 rotam
1311 5182 1337 5230 td
1359 5187 1394 5230 est
1416 5194 1494 5245 pecus
1511 5183 1636 5241 quoddam
1652 5186 1769 5235 tomenti

436 5258 506 5321 opud
520 5268 607 5320 precor
624 5255 657 5312 C,
680 5252 728 5303 sed
746 5254 772 5303 in
791 5255 810 5304 ll
827 5253 917 5306 verbis
939 5254 965 5302 td
987 5260 1022 5304 est
1033 5280 1070 5291 ·-
1081 5268 1168 5318 preses
1184 5256 1293 5320 entique
1310 5258 1459 5307 strumento
1480 5255 1547 5307 linea
1566 5257 1698 5311 subducta
1716 5263 1767 5311 est.

436 5329 502 5381 Vlde
519 5330 553 5379 sd
571 5330 581 5379 l
598 5328 614 5392 5
631 5328 671 5376 aa.
693 5354 720 5364 -
738 5328 875 5377 emendaret
891 5328 956 5384 GR;
980 5330 1148 5380 ascenderet!
1168 5357 1194 5367 -
1215 5332 1255 5380 tt.
1273 5343 1412 5382 suscensere
1428 5332 1461 5382 tt:
1481 5344 1622 5382 mucescere
1639 5333 1718 5383 GBO
1738 5359 1766 5370 -

437 5405 476 5457 ta.
494 5406 567 5457 scelte
583 5405 631 5456 Gli
651 5428 677 5437 -
697 5404 739 5454 it.
757 5403 837 5453 tuudu
853 5405 902 5453 aa
921 5407 947 5453 et
963 5406 1105 5467 (superser.
1120 5404 1178 5455 esd„
1194 5417 1229 5457 σι.
1243 5407 1281 5464 ut)
1298 5408 1317 5456 e
1339 5433 1359 5441 -
1383 5405 1416 5457 st
1443 5419 1494 5456 erse
1509 5419 1563 5457 om.
1578 5404 1608 5456 G¹
1623 5433 1647 5443 -
1669 5406 1710 5456 at.
1723 5408 1769 5471 qus·

436 5481 486 5532 Glt
504 5484 531 5531 et
547 5477 691 5542 (superscr.
712 5476 770 5527 esd.
789 5490 825 5527 m.
845 5478 868 5536 d)
886 5478 906 5528 B
926 5504 952 5514 -
977 5479 1018 5528 σε.
1037 5479 1105 5528 tutem
1122 5480 1171 5530 att
1196 5506 1222 5516 -
1247 5479 1287 5529 ³0.
1307 5481 1373 5543 quod
1392 5481 1505 5531 ides·-
1518 5481 1675 5531 ltetrodmus
1691 5493 1768 5532 oceu-

432 5558 503 5618 pnott
520 5555 619 5607 Nonius
638 5564 663 5617 p.
677 5552 734 5603 355.
756 5577 780 5589 -
802 5551 844 5602 32.
862 5554 931 5616 coepi
947 5554 966 5603 a
988 5580 1013 5589 -
1033 5553 1073 5604 33.
1094 5554 1241 5605 amrmemus
1258 5557 1302 5610 Gn
1321 5556 1484 5605 aristocchius
1496 5556 1528 5615 s,
1547 5556 1769 5607 cmmemores

435 5652 460 5668 -
482 5629 546 5680 zeno
562 5629 583 5679 0
602 5651 628 5662 -
649 5626 691 5679 ³6.
708 5629 809 5689 corpori
826 5629 876 5678 Gli
894 5654 926 5665 -
943 5630 996 5678 οιία
1013 5628 1171 5679 Lambinus:
1190 5641 1244 5679 om.
1264 5630 1326 5680 CO.
1347 5630 1385 5681 Cl.
1404 5629 1439 5681 de
1456 5629 1529 5679 Otdc.
1550 5630 1582 5680 lll
1600 5630 1615 5694 s
1634 5630 1693 5681 etr:
1712 5631 1768 5680 uite

433 5705 513 5754 emate
529 5701 603 5753 heato
620 5704 733 5765 corporis
747 5704 823 5767 ttmsu
839 5705 1014 5753 mestituttoue
1030 5704 1157 5766 eiusque
1173 5706 1472 5766 constitutionesque
1487 5703 1622 5765 ceptorum
1634 5704 1767 5767 tutusse-

433 5777 534 5828 trodoro
555 5777 675 5839 seriptum
697 5777 742 5840 est)
762 5776 909 5827 metiretur.
940 5776 1065 5828 Clemens
1085 5774 1158 5828 Alex.
1178 5778 1208 5827 ll.
1228 5778 1324 5828 strom.
1343 5792 1369 5843 p.
1388 5766 1451 5830 lid:
1473 5770 1594 5844 Ἀγαθὸν
1614 5774 1718 5841 ψυχῆς
1740 5779 1768 5830 st

433 5844 505 5902 ἄλλο
526 5844 548 5917 ἢ
570 5844 604 5902 τὸ
625 5847 736 5923 σαρκὸς
758 5844 898 5913 moruile
920 5848 1094 5917 κατάστημα
1115 5852 1163 5901 καὶ
1186 5847 1219 5903 τὸ
1242 5855 1305 5924 cept
1328 5850 1435 5919 ταύτης
1456 5850 1559 5905 πιστὸν
1584 5847 1717 5920 ἔλπισμα.
1737 5878 1764 5891 -

432 5925 554 5977 suatim
571 5922 643 5978 delet
658 5924 729 5977 esse
745 5922 763 5975 1.
781 5922 799 5975 l.
817 5938 843 5990 p.
864 5925 920 5977 tte.
942 5950 969 5963 -
988 5926 1029 5978 at.
1049 5925 1179 5990 sepulture
1188 5931 1268 5989 potest
1285 5928 1318 5979 C.
