4342 7459
679 1259 747 1322 Lm.
768 1258 808 1321 Π.
838 1258 912 1322 Ger.
935 1258 1186 1322 Lxm-va.
1213 1255 1259 1341 §s
1283 1252 1471 1322 lbb-ddd.
1671 1248 1735 1317 “7

536 1415 721 1501 Ansaque
742 1416 942 1480 funestum
964 1418 1127 1500 primast
1151 1415 1395 1482 fabricarier
1415 1435 1547 1482 ensem
1576 1437 1579 1442 ·

534 1512 579 1574 Et
600 1520 763 1593 gustare
786 1532 892 1575 manu
915 1512 1091 1574 vinctum
1115 1511 1387 1596 domitumque
1408 1514 1629 1576 iuvenum.

409 1606 510 1669 Tanta
532 1604 704 1687 putabatur
724 1606 846 1669 utilitas
861 1605 982 1689 percipi
999 1606 1150 1679 ebnbns,
1172 1613 1334 1670 uteorum
1348 1608 1521 1672 visceribus
1534 1603 1620 1669 vesci
1634 1603 1736 1667 scelos

408 1699 588 1763 baberetur.
632 1699 739 1761 LXlV.
761 1699 906 1781 Longum
927 1706 976 1761 est
998 1699 1155 1762 mulorum
1178 1701 1327 1784 persequi
1348 1701 1499 1766 utilitates
1521 1706 1553 1763 et
1566 1699 1738 1772 asinorum,

408 1812 492 1877 quae
515 1800 602 1857 certe
624 1792 664 1854 ad
694 1793 858 1855 bominum
879 1813 971 1855 usum
993 1800 1122 1874 paratae
1143 1801 1227 1858 sunt.
1271 1789 1343 1857 l60.
1365 1795 1426 1857 Sus
1447 1813 1524 1858 sero
1547 1793 1624 1877 qnid
1646 1791 1764 1856 habete

408 1894 536 1970 praeter
557 1889 685 1949 escam?
707 1886 758 1949 cui
780 1885 927 1969 quidem,
950 1906 990 1948 ne
1005 1893 1198 1968 putesceret,
1217 1888 1354 1952 animam
1369 1889 1467 1972 ipsam
1481 1907 1539 1971 pro
1554 1888 1620 1950 sale
1635 1886 1740 1950 deum

408 1979 487 2043 dicit
509 2000 580 2043 esse
602 1980 815 2066 Chrysippum
846 2000 908 2063 qna
930 1978 1066 2063 pecude,
1090 1981 1174 2063 qnod
1197 1988 1264 2044 erat
1284 1982 1324 2044 ad
1345 1980 1539 2044 vescendum
1559 1980 1740 2044 bominibus

407 2082 498 2157 apta,
526 2073 606 2136 nibil
636 2075 747 2156 genuit
772 2082 883 2137 natura
910 2073 1089 2138 fecundius.
1126 2074 1212 2149 Quid
1235 2076 1468 2139 multitudinem
1489 2075 1741 2157 coeuntemqne

408 2169 546 2251 piscium
567 2168 693 2230 dicam?
717 2167 794 2251 qaid
816 2168 948 2230 arium?
970 2188 1011 2229 ex
1033 2167 1149 2252 quibus
1168 2175 1254 2231 tanta
1269 2170 1447 2251 percipitur
1460 2165 1624 2251 voluptas,
1642 2169 1741 2231 utin·

407 2261 533 2325 terdum
563 2260 706 2341 πρόνοια
733 2267 843 2325 nostra
871 2263 1028 2344 Epicurea
1052 2259 1155 2325 fnisse
1182 2261 1338 2326 videatur.
1379 2265 1485 2347 Atque
1506 2281 1564 2326 eae
1585 2282 1626 2325 ne
1646 2272 1778 2345 cape-tt

407 2364 517 2420 rentur
549 2356 681 2441 quidem
711 2356 772 2418 nisi
800 2356 965 2419 bominum
994 2356 1117 2419 ratione
1145 2363 1242 2438 atque
1270 2354 1426 2420 sollertior
1457 2374 1652 2442 quamquam
1672 2355 1740 2418 avis

408 2450 563 2534 quasdam
585 2458 616 2513 et
638 2450 730 2513 alites
752 2458 784 2512 et
805 2449 944 2525 oscines,
971 2458 1007 2514 ut
1032 2452 1133 2514 nostri
1154 2467 1291 2532 augures
1312 2449 1488 2533 appeliant,
1514 2468 1622 2513 rerum
1642 2467 1742 2531 augn-

407 2544 580 2607 randarnm
608 2562 703 2606 cansa
730 2562 802 2606 esse
826 2552 916 2607 netas
946 2552 1103 2627 putamus.
1148 2540 1221 2605 ibt.
1244 2544 1310 2606 lam
1331 2562 1408 2607 vero
1429 2544 1583 2607 immanes
1605 2542 1741 2606 atteras

407 2638 518 2701 beluas
539 2637 752 2702 nanciscimur
771 2639 934 2713 ¹venando,
956 2646 991 2701 nt
1005 2646 1037 2699 et
1051 2656 1216 2700 vescamur
1230 2638 1270 2700 iis
1284 2644 1317 2700 et
1332 2655 1537 2701 exerceamur
1548 2638 1581 2701 in
1596 2636 1741 2701 venando

407 2732 448 2795 ad
471 2730 713 2795 similitudinem
735 2732 870 2795 bellicae
892 2731 1079 2813 disciplinae
1103 2738 1134 2792 et
1155 2737 1283 2794 utamur
1303 2730 1431 2795 domitis
1451 2739 1483 2794 et
1498 2732 1780 2807 condocetactiets

411 2835 446 2887 at
468 2825 662 2907 elephantis,
688 2825 853 2908 multaque
875 2847 914 2889 ex
937 2845 1044 2888 earum
1066 2825 1252 2907 corporibus
1272 2825 1414 2888 remedia
1434 2826 1554 2889 morbis
1577 2836 1610 2890 et
1630 2828 1742 2889 vulne·

408 2918 497 2982 ribus
519 2918 694 2992 eliciamus,
717 2921 796 2982 sicut
819 2940 859 2981 ex
873 2920 1063 3003 quibusdam
1082 2918 1234 3001 stirpibus
1250 2928 1281 2982 et
1294 2920 1416 2994 herbis,
1438 2939 1572 3003 quarum
1587 2919 1740 2984 utilitates

410 3011 576 3095 longinqui
598 3014 751 3096 temporis
773 3034 833 3077 nen
856 3022 888 3075 et
908 3013 1142 3095 periclitatione
1164 3016 1374 3097 percepimus.
1407 3014 1519 3077 Totam
1539 3014 1613 3077 licet
1626 3014 1740 3077 animis

408 3114 569 3189 tamquam
591 3107 693 3169 oculis
715 3107 848 3170 lustrare
869 3115 985 3170 terram
1007 3106 1172 3189 mariaque
1187 3108 1314 3170 omnies
1337 3126 1447 3170 cernes
1468 3107 1531 3172 iam
1553 3108 1655 3190 spatia
1675 3106 1741 3170 tro·

409 3199 511 3281 qilera
532 3208 627 3283 atque
649 3202 792 3264 inmensa
814 3220 997 3281 camporum
1014 3200 1212 3282 vestitusque
1229 3200 1436 3264 densissimos
1458 3202 1623 3274 montium,
1644 3214 1780 3283 peon-ss

409 3293 485 3355 dum
505 3302 631 3377 pastus,
655 3303 720 3358 tum
743 3295 920 3357 incredibili
943 3314 1053 3355 cursus
1076 3293 1252 3356 maritimos
1273 3294 1444 3357 celeritate.
1487 3289 1559 3355 lbi.
1580 3296 1646 3358 Nec
1666 3312 1742 3357 vero

410 3406 506 3468 supra
527 3395 660 3462 terram,
682 3389 738 3451 sed
760 3390 855 3452 etiam
878 3389 910 3450 in
933 3387 1061 3450 intumis
1083 3386 1153 3449 eius
1167 3388 1305 3451 tenebris
1324 3388 1531 3471 plurimarum
1546 3408 1652 3451 rerum
1666 3389 1744 3452 latet

410 3482 546 3555 utilitas,
570 3501 653 3565 quae
675 3482 715 3545 ad
736 3504 829 3545 nsum
853 3482 1015 3544 hominum
1038 3489 1109 3543 orta
1129 3480 1169 3543 ab
1193 3482 1375 3545 bominibus
1396 3482 1473 3545 solis
1495 3482 1664 3546 invenitur.

495 3576 590 3637 LXV.
613 3576 695 3639 illud
718 3597 808 3650 vero,
831 3577 916 3659 quod
941 3583 1073 3657 uterque
1089 3582 1227 3638 restrum
1249 3577 1378 3659 arripiet
1398 3575 1532 3639 fortasse
1550 3575 1592 3638 ed
1612 3595 1744 3659 repren-

411 3667 567 3741 dendum,
591 3669 697 3743 Cotta,
720 3672 794 3754 quia
811 3668 988 3732 Carneades
1004 3668 1150 3731 lubenter
1164 3668 1197 3729 in
1214 3668 1333 3732 Stoicos
1348 3669 1569 3743 invehebatur,
1592 3669 1781 3745 Velleiuem

413 3765 491 3847 quia
519 3762 601 3826 nibil
628 3772 691 3827 tam
718 3763 836 3827 inridet
863 3765 1019 3848 Epicurus
1041 3781 1136 3845 qnam
1158 3762 1409 3844 praedictionem
1430 3783 1536 3826 rernm
1556 3763 1745 3849 futurarum,

412 3858 489 3921 mibi
518 3856 644 3919 ridetur
666 3858 716 3921 rel
746 3877 893 3920 maxume
921 3854 1107 3920 confirmare
1129 3856 1262 3920 deornm
1284 3856 1482 3938 providentia
1503 3858 1627 3921 consoli
1648 3856 1745 3922 rebus

411 3952 570 4015 humanis.
607 3954 663 4015 Est
686 3954 769 4015 enim
794 3952 936 4033 profecto
954 3950 1117 4024 divinatio,
1140 3970 1224 4033 quae
1246 3951 1351 4014 multis
1374 3951 1466 4024 locis,
1486 3951 1601 4027 rebus,
1622 3958 1746 4036 tempo·

410 4046 498 4109 ribus
513 4055 645 4127 apparet
656 4066 728 4108 cum
743 4047 776 4107 in
791 4046 937 4129 privatis,
952 4052 1018 4106 tom
1034 4062 1181 4106 maxume
1196 4045 1230 4106 io
1240 4044 1387 4126 publicis.
1411 4039 1482 4106 t63.
1496 4045 1597 4109 Multa
1612 4053 1746 4110 cernunt

411 4139 616 4221 bornspices,
639 4140 738 4202 multa
761 4158 896 4221 augures
918 4137 1103 4219 provident,
1133 4138 1231 4200 multa
1253 4138 1386 4201 oraculis
1409 4138 1623 4214 declarantur,
1646 4139 1783 4203 multato

413 4234 704 4305 vaticinationibus,
728 4235 825 4296 multa
848 4233 993 4304 somniis,
1019 4232 1116 4295 multa
1138 4234 1308 4313 portentis,
1332 4233 1450 4317 quibus
1470 4233 1605 4315 cognitis
1626 4235 1745 4297 multae

414 4347 508 4412 saepe
532 4349 582 4390 res
605 4348 645 4390 ex
669 4328 831 4390 bominum
855 4328 1011 4389 sententia
1033 4336 1129 4409 atque
1152 4326 1287 4388 utilitate
1310 4334 1434 4407 partae,
1457 4328 1553 4390 multa
1573 4329 1667 4389 etiam
1690 4348 1746 4411 pe·

413 4422 512 4486 ricula
535 4422 670 4504 depulsa
691 4431 775 4484 sunt.
820 4423 907 4484 Haec
928 4422 1027 4503 igitur
1047 4422 1114 4482 sive
1136 4421 1185 4482 ris
1206 4420 1274 4483 sive
1295 4439 1347 4482 ars
1369 4421 1437 4484 sive
1458 4430 1570 4484 natura
1588 4419 1629 4484 ad
1644 4421 1746 4484 scien·

479 4684 502 4731 t.
518 4685 627 4745 primast
640 4683 688 4731 V1:
706 4683 790 4745 prima
805 4688 841 4732 est
853 4685 872 4731 A
885 4684 902 4731 B
915 4683 933 4732 E
944 4682 975 4729 V²
987 4683 1031 4742 (est
1047 4695 1082 4731 m.
1099 4694 1154 4731 sec.
1168 4682 1194 4731 in
1212 4693 1304 4731 rasura
1319 4683 1349 4739 A,
1369 4693 1476 4732 erasnm
1488 4682 1514 4730 in
1526 4680 1572 4743 Β);
1587 4682 1674 4744 prima
1689 4687 1746 4732 suet

413 4755 481 4820 (suot
503 4771 550 4821 pro
568 4759 599 4820 st)
618 4759 637 4808 C
656 4785 688 4794 -
710 4759 862 4820 fabricarier
882 4772 963 4807 essem
984 4763 1007 4806 et
1023 4758 1073 4806 ΑΕ
1092 4757 1134 4820 (er
1150 4757 1176 4806 in
1196 4768 1288 4806 rasura
1305 4753 1351 4816 At:
1373 4755 1617 4818 fabricariseremem
1631 4761 1656 4806 et
1673 4758 1747 4822 (post

411 4833 452 4895 rer
467 4845 602 4897 snpemer.
621 4833 656 4893 re)
675 4834 711 4891 B;
736 4834 859 4896 fabricari
876 4835 957 4897 serem
974 4838 1037 4883 emet
1053 4834 1091 4888 C:
1109 4832 1233 4895 [cerberi
1248 4831 1317 4894 (erro
1334 4832 1477 4894 [superscr.
1492 4832 1654 4897 fabricarier)
1665 4845 1747 4883 ensem

413 4912 437 4957 et
457 4906 479 4955 V
502 4933 527 4943 -·
550 4908 577 4956 t.
594 4913 698 4969 pastore
718 4908 830 4971 (litterae
848 4923 866 4956 a
885 4921 1019 4971 superscr.
1038 4909 1062 4968 e)
1087 4910 1123 4966 B:
1150 4912 1248 4972 pestere
1270 4908 1289 4957 E
1310 4930 1336 4944 -
1361 4908 1473 4956 metm
1490 4919 1559 4956 corr.
1578 4906 1638 4956 ead.
1658 4920 1694 4957 m.
1713 4920 1747 4958 er

413 4984 509 5031 aetem
526 4985 565 5040 A;
588 4982 701 5031 iunctum
722 4984 772 5032 CV
795 5011 821 5020 -
841 4985 978 5032 ismreetum
995 4985 1014 5033 C
1034 5008 1060 5019 -
1087 4982 1112 5033 3.
1128 4983 1224 5044 percipi
1240 4994 1254 5031 e
1270 4981 1461 5032 bsbssACV:
1482 4982 1745 5046 percipsebubrss83

411 5060 509 5120 percipi
525 5058 566 5106 sset
582 5058 658 5107 bobas
676 5060 712 5113 Ε;
729 5059 827 5121 percipi
844 5072 877 5108 ea
894 5057 969 5107 bobas
985 5060 1014 5107 0.
1034 5058 1072 5109 Cl.
1093 5072 1118 5122 p.
1138 5059 1196 5119 ild,
1214 5058 1256 5108 32.
1277 5083 1303 5094 -
1323 5058 1348 5109 l.
1365 5059 1491 5108 mastonem
1505 5059 1620 5121 persequi
1636 5071 1706 5109 corr.
1719 5060 1747 5110 ln

412 5135 434 5183 si
450 5134 576 5182 mamaea
591 5146 729 5196 persequar
743 5136 760 5183 B
769 5148 776 5197 ;
795 5137 856 5184 ante
873 5134 998 5182 maiorum
1015 5132 1085 5183 duae
1103 5132 1205 5183 litterae
1223 5148 1317 5185 erasae
1334 5137 1397 5185 sunt
1412 5135 1438 5183 in
1450 5134 1472 5182 V
1485 5161 1519 5172 -
1534 5136 1665 5185 mmm-uso
1675 5148 1745 5186 corr.

414 5208 1139 5272 eraseeoan-to.proaoeoV10-eaessv²:
1159 5208 1690 5270 oeoeV13beeAEtlnmatorcrasora
1708 5222 1745 5260 m.

414 5296 469 5334 sec.
490 5283 536 5344 Δὶς
555 5289 580 5333 te
596 5298 666 5333 corr.
686 5285 711 5333 in
729 5286 760 5352 ep
777 5287 815 5341 cs
833 5286 880 5335 bae
897 5286 917 5334 0
932 5308 960 5320 -
978 5288 1133 5343 caperentur
1149 5283 1220 5330 V1-
1241 5282 1280 5332 ⁴3.
1293 5287 1369 5332 eatae
1383 5296 1433 5332 esse
1451 5283 1512 5333 C-
1532 5282 1749 5334 esseminant

414 5362 436 5409 A
454 5384 482 5395 -
501 5360 574 5408 tssss
595 5385 622 5397 -
648 5365 671 5408 ct
693 5373 746 5410 om.
766 5360 796 5407 V¹
813 5386 845 5396 —
868 5361 908 5409 re.
927 5355 1094 5419 cridocesactis
1115 5363 1144 5407 ret
1165 5357 1202 5414 1³3
1226 5357 1392 5420 coedocesacti
1408 5357 1496 5405 etetV
1516 5384 1542 5394 -
1561 5360 1602 5408 tr.
1620 5361 1748 5410 etiaim

414 5433 475 5485 cod.
494 5432 736 5494 Rebdiogerieous:
756 5435 876 5497 stipemus
892 5431 931 5492 tl,
951 5432 984 5482 cl.
1005 5431 1019 5494 5
1039 5432 1095 5481 ibt.
1116 5456 1144 5468 -
1167 5444 1201 5480 ea
1218 5432 1364 5493 pmbmdam
1375 5433 1749 5497 uetitum-perceperas

415 5508 514 5559 Nonius
533 5521 557 5571 p.
571 5508 629 5557 2⁴9.
650 5534 676 5545 -
696 5509 760 5558 erbis
777 5512 795 5557 A
816 5535 844 5546 -
865 5509 904 5559 ta.
920 5508 1076 5570 percepimus
1093 5507 1129 5556 C:
1153 5508 1305 5569 percipimus
1321 5508 1431 5558 ABEV
1450 5534 1478 5544 -
1498 5509 1538 5557 ti.
1555 5520 1659 5558 cemees
1675 5523 1746 5561 corr.

416 5584 442 5633 tn
459 5595 572 5632 meres
589 5582 611 5630 V
631 5610 657 5619 -
675 5583 716 5632 2³.
735 5584 840 5632 utubios
856 5586 876 5633 A
895 5609 923 5619 -
946 5584 988 5632 26.
1006 5582 1095 5630 inridit
1111 5580 1174 5630 AV¹
1192 5604 1220 5616 -
1241 5582 1438 5644 praedictionem
1454 5584 1497 5643 (er
1514 5584 1687 5645 correctione)
1707 5585 1747 5635 ct

415 5658 628 5721 praedmmtoeem
645 5658 752 5708 ABEV
773 5684 801 5695 -
818 5659 859 5708 27.
878 5671 893 5707 a
910 5657 1000 5709 verbis
1017 5657 1121 5707 monem
1132 5658 1270 5720 pnsdeetia
1285 5671 1379 5710 mrsns
1396 5658 1488 5722 lnctplt
1504 5658 1523 5707 Ρ
1542 5681 1569 5694 ·-
1588 5660 1748 5721 prmtdmtta

418 5736 497 5795 (corr.
511 5746 544 5782 ex
559 5734 702 5796 moenem)
719 5733 759 5781 V:
774 5734 910 5796 persdeatia
926 5734 1062 5785 ABCEP
1081 5757 1109 5769 —
1126 5732 1168 5782 29.
1186 5744 1243 5781 mm
1259 5733 1414 5783 ABEPV:
1432 5732 1517 5782 ΜΟ
1537 5757 1564 5770 ·-
1582 5733 1610 5783 te
1626 5736 1747 5797 antepas-

418 5807 487 5858 blicts
503 5820 557 5858 orn.
576 5805 599 5858 il
617 5834 644 5843 -
668 5808 709 5856 30.
727 5808 942 5870 haruspicem,
965 5809 1093 5870 aruspices
1109 5807 1129 5857 E
1146 5831 1179 5844 -·
1200 5808 1291 5858 erectis
1313 5808 1422 5859 ABCV
1442 5832 1469 5843 -
1493 5807 1536 5857 ³2.
1553 5819 1586 5857 σω
1603 5807 1746 5861 Lambinus

420 5882 524 5933 stood.
543 5881 738 5946 Glogaviensts:
761 5895 815 5933 om.
834 5881 857 5934 a
875 5906 902 5918 -
925 5887 1001 5945 stpeie
1017 5888 1078 5933 ante
1096 5895 1215 5935 rasuram
1230 5883 1310 5935 nntns
1326 5882 1428 5934 llttem
1445 5879 1565 5932 bebetA
1589 5905 1617 5920 ··
1638 5883 1747 5937 amasse

420 5952 727 6023 tzuutaseamue,
745 5959 767 6009 0
785 5957 872 6009 -38,
890 5957 1177 6011 mmmmmc-
